<?xml version="1.0" encoding="UTF-8" standalone="yes"?>
<PcGts xmlns="http://schema.primaresearch.org/PAGE/gts/pagecontent/2013-07-15" xmlns:xsi="http://www.w3.org/2001/XMLSchema-instance" xsi:schemaLocation="http://schema.primaresearch.org/PAGE/gts/pagecontent/2013-07-15 http://schema.primaresearch.org/PAGE/gts/pagecontent/2013-07-15/pagecontent.xsd">
    <Metadata>
        <Creator>prov=University of Rostock/Institute of Mathematics/CITlab/Gundram Leifert/gundram.leifert@uni-rostock.de:name=ONB_Newseye_GT_M1+(htr_id=10810)::::v=2.4.2
prov=University of Rostock/Institute of Mathematics/CITlab/Tobias Gruening/tobias.gruening@uni-rostock.de:name=de.uros.citlab.module.baseline2polygon.B2PSeamMultiOriented:v=2.4.2
prov=University of Rostock/Institute of Mathematics/CITlab/Tobias Gruening/tobias.gruening@uni-rostock.de:name=/mnt/transkribus/LA/DEA/URO/LA_news_onb_att.pb:de.uros.citlab.segmentation.CITlab_LA_ML:v=2.4.2
Transkribus</Creator>
        <Created>2019-10-07T11:20:21.427+02:00</Created>
        <LastChange>2019-10-08T05:25:21.175+02:00</LastChange>
        <TranskribusMetadata docId="223968" pageId="9497370" pageNr="233" tsid="16502759" status="IN_PROGRESS" userId="40391" imgUrl="https://files.transkribus.eu/Get?id=WHXXKUAGBUXSINKIEZSWVGOV&amp;fileType=view" xmlUrl="https://files.transkribus.eu/Get?id=PQRYEDHGIFQHWYBGGHQDNDWM" imageId="6187597"/>
    </Metadata>
    <Page imageFilename="223968_0233.jpeg" imageWidth="3484" imageHeight="4352">
        <ReadingOrder>
            <OrderedGroup id="ro_1711439658980" caption="Regions reading order">
                <RegionRefIndexed index="0" regionRef="r1"/>
                <RegionRefIndexed index="1" regionRef="r2"/>
                <RegionRefIndexed index="2" regionRef="r3"/>
            </OrderedGroup>
        </ReadingOrder>
        <TextRegion orientation="0.0" id="r1" custom="readingOrder {index:0;}">
            <Coords points="283,257 283,3336 1473,3336 1473,257"/>
            <TextLine id="r1l1" custom="readingOrder {index:0;}">
                <Coords points="275,276 461,280 527,317 1181,286 1181,231 1150,217 523,222 478,252 358,215 275,230"/>
                <Baseline points="283,277 327,282 372,286 416,289 461,291 505,293 550,295 594,296 639,297 683,297 728,297 772,297 817,296 861,295 906,294 950,293 995,292 1039,290 1084,289 1128,288 1173,286"/>
                <TextEquiv>
                    <Unicode>20. Zuischenshiel</Unicode>
                </TextEquiv>
            </TextLine>
            <TextLine id="r1l2" custom="readingOrder {index:1;}">
                <Coords points="446,1146 1059,1115 1419,1137 1418,1068 991,1092 868,1065 658,1104 561,1072 445,1112"/>
                <Baseline points="454,1134 501,1133 549,1131 597,1130 645,1129 693,1128 741,1127 788,1126 836,1125 884,1124 932,1122 980,1121 1028,1120 1076,1119 1123,1118 1171,1117 1219,1116 1267,1115 1315,1114 1363,1112 1411,1111"/>
                <TextEquiv>
                    <Unicode>san hal sich gestern abend gegen 8 Uhr auf der Zeitzer</Unicode>
                </TextEquiv>
            </TextLine>
            <TextLine id="r1l3" custom="readingOrder {index:2;}">
                <Coords points="438,1182 1347,1164 1415,1152 1415,1124 437,1145"/>
                <Baseline points="446,1168 494,1169 542,1169 590,1170 638,1169 686,1169 734,1168 782,1167 830,1166 878,1165 927,1163 975,1162 1023,1160 1071,1159 1119,1157 1167,1156 1215,1155 1263,1153 1311,1152 1359,1152 1408,1151"/>
                <TextEquiv>
                    <Unicode>Straße zugetragen. Nach Kinderunart war dort der</Unicode>
                </TextEquiv>
            </TextLine>
            <TextLine id="r1l4" custom="readingOrder {index:3;}">
                <Coords points="429,1283 1403,1256 1381,1213 428,1237"/>
                <Baseline points="436,1282 486,1280 536,1279 587,1278 637,1278 688,1277 738,1276 789,1276 839,1275 890,1274 940,1273 991,1272 1041,1271 1092,1270 1142,1269 1193,1267 1243,1264 1294,1263 1344,1260 1395,1257"/>
                <TextEquiv>
                    <Unicode>Dichter Dietrich Eckart zum ersten Mal zugleich mit</Unicode>
                </TextEquiv>
            </TextLine>
            <TextLine id="r1l5" custom="readingOrder {index:4;}">
                <Coords points="450,1323 1405,1312 1404,1265 449,1288"/>
                <Baseline points="458,1322 507,1321 556,1320 606,1319 655,1319 705,1318 754,1317 803,1316 853,1315 902,1315 952,1314 1001,1313 1051,1312 1100,1311 1149,1309 1199,1308 1248,1306 1298,1305 1347,1302 1397,1300"/>
                <TextEquiv>
                    <Unicode>Leipzig die Première seines „Froschkönigs“ hatte.</Unicode>
                </TextEquiv>
            </TextLine>
            <TextLine id="r1l6" custom="readingOrder {index:5;}">
                <Coords points="437,1359 1386,1364 1419,1308 436,1319"/>
                <Baseline points="444,1356 492,1357 540,1358 589,1359 637,1359 686,1360 734,1359 782,1359 831,1358 879,1357 928,1356 976,1355 1024,1354 1073,1352 1121,1351 1170,1349 1218,1348 1266,1347 1315,1346 1363,1345 1412,1344"/>
                <TextEquiv>
                    <Unicode>Auch hier wurde das Stück ziemlich unzweideutig</Unicode>
                </TextEquiv>
            </TextLine>
            <TextLine id="r1l7" custom="readingOrder {index:6;}">
                <Coords points="450,1407 465,1414 482,1406 504,1418 539,1405 573,1408 578,1415 591,1405 625,1403 637,1409 651,1405 653,1374 633,1372 623,1360 596,1373 553,1356 524,1375 483,1360 472,1366 452,1360"/>
                <Baseline points="458,1384 484,1391 511,1396 537,1398 564,1399 590,1399 617,1398 644,1397"/>
                <TextEquiv>
                    <Unicode>sgelehnt.</Unicode>
                </TextEquiv>
            </TextLine>
            <TextLine id="r1l8" custom="readingOrder {index:7;}">
                <Coords points="496,1450 1409,1419 1371,1377 1154,1402 986,1373 907,1406 682,1389 495,1417"/>
                <Baseline points="504,1443 548,1442 593,1442 638,1441 683,1441 728,1440 773,1440 818,1439 863,1439 908,1438 953,1437 997,1436 1042,1435 1087,1434 1132,1433 1177,1432 1222,1430 1267,1429 1312,1426 1357,1424 1402,1422"/>
                <TextEquiv>
                    <Unicode>Eitel Jubel und Freude herrschte dagegen im</Unicode>
                </TextEquiv>
            </TextLine>
            <TextLine id="r1l9" custom="readingOrder {index:8;}">
                <Coords points="446,1489 1419,1456 1418,1419 875,1456 445,1436"/>
                <Baseline points="454,1486 501,1485 549,1484 597,1484 645,1483 693,1483 741,1482 788,1482 836,1481 884,1480 932,1480 980,1479 1028,1477 1076,1476 1123,1475 1171,1473 1219,1472 1267,1469 1315,1467 1363,1465 1411,1461"/>
                <TextEquiv>
                    <Unicode>Berliner Theater, wo Ferdinand Vonn unentwegt</Unicode>
                </TextEquiv>
            </TextLine>
            <TextLine id="r1l10" custom="readingOrder {index:9;}">
                <Coords points="445,1531 1315,1523 1419,1499 1419,1458 1085,1495 444,1485"/>
                <Baseline points="453,1525 500,1524 548,1524 596,1523 644,1523 692,1522 740,1522 788,1521 836,1521 884,1520 932,1520 979,1519 1027,1518 1075,1517 1123,1516 1171,1514 1219,1513 1267,1511 1315,1508 1363,1505 1411,1502"/>
                <TextEquiv>
                    <Unicode>für seinen Ruhm arbeitet, in dem er Theaterbillets</Unicode>
                </TextEquiv>
            </TextLine>
            <TextLine id="r1l11" custom="readingOrder {index:10;}">
                <Coords points="451,1573 1422,1540 1421,1508 450,1530"/>
                <Baseline points="458,1568 505,1566 553,1565 601,1564 649,1563 697,1563 745,1562 792,1561 840,1561 888,1560 936,1559 984,1559 1032,1557 1080,1557 1127,1555 1175,1553 1223,1551 1271,1549 1319,1545 1367,1542 1415,1538"/>
                <TextEquiv>
                    <Unicode>zu Hunderten an völlig unbekannte Personen ver¬</Unicode>
                </TextEquiv>
            </TextLine>
            <TextLine id="r1l12" custom="readingOrder {index:11;}">
                <Coords points="446,1609 1411,1587 1386,1543 445,1570"/>
                <Baseline points="453,1607 500,1606 548,1605 595,1604 643,1603 690,1602 738,1601 785,1601 833,1600 880,1600 928,1599 975,1598 1023,1597 1070,1597 1118,1595 1165,1593 1213,1592 1260,1589 1308,1587 1355,1584 1403,1579"/>
                <TextEquiv>
                    <Unicode>schenkt, seine Premierei mit klatschlustigen Frei¬</Unicode>
                </TextEquiv>
            </TextLine>
            <TextLine id="r1l13" custom="readingOrder {index:12;}">
                <Coords points="446,1646 1360,1636 1424,1616 1424,1583 445,1609"/>
                <Baseline points="454,1649 502,1646 550,1645 598,1643 646,1642 694,1641 742,1640 791,1639 839,1638 887,1638 935,1637 983,1636 1031,1635 1079,1634 1128,1633 1176,1632 1224,1631 1272,1628 1320,1626 1368,1624 1417,1621"/>
                <TextEquiv>
                    <Unicode>bergern vollpfroft und sogar Logenschließer und</Unicode>
                </TextEquiv>
            </TextLine>
            <TextLine id="r1l14" custom="readingOrder {index:13;}">
                <Coords points="444,1685 1315,1683 1417,1671 1416,1627 443,1651"/>
                <Baseline points="452,1688 499,1686 547,1685 595,1683 643,1682 691,1680 739,1679 787,1678 835,1677 883,1676 931,1675 978,1673 1026,1672 1074,1671 1122,1670 1170,1669 1218,1667 1266,1666 1314,1664 1362,1662 1410,1661"/>
                <TextEquiv>
                    <Unicode>Garderobefrauen zum Beifall heranzieht. Auch das</Unicode>
                </TextEquiv>
            </TextLine>
            <TextLine id="r1l15" custom="readingOrder {index:14;}">
                <Coords points="451,1733 1408,1713 1424,1673 449,1685"/>
                <Baseline points="458,1728 508,1726 558,1724 609,1722 659,1721 710,1719 760,1718 811,1717 861,1715 912,1714 962,1713 1013,1712 1063,1710 1114,1709 1164,1709 1215,1707 1265,1706 1316,1705 1366,1704 1417,1702"/>
                <TextEquiv>
                    <Unicode>neue Stück „Anne=Marie“ von Curt Berns, nach</Unicode>
                </TextEquiv>
            </TextLine>
            <TextLine id="r1l16" custom="readingOrder {index:15;}">
                <Coords points="450,1773 1413,1744 1412,1712 1306,1702 449,1734"/>
                <Baseline points="458,1768 505,1766 552,1764 600,1762 647,1761 695,1759 742,1758 789,1757 837,1755 884,1755 932,1753 979,1752 1026,1751 1074,1750 1121,1749 1169,1748 1216,1746 1263,1744 1311,1743 1358,1741 1406,1739"/>
                <TextEquiv>
                    <Unicode>einer Idee Israel Zangwills, entpuppte sich als</Unicode>
                </TextEquiv>
            </TextLine>
            <TextLine id="r1l17" custom="readingOrder {index:16;}">
                <Coords points="445,1808 1402,1791 1420,1746 444,1775"/>
                <Baseline points="452,1807 500,1804 548,1801 596,1798 644,1797 692,1795 740,1794 788,1793 836,1793 884,1792 932,1791 980,1791 1028,1790 1076,1789 1124,1788 1172,1787 1220,1785 1268,1783 1316,1781 1364,1779 1413,1775"/>
                <TextEquiv>
                    <Unicode>eine unendlich wertlose Arbeit. Frau Marie Bonn</Unicode>
                </TextEquiv>
            </TextLine>
            <TextLine id="r1l18" custom="readingOrder {index:17;}">
                <Coords points="454,1844 1422,1832 1420,1789 1294,1780 454,1813"/>
                <Baseline points="462,1847 509,1845 557,1842 604,1841 652,1839 700,1838 747,1836 795,1835 842,1834 890,1832 938,1831 985,1830 1033,1829 1080,1828 1128,1827 1176,1825 1223,1824 1271,1823 1318,1821 1366,1819 1414,1817"/>
                <TextEquiv>
                    <Unicode>gab wieder untrügliche Beweise einer völligen</Unicode>
                </TextEquiv>
            </TextLine>
            <TextLine id="r1l19" custom="readingOrder {index:18;}">
                <Coords points="444,1890 1405,1871 1426,1832 922,1824 444,1862"/>
                <Baseline points="452,1885 500,1884 548,1883 597,1882 645,1880 693,1878 742,1877 790,1875 838,1874 887,1872 935,1870 983,1869 1032,1867 1080,1865 1128,1864 1177,1863 1225,1862 1273,1861 1322,1861 1370,1861 1419,1861"/>
                <TextEquiv>
                    <Unicode>Talentlosigkeit Da darf es denn nicht wundern,</Unicode>
                </TextEquiv>
            </TextLine>
            <TextLine id="r1l20" custom="readingOrder {index:19;}">
                <Coords points="445,1910 754,1929 1429,1886 1428,1859 445,1895"/>
                <Baseline points="454,1925 502,1923 550,1921 599,1919 647,1918 695,1916 744,1915 792,1913 840,1912 889,1911 937,1910 985,1908 1034,1908 1082,1906 1130,1905 1179,1904 1227,1903 1275,1901 1324,1899 1372,1897 1421,1895"/>
                <TextEquiv>
                    <Unicode>wenn da die Zuhörer von Logenschließern an der</Unicode>
                </TextEquiv>
            </TextLine>
            <TextLine id="r1l21" custom="readingOrder {index:20;}">
                <Coords points="458,1965 1431,1953 1429,1885 457,1935"/>
                <Baseline points="466,1965 513,1963 561,1963 609,1961 657,1960 705,1959 753,1957 800,1956 848,1955 896,1953 944,1951 992,1950 1040,1949 1088,1947 1135,1945 1183,1944 1231,1943 1279,1941 1327,1939 1375,1937 1423,1935"/>
                <TextEquiv>
                    <Unicode>Aeußerung des Mißfallens verhindert werden und</Unicode>
                </TextEquiv>
            </TextLine>
            <TextLine id="r1l22" custom="readingOrder {index:21;}">
                <Coords points="448,2010 1432,1977 1431,1948 1378,1942 447,1962"/>
                <Baseline points="456,2004 504,2003 552,2002 601,2001 649,2000 697,1999 746,1997 794,1996 842,1994 891,1993 939,1991 987,1989 1036,1988 1084,1986 1132,1984 1181,1982 1229,1981 1277,1979 1326,1977 1374,1975 1423,1973"/>
                <TextEquiv>
                    <Unicode>das Parkett mit durchaus beifallssicheren Leuten ge¬</Unicode>
                </TextEquiv>
            </TextLine>
            <TextLine id="r1l23" custom="readingOrder {index:22;}">
                <Coords points="947,2030 1031,2044 1185,2021 1439,2029 1426,1974 1368,1991 1207,1982 1183,1997 1161,1985 946,1999"/>
                <Baseline points="955,2025 980,2026 1005,2026 1030,2026 1055,2026 1080,2026 1105,2026 1130,2026 1155,2025 1180,2024 1205,2024 1230,2022 1255,2022 1280,2020 1305,2019 1330,2018 1355,2016 1380,2014 1405,2013 1431,2011"/>
                <TextEquiv>
                    <Unicode>Schauspieler des eigenen</Unicode>
                </TextEquiv>
            </TextLine>
            <TextLine id="r1l24" custom="readingOrder {index:23;}">
                <Coords points="460,2053 947,2036 946,2008 900,2014 872,1997 791,2009 692,1998 676,2015 606,2001 566,2013 551,1998 459,2009"/>
                <Baseline points="467,2044 493,2043 519,2042 545,2040 571,2040 598,2039 624,2038 650,2037 676,2036 703,2035 729,2034 755,2033 781,2032 807,2031 834,2031 860,2030 886,2030 912,2029 939,2029"/>
                <TextEquiv>
                    <Unicode>füllt ist — wenn die ...</Unicode>
                </TextEquiv>
            </TextLine>
            <TextLine id="r1l25" custom="readingOrder {index:24;}">
                <Coords points="465,2082 947,2084 1035,2050 1424,2070 1440,2027 464,2051"/>
                <Baseline points="472,2085 520,2082 568,2080 616,2078 664,2076 712,2074 760,2073 808,2072 856,2071 904,2070 952,2069 1000,2068 1048,2067 1096,2066 1144,2065 1192,2063 1240,2062 1288,2060 1336,2058 1384,2056 1433,2053"/>
                <TextEquiv>
                    <Unicode>Theaters zu spielen anfangen. So tat es Fräulein</Unicode>
                </TextEquiv>
            </TextLine>
            <TextLine id="r1l26" custom="readingOrder {index:25;}">
                <Coords points="455,2127 1429,2102 1428,2064 1370,2058 454,2087"/>
                <Baseline points="462,2128 510,2125 558,2122 606,2120 654,2118 702,2116 750,2114 798,2113 846,2111 894,2110 942,2109 990,2107 1038,2106 1086,2104 1134,2103 1182,2102 1230,2100 1278,2098 1326,2096 1374,2095 1422,2092"/>
                <TextEquiv>
                    <Unicode>Felicitas Cerigioli, die ihre Direktorin für ihre</Unicode>
                </TextEquiv>
            </TextLine>
            <TextLine id="r1l27" custom="readingOrder {index:26;}">
                <Coords points="453,2163 1395,2149 1438,2122 1357,2099 1020,2130 852,2109 739,2141 659,2113 452,2124"/>
                <Baseline points="461,2166 509,2164 557,2163 606,2161 654,2159 703,2157 751,2156 800,2154 848,2152 897,2151 945,2149 993,2148 1042,2145 1090,2144 1139,2142 1187,2140 1236,2139 1284,2137 1333,2135 1381,2133 1430,2132"/>
                <TextEquiv>
                    <Unicode>Leistung als „Jungfrau von Orleaus“ von der</Unicode>
                </TextEquiv>
            </TextLine>
            <TextLine id="r1l28" custom="readingOrder {index:27;}">
                <Coords points="451,2197 1227,2198 1418,2181 1436,2122 1397,2148 450,2174"/>
                <Baseline points="459,2203 507,2201 556,2199 604,2197 653,2196 701,2194 750,2192 798,2190 847,2189 895,2188 944,2186 993,2184 1041,2183 1090,2182 1138,2180 1187,2179 1235,2178 1284,2176 1332,2175 1381,2173 1430,2172"/>
                <TextEquiv>
                    <Unicode>Bühne herab auszischte. Fräulein Cerigioli wurde</Unicode>
                </TextEquiv>
            </TextLine>
            <TextLine id="r1l29" custom="readingOrder {index:28;}">
                <Coords points="466,2252 1429,2212 1428,2177 1396,2176 465,2206"/>
                <Baseline points="474,2244 521,2242 568,2239 616,2236 663,2234 710,2233 758,2231 805,2229 852,2228 900,2227 947,2225 994,2224 1042,2223 1089,2222 1136,2221 1184,2219 1231,2218 1278,2216 1326,2215 1373,2212 1421,2211"/>
                <TextEquiv>
                    <Unicode>sofort entlassen. Aber kühn erwiderte sie ihrem</Unicode>
                </TextEquiv>
            </TextLine>
            <TextLine id="r1l30" custom="readingOrder {index:29;}">
                <Coords points="466,2278 1433,2264 1431,2210 465,2255"/>
                <Baseline points="473,2283 520,2281 568,2279 615,2277 663,2275 711,2274 758,2271 806,2270 853,2269 901,2267 949,2266 996,2264 1044,2263 1091,2261 1139,2260 1187,2258 1234,2257 1282,2256 1329,2254 1377,2251 1425,2249"/>
                <TextEquiv>
                    <Unicode>Direktor: „Ich bin froh, daß ich auf diese Weise ohne</Unicode>
                </TextEquiv>
            </TextLine>
            <TextLine id="r1l31" custom="readingOrder {index:30;}">
                <Coords points="462,2315 1174,2316 1390,2287 1375,2257 461,2285"/>
                <Baseline points="470,2320 515,2319 561,2318 606,2316 652,2316 698,2314 743,2313 789,2312 835,2311 880,2309 926,2308 972,2307 1017,2305 1063,2304 1109,2302 1154,2300 1200,2299 1246,2297 1291,2295 1337,2292 1383,2290"/>
                <TextEquiv>
                    <Unicode>Konventionalstrafe aus Ihrem Theater komme.“</Unicode>
                </TextEquiv>
            </TextLine>
            <TextLine id="r1l32" custom="readingOrder {index:31;}">
                <Coords points="508,2368 1445,2332 1444,2304 1373,2293 507,2334"/>
                <Baseline points="515,2361 561,2360 607,2358 653,2357 699,2355 745,2354 791,2353 837,2352 883,2350 929,2349 976,2347 1022,2346 1068,2345 1114,2343 1160,2341 1206,2340 1252,2339 1298,2338 1344,2336 1390,2334 1437,2333"/>
                <TextEquiv>
                    <Unicode>Fräulein Prome de Tréville, die im Theater!</Unicode>
                </TextEquiv>
            </TextLine>
            <TextLine id="r1l33" custom="readingOrder {index:32;}">
                <Coords points="465,2413 1432,2380 1407,2342 464,2370"/>
                <Baseline points="472,2401 519,2400 567,2399 614,2398 662,2397 710,2396 757,2394 805,2393 852,2391 900,2390 948,2389 995,2387 1043,2385 1090,2384 1138,2383 1186,2381 1233,2380 1281,2378 1328,2377 1376,2376 1424,2374"/>
                <TextEquiv>
                    <Unicode>des Westens als Rosine im Barbier“ gastierte, ver¬</Unicode>
                </TextEquiv>
            </TextLine>
            <TextLine id="r1l34" custom="readingOrder {index:33;}">
                <Coords points="466,2458 1372,2430 1437,2391 983,2374 465,2414"/>
                <Baseline points="474,2444 521,2441 569,2440 617,2437 665,2436 713,2434 760,2434 808,2432 856,2431 904,2430 952,2430 999,2429 1047,2428 1095,2427 1143,2425 1191,2424 1238,2423 1286,2421 1334,2418 1382,2416 1430,2413"/>
                <TextEquiv>
                    <Unicode>fügt über eine außergewöhnlich hübsche und gut ge¬</Unicode>
                </TextEquiv>
            </TextLine>
            <TextLine id="r1l35" custom="readingOrder {index:34;}">
                <Coords points="462,2506 1015,2460 1297,2475 1439,2460 1438,2416 461,2457"/>
                <Baseline points="469,2483 517,2481 565,2479 613,2476 661,2475 709,2473 757,2472 805,2471 853,2470 901,2469 950,2468 998,2467 1046,2466 1094,2464 1142,2463 1190,2461 1238,2460 1286,2457 1334,2455 1382,2453 1431,2449"/>
                <TextEquiv>
                    <Unicode>bildete Stimme, wenngleich weder Vortrag noch</Unicode>
                </TextEquiv>
            </TextLine>
            <TextLine id="r1l36" custom="readingOrder {index:35;}">
                <Coords points="463,2529 1442,2496 1441,2468 1330,2456 463,2505"/>
                <Baseline points="471,2526 519,2523 567,2521 615,2519 663,2516 711,2515 759,2513 808,2511 856,2510 904,2508 952,2507 1000,2506 1048,2504 1096,2504 1145,2502 1193,2501 1241,2500 1289,2499 1337,2498 1385,2497 1434,2496"/>
                <TextEquiv>
                    <Unicode>Spiel auf eine höhere Begabung ihrer Kunst</Unicode>
                </TextEquiv>
            </TextLine>
            <TextLine id="r1l37" custom="readingOrder {index:36;}">
                <Coords points="1034,2547 1158,2546 1177,2556 1223,2542 1356,2547 1408,2531 1408,2507 1363,2500 1317,2511 1295,2497 1222,2512 1183,2497 1150,2515 1033,2515"/>
                <Baseline points="1041,2543 1066,2543 1092,2542 1118,2542 1143,2541 1169,2541 1195,2540 1221,2539 1246,2538 1272,2538 1298,2537 1323,2536 1349,2535 1375,2535 1401,2534"/>
                <TextEquiv>
                    <Unicode>Paul Schlesinger.</Unicode>
                </TextEquiv>
            </TextLine>
            <TextLine id="r1l38" custom="readingOrder {index:37;}">
                <Coords points="460,2579 718,2572 794,2542 793,2523 726,2524 710,2512 690,2513 677,2528 583,2522 560,2532 535,2523 525,2532 483,2522 458,2536"/>
                <Baseline points="467,2565 493,2564 520,2563 547,2562 573,2560 600,2559 627,2557 653,2555 680,2554 707,2552 733,2552 760,2551 787,2551"/>
                <TextEquiv>
                    <Unicode>schließen lassen.</Unicode>
                </TextEquiv>
            </TextLine>
            <TextLine id="r1l39" custom="readingOrder {index:38;}">
                <Coords points="522,2608 1339,2605 1450,2585 1449,2550 521,2579"/>
                <Baseline points="530,2614 575,2613 621,2612 666,2611 712,2610 758,2608 803,2607 849,2604 895,2603 940,2601 986,2598 1032,2596 1077,2594 1123,2592 1169,2590 1214,2589 1260,2587 1306,2586 1351,2585 1397,2584 1443,2583"/>
                <TextEquiv>
                    <Unicode>Viertes Philharnonisches Konzert des Winder¬</Unicode>
                </TextEquiv>
            </TextLine>
            <TextLine id="r1l40" custom="readingOrder {index:39;}">
                <Coords points="1295,2641 1319,2632 1339,2642 1351,2631 1382,2635 1389,2630 1443,2630 1441,2598 1398,2601 1388,2593 1366,2592 1352,2594 1329,2612 1308,2601 1291,2602"/>
                <Baseline points="1302,2632 1328,2630 1354,2627 1381,2625 1407,2623 1434,2622"/>
                <TextEquiv>
                    <Unicode>„Sin¬</Unicode>
                </TextEquiv>
            </TextLine>
            <TextLine id="r1l41" custom="readingOrder {index:40;}">
                <Coords points="461,2651 658,2671 788,2643 1291,2637 1290,2603 1256,2594 460,2616"/>
                <Baseline points="469,2660 509,2659 550,2657 591,2656 631,2654 672,2652 713,2650 753,2649 794,2647 835,2646 876,2644 916,2642 957,2641 998,2639 1038,2637 1079,2636 1120,2635 1160,2634 1201,2633 1242,2633 1283,2632"/>
                <TextEquiv>
                    <Unicode>stein=Orchesters. (Erster Moderner Abend.)</Unicode>
                </TextEquiv>
            </TextLine>
            <TextLine id="r1l42" custom="readingOrder {index:41;}">
                <Coords points="473,2702 1449,2660 1417,2629 472,2658"/>
                <Baseline points="481,2698 529,2696 577,2694 625,2693 673,2691 721,2689 769,2688 817,2686 865,2685 913,2684 961,2682 1009,2681 1057,2679 1105,2678 1153,2676 1201,2674 1249,2672 1297,2670 1345,2667 1393,2666 1441,2663"/>
                <TextEquiv>
                    <Unicode>sonie in vier Bildern nach dem dramatischen Gedicht</Unicode>
                </TextEquiv>
            </TextLine>
            <TextLine id="r1l43" custom="readingOrder {index:42;}">
                <Coords points="469,2742 1318,2729 1443,2707 1442,2668 467,2699"/>
                <Baseline points="476,2735 526,2734 576,2733 627,2731 677,2730 728,2729 778,2727 829,2726 879,2724 930,2723 980,2722 1031,2720 1081,2718 1132,2716 1182,2714 1233,2712 1283,2710 1334,2708 1384,2706 1435,2703"/>
                <TextEquiv>
                    <Unicode>Byrons“ lautet der Untertitel des Tschaikowsky'schen</Unicode>
                </TextEquiv>
            </TextLine>
            <TextLine id="r1l44" custom="readingOrder {index:43;}">
                <Coords points="479,2776 1452,2744 1450,2711 1403,2708 478,2752"/>
                <Baseline points="487,2778 534,2775 582,2773 630,2771 678,2770 726,2768 773,2766 821,2765 869,2764 917,2762 965,2761 1012,2759 1060,2758 1108,2756 1156,2754 1204,2753 1251,2750 1299,2747 1347,2745 1395,2741 1443,2738"/>
                <TextEquiv>
                    <Unicode>„Manfred“, und man kann sich denken, wie allein</Unicode>
                </TextEquiv>
            </TextLine>
            <TextLine id="r1l45" custom="readingOrder {index:44;}">
                <Coords points="469,2806 1116,2811 1455,2776 1439,2742 468,2772"/>
                <Baseline points="477,2814 525,2812 574,2810 622,2808 671,2806 719,2805 768,2804 816,2803 865,2801 913,2800 962,2800 1010,2798 1059,2797 1107,2795 1156,2794 1204,2792 1253,2790 1301,2787 1350,2784 1398,2781 1447,2777"/>
                <TextEquiv>
                    <Unicode>dieser Titel schon den geschworenen Gegner einer</Unicode>
                </TextEquiv>
            </TextLine>
            <TextLine id="r1l46" custom="readingOrder {index:45;}">
                <Coords points="476,2860 715,2857 780,2825 838,2852 1438,2828 1436,2790 1183,2783 475,2825"/>
                <Baseline points="483,2856 530,2853 577,2850 624,2847 672,2845 719,2843 766,2842 814,2841 861,2839 908,2838 956,2837 1003,2836 1050,2835 1097,2834 1145,2832 1192,2831 1239,2828 1287,2826 1334,2823 1381,2819 1429,2816"/>
                <TextEquiv>
                    <Unicode>„Programmusik“ in Harnisch zu bringen vermag.</Unicode>
                </TextEquiv>
            </TextLine>
            <TextLine id="r1l47" custom="readingOrder {index:46;}">
                <Coords points="467,2887 1376,2875 1446,2869 1445,2835 1005,2855 794,2827 466,2859"/>
                <Baseline points="475,2893 523,2891 571,2889 619,2887 667,2885 715,2883 763,2881 812,2879 860,2878 908,2876 956,2875 1004,2873 1052,2872 1100,2870 1149,2868 1197,2867 1245,2865 1293,2863 1341,2862 1389,2860 1438,2858"/>
                <TextEquiv>
                    <Unicode>Nicht ganz mit Unrecht: „in vier Bildern“, das lesen</Unicode>
                </TextEquiv>
            </TextLine>
            <TextLine id="r1l48" custom="readingOrder {index:47;}">
                <Coords points="474,2924 1430,2910 1444,2871 473,2904"/>
                <Baseline points="482,2933 529,2931 577,2928 625,2926 673,2924 720,2922 768,2921 816,2919 864,2917 911,2916 959,2915 1007,2914 1055,2913 1102,2911 1150,2909 1198,2908 1246,2906 1293,2904 1341,2902 1389,2900 1437,2897"/>
                <TextEquiv>
                    <Unicode>wir auch über einem Drama nicht gerne, das deutet</Unicode>
                </TextEquiv>
            </TextLine>
            <TextLine id="r1l49" custom="readingOrder {index:48;}">
                <Coords points="482,2968 1449,2950 1447,2905 1315,2898 480,2931"/>
                <Baseline points="489,2971 536,2969 584,2968 631,2965 679,2964 727,2962 774,2961 822,2959 869,2957 917,2956 965,2954 1012,2952 1060,2951 1107,2949 1155,2948 1203,2945 1250,2943 1298,2941 1345,2938 1393,2935 1441,2933"/>
                <TextEquiv>
                    <Unicode>darauf hin, daß der innere Jusammenhang zwischen den</Unicode>
                </TextEquiv>
            </TextLine>
            <TextLine id="r1l50" custom="readingOrder {index:49;}">
                <Coords points="467,3008 957,3013 1447,2970 1349,2944 466,2982"/>
                <Baseline points="475,3010 523,3008 571,3006 619,3005 667,3003 716,3001 764,3000 812,2999 860,2997 908,2996 957,2994 1005,2992 1053,2991 1101,2989 1149,2987 1198,2986 1246,2984 1294,2982 1342,2980 1390,2978 1439,2975"/>
                <TextEquiv>
                    <Unicode>einzelnen,Bildern“ zu wünschen übrigläßt und der drama¬</Unicode>
                </TextEquiv>
            </TextLine>
            <TextLine id="r1l51" custom="readingOrder {index:50;}">
                <Coords points="476,3050 1409,3030 1446,2982 475,3021"/>
                <Baseline points="483,3049 530,3047 578,3046 626,3044 674,3043 722,3041 769,3040 817,3038 865,3036 913,3035 961,3033 1008,3031 1056,3029 1104,3028 1152,3026 1200,3023 1247,3021 1295,3019 1343,3017 1391,3015 1439,3012"/>
                <TextEquiv>
                    <Unicode>tische Funke vom einen zum andern Bilde nur mit Mühe</Unicode>
                </TextEquiv>
            </TextLine>
            <TextLine id="r1l52" custom="readingOrder {index:51;}">
                <Coords points="476,3098 1449,3060 1418,3019 475,3064"/>
                <Baseline points="484,3091 531,3088 579,3086 627,3084 675,3081 723,3080 771,3078 818,3076 866,3075 914,3073 962,3072 1010,3070 1058,3068 1106,3067 1153,3065 1201,3063 1249,3062 1297,3060 1345,3058 1393,3056 1441,3054"/>
                <TextEquiv>
                    <Unicode>überspringt. Die Sätze einer Beethoven=Sinsonie wird</Unicode>
                </TextEquiv>
            </TextLine>
            <TextLine id="r1l53" custom="readingOrder {index:52;}">
                <Coords points="479,3120 1455,3106 1453,3053 478,3100"/>
                <Baseline points="486,3130 534,3126 582,3124 630,3121 678,3118 726,3116 774,3115 822,3113 870,3111 918,3110 966,3109 1014,3108 1062,3106 1110,3105 1158,3104 1206,3102 1254,3101 1302,3099 1350,3097 1398,3095 1447,3093"/>
                <TextEquiv>
                    <Unicode>man niemals „Bilder“ nennen können, — schon weil</Unicode>
                </TextEquiv>
            </TextLine>
            <TextLine id="r1l54" custom="readingOrder {index:53;}">
                <Coords points="477,3170 1460,3136 1459,3105 1361,3097 476,3135"/>
                <Baseline points="485,3165 533,3163 581,3161 630,3159 678,3157 727,3156 775,3154 823,3153 872,3151 920,3150 969,3149 1017,3148 1065,3146 1114,3145 1162,3143 1211,3142 1259,3140 1307,3138 1356,3136 1404,3134 1453,3131"/>
                <TextEquiv>
                    <Unicode>sie auch in sich selbst jeder voll dramatischen oder,</Unicode>
                </TextEquiv>
            </TextLine>
            <TextLine id="r1l55" custom="readingOrder {index:54;}">
                <Coords points="476,3211 1455,3171 1453,3139 1375,3136 475,3172"/>
                <Baseline points="484,3210 532,3206 580,3202 628,3198 676,3195 724,3193 772,3191 821,3189 869,3187 917,3186 965,3185 1013,3184 1061,3182 1109,3181 1158,3180 1206,3179 1254,3178 1302,3177 1350,3175 1398,3174 1447,3172"/>
                <TextEquiv>
                    <Unicode>einfacher, voll bewegten Lebens sind. Aber ist auch</Unicode>
                </TextEquiv>
            </TextLine>
            <TextLine id="r1l56" custom="readingOrder {index:55;}">
                <Coords points="487,3251 1262,3231 1465,3193 1293,3170 485,3211"/>
                <Baseline points="494,3244 542,3242 590,3240 638,3238 686,3235 735,3232 783,3230 831,3229 879,3227 927,3224 976,3222 1024,3221 1072,3218 1120,3217 1168,3215 1217,3213 1265,3211 1313,3210 1361,3207 1409,3206 1458,3204"/>
                <TextEquiv>
                    <Unicode>die Unterströmung im Tschailowskyschen „Manfred“:</Unicode>
                </TextEquiv>
            </TextLine>
            <TextLine id="r1l57" custom="readingOrder {index:56;}">
                <Coords points="489,3285 1390,3262 1458,3246 1457,3200 488,3254"/>
                <Baseline points="496,3282 543,3280 591,3278 639,3277 687,3275 734,3273 782,3272 830,3270 878,3269 925,3268 973,3266 1021,3264 1069,3263 1116,3261 1164,3260 1212,3258 1260,3255 1307,3253 1355,3251 1403,3248 1451,3245"/>
                <TextEquiv>
                    <Unicode>keine ungebrochene, so gibt voch die Gestalt des Titel¬</Unicode>
                </TextEquiv>
            </TextLine>
            <TextLine id="r1l58" custom="readingOrder {index:57;}">
                <Coords points="492,3342 1451,3313 1481,3300 1479,3236 1327,3270 490,3289"/>
                <Baseline points="499,3326 547,3323 596,3320 645,3317 693,3315 742,3313 791,3312 839,3310 888,3309 937,3307 986,3306 1034,3305 1083,3304 1132,3303 1180,3301 1229,3300 1278,3299 1326,3298 1375,3296 1424,3295 1473,3293"/>
                <TextEquiv>
                    <Unicode>heiden — wenn man in einer Sinsonie von einem</Unicode>
                </TextEquiv>
            </TextLine>
            <TextEquiv>
                <Unicode>20. Zuischenshiel
san hal sich gestern abend gegen 8 Uhr auf der Zeitzer
Straße zugetragen. Nach Kinderunart war dort der
Dichter Dietrich Eckart zum ersten Mal zugleich mit
Leipzig die Première seines „Froschkönigs“ hatte.
Auch hier wurde das Stück ziemlich unzweideutig
sgelehnt.
Eitel Jubel und Freude herrschte dagegen im
Berliner Theater, wo Ferdinand Vonn unentwegt
für seinen Ruhm arbeitet, in dem er Theaterbillets
zu Hunderten an völlig unbekannte Personen ver¬
schenkt, seine Premierei mit klatschlustigen Frei¬
bergern vollpfroft und sogar Logenschließer und
Garderobefrauen zum Beifall heranzieht. Auch das
neue Stück „Anne=Marie“ von Curt Berns, nach
einer Idee Israel Zangwills, entpuppte sich als
eine unendlich wertlose Arbeit. Frau Marie Bonn
gab wieder untrügliche Beweise einer völligen
Talentlosigkeit Da darf es denn nicht wundern,
wenn da die Zuhörer von Logenschließern an der
Aeußerung des Mißfallens verhindert werden und
das Parkett mit durchaus beifallssicheren Leuten ge¬
Schauspieler des eigenen
füllt ist — wenn die ...
Theaters zu spielen anfangen. So tat es Fräulein
Felicitas Cerigioli, die ihre Direktorin für ihre
Leistung als „Jungfrau von Orleaus“ von der
Bühne herab auszischte. Fräulein Cerigioli wurde
sofort entlassen. Aber kühn erwiderte sie ihrem
Direktor: „Ich bin froh, daß ich auf diese Weise ohne
Konventionalstrafe aus Ihrem Theater komme.“
Fräulein Prome de Tréville, die im Theater!
des Westens als Rosine im Barbier“ gastierte, ver¬
fügt über eine außergewöhnlich hübsche und gut ge¬
bildete Stimme, wenngleich weder Vortrag noch
Spiel auf eine höhere Begabung ihrer Kunst
Paul Schlesinger.
schließen lassen.
Viertes Philharnonisches Konzert des Winder¬
„Sin¬
stein=Orchesters. (Erster Moderner Abend.)
sonie in vier Bildern nach dem dramatischen Gedicht
Byrons“ lautet der Untertitel des Tschaikowsky'schen
„Manfred“, und man kann sich denken, wie allein
dieser Titel schon den geschworenen Gegner einer
„Programmusik“ in Harnisch zu bringen vermag.
Nicht ganz mit Unrecht: „in vier Bildern“, das lesen
wir auch über einem Drama nicht gerne, das deutet
darauf hin, daß der innere Jusammenhang zwischen den
einzelnen,Bildern“ zu wünschen übrigläßt und der drama¬
tische Funke vom einen zum andern Bilde nur mit Mühe
überspringt. Die Sätze einer Beethoven=Sinsonie wird
man niemals „Bilder“ nennen können, — schon weil
sie auch in sich selbst jeder voll dramatischen oder,
einfacher, voll bewegten Lebens sind. Aber ist auch
die Unterströmung im Tschailowskyschen „Manfred“:
keine ungebrochene, so gibt voch die Gestalt des Titel¬
heiden — wenn man in einer Sinsonie von einem</Unicode>
            </TextEquiv>
        </TextRegion>
        <TextRegion orientation="0.0" id="r2" custom="readingOrder {index:1;}">
            <Coords points="1340,165 1340,1243 1784,1243 1784,165"/>
            <TextLine id="r2l1" custom="readingOrder {index:0;}">
                <Coords points="1332,278 1600,274 1659,290 1792,268 1792,242 1740,204 1560,203 1524,228 1493,214 1462,230 1362,202 1332,210"/>
                <Baseline points="1340,268 1366,267 1392,267 1418,266 1444,266 1470,265 1496,265 1522,265 1548,265 1575,265 1601,265 1627,265 1653,265 1679,265 1705,265 1731,265 1757,266 1784,266"/>
                <TextEquiv>
                    <Unicode>box 25/2</Unicode>
                </TextEquiv>
            </TextLine>
            <TextLine id="r2l2" custom="readingOrder {index:1;}">
                <Coords points="1413,1215 1421,1214 1434,1222 1440,1221 1451,1208 1459,1207 1451,1153 1445,1153 1435,1162 1427,1160 1423,1163 1406,1163"/>
                <Baseline points="1418,1193 1448,1189"/>
                <TextEquiv>
                    <Unicode>1</Unicode>
                </TextEquiv>
            </TextLine>
            <TextEquiv>
                <Unicode>box 25/2
1</Unicode>
            </TextEquiv>
        </TextRegion>
        <TextRegion orientation="0.0" id="r3" custom="readingOrder {index:2;}">
            <Coords points="1747,688 1747,3862 3063,3862 3063,688"/>
            <TextLine id="r3l1" custom="readingOrder {index:0;}">
                <Coords points="1768,762 1797,759 1810,747 1839,748 1846,739 1876,749 1912,721 1938,730 1954,719 1985,723 1977,636 1944,640 1897,630 1890,637 1853,625 1816,626 1787,627 1758,642"/>
                <Baseline points="1773,731 1798,731 1824,730 1849,729 1875,727 1900,724 1926,721 1951,718 1977,714"/>
                <TextEquiv>
                    <Unicode>enen</Unicode>
                </TextEquiv>
            </TextLine>
            <TextLine id="r3l2" custom="readingOrder {index:1;}">
                <Coords points="1907,765 2028,733 2080,756 2530,718 2612,734 2671,710 2670,682 2581,648 2531,680 2078,680 2012,720 1905,722"/>
                <Baseline points="1914,750 1951,746 1988,743 2026,739 2063,737 2101,735 2138,733 2176,731 2213,730 2251,728 2288,727 2325,726 2363,725 2400,724 2438,722 2475,720 2513,719 2550,717 2588,715 2625,712 2663,708"/>
                <TextEquiv>
                    <Unicode>1. Berliner Theaterbrief.</Unicode>
                </TextEquiv>
            </TextLine>
            <TextLine id="r3l3" custom="readingOrder {index:2;}">
                <Coords points="1897,798 2880,761 2933,711 1895,761"/>
                <Baseline points="1904,791 1955,789 2006,787 2057,785 2108,783 2159,782 2210,780 2262,778 2313,776 2364,775 2415,773 2466,772 2517,770 2568,768 2620,766 2671,764 2722,761 2773,759 2824,755 2875,753 2927,749"/>
                <TextEquiv>
                    <Unicode>Berlin, 26. November. Ein „Capriccio dolo¬</Unicode>
                </TextEquiv>
            </TextLine>
            <TextLine id="r3l4" custom="readingOrder {index:3;}">
                <Coords points="1745,847 2790,817 2937,796 2936,767 1744,817"/>
                <Baseline points="1752,836 1810,835 1869,835 1928,833 1987,832 2046,831 2105,829 2163,827 2222,825 2281,823 2340,821 2399,818 2458,816 2517,813 2575,810 2634,808 2693,804 2752,802 2811,799 2870,795 2929,793"/>
                <TextEquiv>
                    <Unicode>koso“, so nenm Arthur Schnitzler selbst sein Zwischenspiel,</Unicode>
                </TextEquiv>
            </TextLine>
            <TextLine id="r3l5" custom="readingOrder {index:4;}">
                <Coords points="1749,888 2896,850 2942,799 1747,854"/>
                <Baseline points="1756,880 1818,880 1880,878 1942,877 2004,876 2066,874 2128,873 2190,871 2252,869 2314,866 2376,864 2438,861 2500,859 2562,856 2624,853 2686,849 2748,846 2810,843 2872,839 2935,835"/>
                <TextEquiv>
                    <Unicode>die neue Komödie in drei Akten, die am Sonnabend im</Unicode>
                </TextEquiv>
            </TextLine>
            <TextLine id="r3l6" custom="readingOrder {index:5;}">
                <Coords points="1739,921 2688,912 2943,866 2860,840 1738,893"/>
                <Baseline points="1747,922 1806,922 1865,922 1925,921 1984,919 2044,918 2103,916 2162,915 2222,912 2281,910 2341,907 2400,904 2459,902 2519,899 2578,896 2638,894 2697,891 2756,888 2816,885 2875,883 2935,881"/>
                <TextEquiv>
                    <Unicode>Lessing=Theater in Szene ging. Es ist ein bizarres</Unicode>
                </TextEquiv>
            </TextLine>
            <TextLine id="r3l7" custom="readingOrder {index:6;}">
                <Coords points="1755,973 2926,942 2943,883 1753,935"/>
                <Baseline points="1762,970 1820,968 1879,967 1938,965 1997,963 2055,961 2114,959 2173,957 2232,955 2290,952 2349,950 2408,947 2467,945 2525,943 2584,940 2643,937 2702,934 2760,932 2819,929 2878,927 2937,924"/>
                <TextEquiv>
                    <Unicode>Spiel, das da mit den ehrwürdigen Begriffen von Ehe, Treue,</Unicode>
                </TextEquiv>
            </TextLine>
            <TextLine id="r3l8" custom="readingOrder {index:7;}">
                <Coords points="1752,1013 2943,968 2941,931 2709,931 1751,985"/>
                <Baseline points="1760,1014 1818,1013 1877,1011 1936,1009 1995,1007 2053,1005 2112,1003 2171,1001 2230,999 2288,997 2347,994 2406,992 2465,989 2523,987 2582,984 2641,981 2700,978 2758,975 2817,971 2876,968 2935,965"/>
                <TextEquiv>
                    <Unicode>Wahrheit getrieben wird; doch ein weher Klang tönt durch die</Unicode>
                </TextEquiv>
            </TextLine>
            <TextLine id="r3l9" custom="readingOrder {index:8;}">
                <Coords points="1751,1050 2949,1003 2851,973 1750,1012"/>
                <Baseline points="1760,1060 1819,1058 1878,1056 1937,1054 1996,1052 2055,1050 2114,1047 2173,1046 2232,1043 2291,1041 2351,1038 2410,1036 2469,1033 2528,1031 2587,1028 2646,1025 2705,1022 2764,1019 2823,1016 2882,1013 2942,1009"/>
                <TextEquiv>
                    <Unicode> neckischen Klänge und dem Gelächter ist ein tief innerliches</Unicode>
                </TextEquiv>
            </TextLine>
            <TextLine id="r3l10" custom="readingOrder {index:9;}">
                <Coords points="1760,1099 2921,1072 2950,1000 1759,1067"/>
                <Baseline points="1768,1104 1826,1102 1885,1100 1944,1098 2003,1095 2062,1093 2121,1091 2179,1089 2238,1086 2297,1084 2356,1082 2415,1079 2474,1076 2533,1074 2591,1071 2650,1069 2709,1066 2768,1064 2827,1060 2886,1058 2945,1055"/>
                <TextEquiv>
                    <Unicode>Schluchzen beigemischt. So will es der Geist des Humors, der</Unicode>
                </TextEquiv>
            </TextLine>
            <TextLine id="r3l11" custom="readingOrder {index:10;}">
                <Coords points="1765,1150 2955,1106 2953,1063 2866,1060 1763,1108"/>
                <Baseline points="1772,1145 1830,1144 1889,1142 1948,1140 2007,1138 2065,1136 2124,1134 2183,1132 2242,1130 2300,1128 2359,1125 2418,1123 2477,1120 2535,1117 2594,1114 2653,1112 2712,1108 2770,1106 2829,1102 2888,1099 2947,1095"/>
                <TextEquiv>
                    <Unicode>die Trüne im Wappen führt: aber Schnitzler gelingt weder Lachen</Unicode>
                </TextEquiv>
            </TextLine>
            <TextLine id="r3l12" custom="readingOrder {index:11;}">
                <Coords points="1753,1179 2785,1166 2949,1141 2950,1107 1752,1161"/>
                <Baseline points="1761,1189 1820,1187 1879,1186 1938,1183 1997,1181 2056,1179 2115,1177 2175,1175 2234,1173 2293,1170 2352,1168 2411,1165 2470,1163 2529,1160 2589,1157 2648,1155 2707,1152 2766,1149 2825,1146 2884,1143 2944,1140"/>
                <TextEquiv>
                    <Unicode>und Weinen recht. Es ist ein unsicheres Hin= und Herschwanken</Unicode>
                </TextEquiv>
            </TextLine>
            <TextLine id="r3l13" custom="readingOrder {index:12;}">
                <Coords points="1759,1227 2961,1200 2930,1139 1758,1203"/>
                <Baseline points="1767,1235 1826,1233 1885,1230 1944,1228 2004,1225 2063,1223 2122,1221 2182,1218 2241,1216 2300,1213 2360,1211 2419,1209 2478,1207 2537,1204 2597,1202 2656,1199 2715,1197 2775,1194 2834,1191 2893,1188 2953,1185"/>
                <TextEquiv>
                    <Unicode>in leisen Nebentönen, ein Verwischen der starken Wirkungen, so</Unicode>
                </TextEquiv>
            </TextLine>
            <TextLine id="r3l14" custom="readingOrder {index:13;}">
                <Coords points="1760,1271 2682,1258 2946,1234 2961,1200 1759,1252"/>
                <Baseline points="1768,1278 1827,1276 1886,1274 1946,1272 2005,1270 2064,1268 2124,1266 2183,1263 2242,1261 2302,1258 2361,1256 2420,1254 2480,1251 2539,1249 2598,1246 2658,1242 2717,1240 2776,1237 2836,1234 2895,1230 2955,1226"/>
                <TextEquiv>
                    <Unicode>daß nur in seinen Nbancen. in geistreichen Dialogen, in zart ge¬</Unicode>
                </TextEquiv>
            </TextLine>
            <TextLine id="r3l15" custom="readingOrder {index:14;}">
                <Coords points="1776,1340 2973,1293 2971,1233 1773,1274"/>
                <Baseline points="1782,1321 1841,1319 1900,1317 1959,1315 2018,1313 2077,1311 2136,1309 2195,1306 2254,1305 2313,1302 2373,1299 2432,1297 2491,1294 2550,1292 2609,1289 2668,1285 2727,1282 2786,1279 2845,1275 2904,1271 2964,1268"/>
                <TextEquiv>
                    <Unicode>formien Sönen die Hand des Dichters zu spüren ist, der heute</Unicode>
                </TextEquiv>
            </TextLine>
            <TextLine id="r3l16" custom="readingOrder {index:15;}">
                <Coords points="1774,1360 2576,1351 2970,1299 1773,1337"/>
                <Baseline points="1782,1366 1841,1364 1900,1362 1959,1360 2018,1358 2077,1355 2136,1353 2195,1351 2254,1348 2313,1346 2372,1343 2431,1340 2490,1337 2549,1335 2608,1332 2667,1328 2726,1326 2785,1322 2844,1319 2903,1315 2962,1312"/>
                <TextEquiv>
                    <Unicode>in deutscher Sprache die feinsten Zwiegespräche müder Seelen an</Unicode>
                </TextEquiv>
            </TextLine>
            <TextLine id="r3l17" custom="readingOrder {index:16;}">
                <Coords points="1765,1414 2922,1378 2970,1355 2968,1300 2794,1339 1763,1366"/>
                <Baseline points="1772,1408 1831,1407 1891,1405 1950,1403 2010,1401 2069,1399 2129,1397 2188,1395 2248,1392 2307,1390 2367,1387 2426,1384 2486,1381 2545,1378 2605,1375 2664,1373 2724,1370 2783,1367 2843,1364 2902,1361 2962,1358"/>
                <TextEquiv>
                    <Unicode>belauschen weist. Das Motiv seines neuen Werkes kann höchst</Unicode>
                </TextEquiv>
            </TextLine>
            <TextLine id="r3l18" custom="readingOrder {index:17;}">
                <Coords points="1764,1455 2976,1409 2966,1354 1763,1410"/>
                <Baseline points="1772,1451 1831,1450 1891,1449 1951,1447 2011,1446 2071,1443 2131,1441 2190,1439 2250,1437 2310,1433 2370,1431 2430,1429 2490,1425 2550,1423 2609,1419 2669,1417 2729,1414 2789,1411 2849,1408 2909,1405 2969,1403"/>
                <TextEquiv>
                    <Unicode>komisch und sehr tragisch behandelt werden. Zwei Künstler, ein</Unicode>
                </TextEquiv>
            </TextLine>
            <TextLine id="r3l19" custom="readingOrder {index:18;}">
                <Coords points="1766,1487 2923,1464 2969,1409 1765,1455"/>
                <Baseline points="1774,1494 1833,1494 1892,1493 1952,1491 2011,1489 2071,1487 2130,1485 2190,1483 2249,1480 2309,1477 2368,1475 2427,1472 2487,1469 2546,1466 2606,1463 2665,1460 2725,1457 2784,1455 2844,1452 2903,1450 2963,1447"/>
                <TextEquiv>
                    <Unicode>Komponist und eine Sängerin, gründen einen Ehebund, der auf</Unicode>
                </TextEquiv>
            </TextLine>
            <TextLine id="r3l20" custom="readingOrder {index:19;}">
                <Coords points="1767,1544 2966,1481 2955,1444 1766,1519"/>
                <Baseline points="1775,1537 1834,1536 1893,1534 1952,1533 2011,1532 2071,1530 2130,1528 2189,1526 2248,1524 2307,1521 2367,1519 2426,1516 2485,1513 2544,1511 2603,1508 2663,1504 2722,1501 2781,1498 2840,1495 2899,1492 2959,1488"/>
                <TextEquiv>
                    <Unicode>völliger Freiheit und sieter Aufrichtigkeit basiert sein soll. Wenn</Unicode>
                </TextEquiv>
            </TextLine>
            <TextLine id="r3l21" custom="readingOrder {index:20;}">
                <Coords points="1774,1577 2929,1549 2977,1493 1773,1551"/>
                <Baseline points="1782,1582 1841,1580 1900,1579 1960,1577 2019,1575 2079,1573 2138,1571 2198,1569 2257,1566 2317,1564 2376,1562 2435,1559 2495,1556 2554,1554 2614,1551 2673,1548 2733,1545 2792,1542 2852,1539 2911,1536 2971,1532"/>
                <TextEquiv>
                    <Unicode>nun nach siebenjähriper Ehe die engen Bande der Liebe sich</Unicode>
                </TextEquiv>
            </TextLine>
            <TextLine id="r3l22" custom="readingOrder {index:21;}">
                <Coords points="1773,1622 2835,1599 2985,1583 2983,1531 1772,1599"/>
                <Baseline points="1781,1624 1840,1623 1900,1621 1960,1620 2020,1619 2080,1617 2139,1615 2199,1613 2259,1611 2319,1608 2379,1606 2438,1603 2498,1600 2558,1597 2618,1595 2678,1591 2737,1588 2797,1585 2857,1581 2917,1577 2977,1573"/>
                <TextEquiv>
                    <Unicode>lockern, die Macht der Gewohnheit abstumpft, dann kommt das</Unicode>
                </TextEquiv>
            </TextLine>
            <TextLine id="r3l23" custom="readingOrder {index:22;}">
                <Coords points="1786,1671 2935,1635 2965,1579 1784,1633"/>
                <Baseline points="1793,1671 1851,1669 1909,1667 1967,1665 2026,1663 2084,1661 2142,1659 2201,1657 2259,1655 2317,1652 2376,1649 2434,1647 2492,1645 2550,1642 2609,1639 2667,1636 2725,1632 2784,1629 2842,1626 2900,1622 2959,1618"/>
                <TextEquiv>
                    <Unicode>Zwischensviel in der Sinfonie dieser beiden Menschenleben, das</Unicode>
                </TextEquiv>
            </TextLine>
            <TextLine id="r3l24" custom="readingOrder {index:23;}">
                <Coords points="1789,1718 2674,1665 2876,1694 2982,1663 2980,1614 1787,1672"/>
                <Baseline points="1797,1716 1855,1713 1914,1710 1973,1709 2032,1706 2091,1704 2150,1702 2209,1699 2268,1697 2327,1695 2386,1693 2444,1690 2503,1688 2562,1685 2621,1683 2680,1681 2739,1678 2798,1675 2857,1672 2916,1669 2975,1666"/>
                <TextEquiv>
                    <Unicode>schaurig düster in einem Trauermarsch und übermüng in</Unicode>
                </TextEquiv>
            </TextLine>
            <TextLine id="r3l25" custom="readingOrder {index:24;}">
                <Coords points="1779,1747 2979,1718 2951,1666 1777,1712"/>
                <Baseline points="1787,1757 1846,1755 1905,1754 1964,1752 2023,1750 2083,1748 2142,1746 2201,1744 2260,1742 2319,1739 2379,1737 2438,1734 2497,1732 2556,1729 2615,1726 2675,1724 2734,1720 2793,1717 2852,1714 2911,1710 2971,1707"/>
                <TextEquiv>
                    <Unicode>einem Allegro ausklingen kann. Die beiden Eheleute geben ein¬</Unicode>
                </TextEquiv>
            </TextLine>
            <TextLine id="r3l26" custom="readingOrder {index:25;}">
                <Coords points="1782,1808 2968,1772 2978,1718 1780,1776"/>
                <Baseline points="1789,1798 1848,1797 1907,1797 1966,1795 2025,1794 2084,1792 2143,1790 2202,1788 2261,1785 2320,1783 2380,1780 2439,1778 2498,1775 2557,1772 2616,1769 2675,1767 2734,1764 2793,1761 2852,1758 2911,1756 2971,1753"/>
                <TextEquiv>
                    <Unicode>ander frei; die Frau aus Stolz, tief verletzt durch die Lieblosige</Unicode>
                </TextEquiv>
            </TextLine>
            <TextLine id="r3l27" custom="readingOrder {index:26;}">
                <Coords points="1790,1850 2990,1815 2988,1763 2920,1761 1789,1812"/>
                <Baseline points="1797,1842 1856,1841 1915,1840 1974,1839 2033,1837 2093,1836 2152,1834 2211,1831 2270,1829 2329,1826 2389,1824 2448,1821 2507,1818 2566,1815 2625,1813 2685,1809 2744,1806 2803,1803 2862,1800 2921,1797 2981,1794"/>
                <TextEquiv>
                    <Unicode>keit des Mannes, den andere Freuden locken; der Mann froh, da</Unicode>
                </TextEquiv>
            </TextLine>
            <TextLine id="r3l28" custom="readingOrder {index:27;}">
                <Coords points="1790,1888 2917,1855 2981,1839 2980,1800 1789,1870"/>
                <Baseline points="1797,1887 1855,1886 1914,1884 1973,1883 2032,1881 2091,1878 2150,1877 2208,1874 2267,1872 2326,1870 2385,1867 2444,1864 2503,1862 2562,1859 2620,1856 2679,1853 2738,1850 2797,1847 2856,1844 2915,1841 2974,1837"/>
                <TextEquiv>
                    <Unicode>er die frühere Geliebte sich als Freundin bewahrt. Aber bald er¬</Unicode>
                </TextEquiv>
            </TextLine>
            <TextLine id="r3l29" custom="readingOrder {index:28;}">
                <Coords points="1798,1939 2991,1871 2989,1839 2896,1840 1797,1908"/>
                <Baseline points="1806,1932 1864,1931 1923,1929 1982,1928 2041,1926 2100,1923 2159,1921 2217,1919 2276,1916 2335,1914 2394,1910 2453,1908 2512,1905 2571,1902 2629,1898 2688,1896 2747,1893 2806,1890 2865,1888 2924,1885 2983,1882"/>
                <TextEquiv>
                    <Unicode>kennt er, daß er nur sie lieht, empfindet seine Verblendung und¬</Unicode>
                </TextEquiv>
            </TextLine>
            <TextLine id="r3l30" custom="readingOrder {index:29;}">
                <Coords points="1791,1968 2992,1918 2970,1881 1790,1942"/>
                <Baseline points="1799,1975 1858,1974 1917,1972 1976,1970 2036,1969 2095,1966 2154,1964 2213,1962 2273,1960 2332,1957 2391,1954 2450,1953 2510,1950 2569,1947 2628,1944 2687,1941 2747,1939 2806,1936 2865,1933 2924,1930 2984,1928"/>
                <TextEquiv>
                    <Unicode>wirbt von neuem um seine eigene Frau. Sie mag ihn abweisen.]</Unicode>
                </TextEquiv>
            </TextLine>
            <TextLine id="r3l31" custom="readingOrder {index:30;}">
                <Coords points="1802,2021 2924,1992 3001,1978 2999,1918 1801,1992"/>
                <Baseline points="1810,2018 1869,2017 1928,2016 1987,2015 2046,2013 2105,2012 2164,2009 2224,2007 2283,2005 2342,2002 2401,1999 2460,1996 2519,1993 2578,1990 2638,1988 2697,1984 2756,1982 2815,1980 2874,1976 2933,1974 2993,1971"/>
                <TextEquiv>
                    <Unicode>weil sie nicht mit sich svielen läßt, und er wird gebrochen von</Unicode>
                </TextEquiv>
            </TextLine>
            <TextLine id="r3l32" custom="readingOrder {index:31;}">
                <Coords points="1792,2061 2992,2032 2989,1954 2933,1989 1790,2023"/>
                <Baseline points="1800,2062 1859,2060 1918,2059 1977,2058 2036,2056 2095,2055 2154,2053 2214,2050 2273,2048 2332,2046 2391,2043 2450,2040 2509,2038 2568,2035 2628,2032 2687,2028 2746,2025 2805,2022 2864,2018 2923,2015 2983,2011"/>
                <TextEquiv>
                    <Unicode>dannen ziehen Sie mag ihm verzeihend aus Herz sinken und</Unicode>
                </TextEquiv>
            </TextLine>
            <TextLine id="r3l33" custom="readingOrder {index:32;}">
                <Coords points="1802,2118 2935,2073 2999,2029 1800,2080"/>
                <Baseline points="1809,2105 1868,2103 1927,2102 1986,2101 2045,2099 2105,2097 2164,2095 2223,2093 2282,2091 2341,2089 2401,2087 2460,2084 2519,2082 2578,2079 2637,2076 2697,2073 2756,2070 2815,2067 2874,2063 2933,2059 2993,2055"/>
                <TextEquiv>
                    <Unicode>alles wird in eitel Frende enden. Schnitzler weicht jedem dieser!</Unicode>
                </TextEquiv>
            </TextLine>
            <TextLine id="r3l34" custom="readingOrder {index:33;}">
                <Coords points="1811,2155 2996,2125 2993,2057 1810,2118"/>
                <Baseline points="1819,2149 1877,2147 1935,2145 1994,2144 2052,2142 2111,2140 2169,2138 2227,2136 2286,2134 2344,2132 2403,2130 2461,2127 2519,2125 2578,2123 2636,2120 2695,2116 2753,2113 2811,2110 2870,2106 2928,2102 2987,2097"/>
                <TextEquiv>
                    <Unicode>banalen Schlüsse aus; er hat zu feinfühli,, die Untertöne de¬</Unicode>
                </TextEquiv>
            </TextLine>
            <TextLine id="r3l35" custom="readingOrder {index:34;}">
                <Coords points="1809,2206 2995,2159 2953,2105 1807,2157"/>
                <Baseline points="1817,2192 1875,2191 1934,2190 1992,2188 2051,2186 2109,2185 2168,2182 2226,2180 2285,2178 2343,2175 2402,2173 2460,2170 2519,2167 2577,2165 2636,2161 2694,2158 2753,2155 2811,2152 2870,2149 2928,2146 2987,2143"/>
                <TextEquiv>
                    <Unicode>Lebens gehört, um so laut und grel zu enden. Sein Kapeli¬</Unicode>
                </TextEquiv>
            </TextLine>
            <TextLine id="r3l36" custom="readingOrder {index:35;}">
                <Coords points="1815,2236 2975,2201 2996,2127 2936,2164 1813,2202"/>
                <Baseline points="1822,2238 1880,2236 1938,2234 1997,2232 2055,2230 2114,2228 2172,2226 2231,2223 2289,2221 2348,2219 2406,2216 2464,2214 2523,2211 2581,2209 2640,2206 2698,2203 2757,2200 2815,2198 2874,2195 2932,2192 2991,2189"/>
                <TextEquiv>
                    <Unicode>meister Adame mut die Frau verlassen, mit der er gespielt, vor?</Unicode>
                </TextEquiv>
            </TextLine>
            <TextLine id="r3l37" custom="readingOrder {index:36;}">
                <Coords points="1804,2283 3023,2245 3019,2168 2803,2215 1803,2244"/>
                <Baseline points="1812,2282 1872,2280 1932,2278 1992,2277 2052,2274 2112,2272 2172,2270 2232,2268 2292,2266 2352,2263 2413,2260 2473,2258 2533,2255 2593,2252 2653,2248 2713,2246 2773,2242 2833,2239 2893,2235 2953,2232 3014,2228"/>
                <TextEquiv>
                    <Unicode>der er unter dem Schein der Wahrheit im eingelildeten Stolz des 1</Unicode>
                </TextEquiv>
            </TextLine>
            <TextLine id="r3l38" custom="readingOrder {index:37;}">
                <Coords points="1799,2337 2872,2302 3001,2284 3000,2244 1797,2296"/>
                <Baseline points="1807,2327 1866,2325 1925,2323 1985,2321 2044,2319 2103,2316 2163,2314 2222,2312 2281,2310 2341,2307 2400,2304 2459,2302 2519,2299 2578,2296 2637,2293 2697,2290 2756,2288 2815,2285 2875,2282 2934,2279 2994,2276"/>
                <TextEquiv>
                    <Unicode>hochstebenden Menschen Gleichgültigkeit geheuchelt; aber er läßt;</Unicode>
                </TextEquiv>
            </TextLine>
            <TextLine id="r3l39" custom="readingOrder {index:38;}">
                <Coords points="1818,2376 3013,2331 2986,2279 1816,2334"/>
                <Baseline points="1826,2370 1884,2369 1943,2368 2002,2366 2061,2364 2120,2362 2179,2360 2238,2357 2297,2354 2356,2352 2415,2348 2473,2346 2532,2343 2591,2340 2650,2337 2709,2334 2768,2331 2827,2329 2886,2326 2945,2323 3004,2321"/>
                <TextEquiv>
                    <Unicode>das Solo seiner großen Sinfonie zurück, das nur seine Frau#</Unicode>
                </TextEquiv>
            </TextLine>
            <TextLine id="r3l40" custom="readingOrder {index:39;}">
                <Coords points="1820,2426 2949,2375 2933,2326 2886,2355 2751,2330 1818,2376"/>
                <Baseline points="1827,2417 1882,2415 1938,2413 1993,2411 2049,2409 2105,2406 2160,2403 2216,2401 2272,2398 2327,2395 2383,2392 2439,2389 2494,2386 2550,2383 2606,2381 2661,2378 2717,2375 2773,2373 2828,2370 2884,2368 2940,2366"/>
                <TextEquiv>
                    <Unicode>singen kann, und sie bezeinnt es unter Tränen zu singen. D</Unicode>
                </TextEquiv>
            </TextLine>
            <TextLine id="r3l41" custom="readingOrder {index:40;}">
                <Coords points="1818,2462 2902,2427 2981,2413 3014,2360 1816,2421"/>
                <Baseline points="1826,2459 1885,2457 1944,2454 2003,2452 2062,2450 2121,2447 2180,2445 2239,2442 2298,2440 2357,2437 2417,2435 2476,2432 2535,2429 2594,2426 2653,2424 2712,2421 2771,2417 2830,2414 2889,2410 2948,2407 3008,2403"/>
                <TextEquiv>
                    <Unicode>beiden werden sich wiederfinden; dies unruhig wilde Zwischenspiel“</Unicode>
                </TextEquiv>
            </TextLine>
            <TextLine id="r3l42" custom="readingOrder {index:41;}">
                <Coords points="2875,2457 2902,2453 2915,2464 2927,2457 2939,2462 2953,2457 2964,2466 2979,2454 3001,2464 3008,2457 3022,2459 3020,2392 3002,2392 2983,2413 2972,2408 2958,2420 2921,2416 2893,2432 2874,2427"/>
                <Baseline points="2883,2457 2909,2455 2935,2453 2961,2453 2987,2452 3014,2454"/>
                <TextEquiv>
                    <Unicode>Das</Unicode>
                </TextEquiv>
            </TextLine>
            <TextLine id="r3l43" custom="readingOrder {index:42;}">
                <Coords points="1811,2511 2797,2465 2787,2425 1809,2471"/>
                <Baseline points="1818,2500 1866,2499 1915,2498 1963,2498 2012,2496 2060,2495 2109,2492 2157,2490 2206,2489 2254,2486 2303,2484 2352,2481 2400,2479 2449,2476 2497,2473 2546,2471 2594,2468 2643,2466 2691,2464 2740,2462 2789,2460"/>
                <TextEquiv>
                    <Unicode>wird noch in einem seligen Andante ausklingen.</Unicode>
                </TextEquiv>
            </TextLine>
            <TextLine id="r3l44" custom="readingOrder {index:43;}">
                <Coords points="1822,2549 2844,2522 3010,2482 2850,2443 2712,2481 1821,2514"/>
                <Baseline points="1830,2547 1888,2545 1947,2542 2005,2540 2064,2538 2123,2535 2181,2532 2240,2530 2299,2527 2357,2525 2416,2522 2475,2519 2533,2517 2592,2514 2651,2511 2709,2508 2768,2506 2827,2502 2885,2499 2944,2495 3003,2492"/>
                <TextEquiv>
                    <Unicode>Tempo, in dem dieses feine, für einen Dichter von Scmitzlers Be¬</Unicode>
                </TextEquiv>
            </TextLine>
            <TextLine id="r3l45" custom="readingOrder {index:44;}">
                <Coords points="1815,2591 3009,2561 3015,2482 2832,2520 1813,2544"/>
                <Baseline points="1822,2590 1881,2588 1940,2587 2000,2584 2059,2582 2118,2580 2178,2578 2237,2575 2296,2572 2356,2570 2415,2567 2474,2564 2534,2562 2593,2558 2652,2556 2712,2553 2771,2550 2830,2547 2890,2544 2949,2541 3009,2539"/>
                <TextEquiv>
                    <Unicode>deutung etwas blasse Stück gehalten ist, wechselt in leichten</Unicode>
                </TextEquiv>
            </TextLine>
            <TextLine id="r3l46" custom="readingOrder {index:45;}">
                <Coords points="1817,2650 2944,2605 3007,2556 1815,2608"/>
                <Baseline points="1824,2632 1882,2630 1941,2629 2000,2627 2059,2625 2118,2623 2176,2621 2235,2618 2294,2616 2353,2615 2412,2612 2470,2609 2529,2607 2588,2604 2647,2601 2706,2598 2764,2595 2823,2592 2882,2588 2941,2585 3000,2582"/>
                <TextEquiv>
                    <Unicode>Schwankungen zwischen leichtmütig schneller Lebendigkeit undige¬</Unicode>
                </TextEquiv>
            </TextLine>
            <TextLine id="r3l47" custom="readingOrder {index:46;}">
                <Coords points="1831,2680 2980,2641 3029,2633 3027,2580 1830,2649"/>
                <Baseline points="1838,2679 1897,2676 1956,2674 2015,2671 2074,2668 2133,2666 2192,2663 2252,2661 2311,2658 2370,2656 2429,2654 2488,2652 2547,2649 2606,2647 2666,2644 2725,2641 2784,2638 2843,2636 2902,2632 2961,2629 3021,2625"/>
                <TextEquiv>
                    <Unicode>dämpft traurigem Nachdenken. Nicht umsonst heißt der Held</Unicode>
                </TextEquiv>
            </TextLine>
            <TextLine id="r3l48" custom="readingOrder {index:47;}">
                <Coords points="1820,2720 3022,2695 3019,2630 1819,2692"/>
                <Baseline points="1828,2721 1887,2719 1946,2718 2005,2716 2065,2713 2124,2711 2183,2709 2242,2707 2302,2704 2361,2702 2420,2700 2479,2697 2539,2694 2598,2691 2657,2689 2716,2685 2776,2682 2835,2679 2894,2676 2953,2673 3013,2669"/>
                <TextEquiv>
                    <Unicode>Amadeus; etwas von der liebenswürdigen Weichheit, dem</Unicode>
                </TextEquiv>
            </TextLine>
            <TextLine id="r3l49" custom="readingOrder {index:48;}">
                <Coords points="1833,2780 2963,2734 3016,2717 3014,2673 1831,2737"/>
                <Baseline points="1840,2768 1898,2765 1956,2762 2015,2759 2073,2757 2132,2754 2190,2752 2248,2749 2307,2747 2365,2745 2424,2743 2482,2740 2540,2737 2599,2735 2657,2732 2716,2728 2774,2725 2832,2722 2891,2718 2949,2714 3008,2710"/>
                <TextEquiv>
                    <Unicode>schnellen Enthusiasmus, der unüverlegt leichtsinnigen Lebens¬</Unicode>
                </TextEquiv>
            </TextLine>
            <TextLine id="r3l50" custom="readingOrder {index:49;}">
                <Coords points="1821,2821 2999,2780 3009,2727 1818,2762"/>
                <Baseline points="1828,2812 1886,2809 1945,2806 2004,2804 2063,2801 2121,2799 2180,2795 2239,2793 2298,2790 2356,2788 2415,2785 2474,2783 2533,2780 2591,2778 2650,2775 2709,2773 2768,2770 2826,2768 2885,2765 2944,2762 3003,2759"/>
                <TextEquiv>
                    <Unicode>freude Mozirts soll auch in den Kapellmeister Adams gelegt sein.</Unicode>
                </TextEquiv>
            </TextLine>
            <TextLine id="r3l51" custom="readingOrder {index:50;}">
                <Coords points="1819,2867 2940,2821 3012,2812 3011,2779 1818,2833"/>
                <Baseline points="1827,2853 1885,2851 1944,2849 2003,2847 2062,2845 2121,2843 2180,2841 2238,2839 2297,2835 2356,2833 2415,2831 2474,2828 2533,2825 2592,2822 2650,2819 2709,2816 2768,2813 2827,2810 2886,2807 2945,2804 3004,2800"/>
                <TextEquiv>
                    <Unicode>Albert Bassermann, der den Helden spielte, gab ihn aber zu ner¬</Unicode>
                </TextEquiv>
            </TextLine>
            <TextLine id="r3l52" custom="readingOrder {index:51;}">
                <Coords points="1828,2902 3071,2851 3068,2800 3022,2797 1827,2863"/>
                <Baseline points="1836,2892 1897,2892 1958,2892 2020,2891 2081,2890 2142,2888 2204,2886 2265,2883 2326,2880 2388,2877 2449,2874 2510,2871 2572,2868 2633,2865 2694,2861 2756,2859 2817,2856 2878,2853 2940,2851 3001,2849 3063,2847"/>
                <TextEquiv>
                    <Unicode>däs, zu schwermütig, zu leidenschaftlich, so daß häufig eine##</Unicode>
                </TextEquiv>
            </TextLine>
            <TextLine id="r3l53" custom="readingOrder {index:52;}">
                <Coords points="1826,2943 3026,2898 3024,2861 2917,2844 1825,2918"/>
                <Baseline points="1834,2940 1893,2938 1952,2937 2011,2935 2070,2933 2130,2930 2189,2928 2248,2926 2307,2924 2366,2921 2426,2919 2485,2917 2544,2913 2603,2911 2662,2908 2722,2905 2781,2902 2840,2900 2899,2896 2958,2893 3018,2890"/>
                <TextEquiv>
                    <Unicode>tragische Stimmung durchdrang. Er sowohl wie Reicher haben</Unicode>
                </TextEquiv>
            </TextLine>
            <TextLine id="r3l54" custom="readingOrder {index:53;}">
                <Coords points="1840,2992 2954,2951 3031,2929 3030,2895 1839,2956"/>
                <Baseline points="1848,2985 1906,2983 1965,2981 2024,2979 2083,2976 2141,2974 2200,2971 2259,2970 2318,2966 2376,2964 2435,2961 2494,2958 2553,2955 2611,2953 2670,2950 2729,2946 2788,2944 2846,2940 2905,2937 2964,2934 3023,2931"/>
                <TextEquiv>
                    <Unicode>zu viel eigenes Gewicht, um in den leichten Wogen eines solchen</Unicode>
                </TextEquiv>
            </TextLine>
            <TextLine id="r3l55" custom="readingOrder {index:54;}">
                <Coords points="1839,3024 3036,3004 3032,2930 1838,2997"/>
                <Baseline points="1848,3029 1910,3027 1972,3024 2034,3022 2096,3019 2158,3017 2220,3014 2282,3011 2344,3009 2406,3006 2468,3003 2530,3000 2592,2997 2654,2994 2716,2991 2778,2988 2840,2985 2902,2981 2964,2978 3027,2974"/>
                <TextEquiv>
                    <Unicode>feinen, leise abschattierten Dialoges untertauchen zu können.</Unicode>
                </TextEquiv>
            </TextLine>
            <TextLine id="r3l56" custom="readingOrder {index:55;}">
                <Coords points="1833,3073 2869,3022 3044,3048 3042,2997 1831,3039"/>
                <Baseline points="1840,3075 1899,3072 1959,3069 2019,3066 2079,3064 2138,3061 2198,3059 2258,3056 2318,3053 2377,3050 2437,3047 2497,3045 2557,3042 2616,3039 2676,3036 2736,3032 2796,3030 2855,3027 2915,3024 2975,3021 3035,3018"/>
                <TextEquiv>
                    <Unicode>Reicher gab als wichtigste Episodenrolle einen Freund Adams, </Unicode>
                </TextEquiv>
            </TextLine>
            <TextLine id="r3l57" custom="readingOrder {index:56;}">
                <Coords points="1839,3124 3032,3065 3030,3030 2870,3022 1837,3087"/>
                <Baseline points="1846,3114 1904,3113 1963,3111 2022,3109 2081,3107 2140,3104 2199,3102 2258,3099 2317,3096 2376,3094 2435,3091 2493,3087 2552,3085 2611,3082 2670,3079 2729,3076 2788,3074 2847,3071 2906,3068 2965,3067 3024,3064"/>
                <TextEquiv>
                    <Unicode>einen Dichter, den Schnitzler in einem echt romantischen Spiel ein</Unicode>
                </TextEquiv>
            </TextLine>
            <TextLine id="r3l58" custom="readingOrder {index:57;}">
                <Coords points="1839,3151 3002,3125 3048,3112 3046,3067 1837,3120"/>
                <Baseline points="1846,3157 1905,3155 1965,3153 2025,3150 2084,3148 2144,3146 2204,3144 2263,3141 2323,3138 2383,3136 2443,3133 2502,3131 2562,3128 2622,3125 2681,3122 2741,3120 2801,3117 2860,3114 2920,3111 2980,3108 3040,3105"/>
                <TextEquiv>
                    <Unicode>Theaterstück in das Theaterstück hineinlegen läßt. Er will aus der</Unicode>
                </TextEquiv>
            </TextLine>
            <TextLine id="r3l59" custom="readingOrder {index:58;}">
                <Coords points="1845,3185 1947,3219 3053,3174 3051,3130 2938,3111 1844,3173"/>
                <Baseline points="1852,3195 1911,3194 1971,3192 2030,3191 2090,3189 2150,3187 2209,3184 2269,3182 2329,3180 2388,3177 2448,3175 2508,3171 2567,3169 2627,3166 2687,3163 2746,3160 2806,3158 2866,3155 2925,3152 2985,3150 3045,3147"/>
                <TextEquiv>
                    <Unicode>Ehegeschichte der beiden ein Drama machen und erzählt ausführ=</Unicode>
                </TextEquiv>
            </TextLine>
            <TextLine id="r3l60" custom="readingOrder {index:59;}">
                <Coords points="1847,3250 3015,3217 3049,3177 1845,3205"/>
                <Baseline points="1854,3239 1913,3238 1972,3237 2032,3236 2091,3234 2151,3232 2210,3230 2269,3228 2329,3226 2388,3223 2448,3221 2507,3218 2566,3216 2626,3213 2685,3210 2745,3206 2804,3204 2863,3202 2923,3199 2982,3196 3042,3194"/>
                <TextEquiv>
                    <Unicode>lich, wie das zugehen müsse. Die geiswollen, tiefsinnig humor¬</Unicode>
                </TextEquiv>
            </TextLine>
            <TextLine id="r3l61" custom="readingOrder {index:60;}">
                <Coords points="1853,3305 3027,3271 3057,3196 1850,3250"/>
                <Baseline points="1860,3287 1919,3285 1979,3283 2038,3281 2098,3279 2157,3276 2217,3273 2276,3270 2336,3267 2395,3264 2455,3262 2515,3259 2574,3256 2634,3254 2693,3251 2753,3249 2812,3246 2872,3245 2931,3243 2991,3242 3051,3241"/>
                <TextEquiv>
                    <Unicode>vollen Reden dieser Figur stören doch ein wenig die hochgestimmten.</Unicode>
                </TextEquiv>
            </TextLine>
            <TextLine id="r3l62" custom="readingOrder {index:61;}">
                <Coords points="2715,3429 2723,3430 2728,3425 2732,3430 2749,3426 2754,3430 2774,3431 2777,3370 2765,3369 2759,3364 2739,3367 2734,3364 2731,3367 2719,3365"/>
                <Baseline points="2725,3404 2767,3406"/>
                <TextEquiv>
                    <Unicode>1</Unicode>
                </TextEquiv>
            </TextLine>
            <TextLine id="r3l63" custom="readingOrder {index:62;}">
                <Coords points="1855,3480 2988,3478 3052,3464 3052,3418 1855,3460"/>
                <Baseline points="1863,3475 1922,3473 1981,3471 2040,3470 2099,3469 2158,3468 2217,3468 2276,3467 2335,3467 2394,3467 2453,3467 2512,3467 2571,3467 2630,3468 2689,3468 2748,3468 2807,3468 2866,3467 2925,3467 2984,3466 3044,3466"/>
                <TextEquiv>
                    <Unicode> Szenen der beiden Eheleute, zumal Reicher eine sehr scharf ge¬</Unicode>
                </TextEquiv>
            </TextLine>
            <TextLine id="r3l64" custom="readingOrder {index:63;}">
                <Coords points="1866,3516 2795,3529 3023,3516 3066,3503 3066,3457 1866,3477"/>
                <Baseline points="1873,3519 1932,3518 1991,3517 2050,3516 2110,3515 2169,3514 2228,3514 2288,3514 2347,3514 2406,3513 2466,3513 2525,3513 2584,3513 2643,3513 2703,3513 2762,3513 2821,3512 2881,3512 2940,3511 2999,3510 3059,3508"/>
                <TextEquiv>
                    <Unicode>zeichnete Gestalt daraus schuf. So litt die Aufführung, in der</Unicode>
                </TextEquiv>
            </TextLine>
            <TextLine id="r3l65" custom="readingOrder {index:64;}">
                <Coords points="1868,3569 3039,3578 3068,3503 1868,3525"/>
                <Baseline points="1875,3560 1934,3559 1993,3559 2052,3559 2112,3558 2171,3558 2230,3558 2289,3558 2349,3557 2408,3557 2467,3557 2526,3556 2586,3556 2645,3555 2704,3555 2763,3554 2823,3553 2882,3552 2941,3551 3000,3550 3060,3549"/>
                <TextEquiv>
                    <Unicode>die besten Kräfte der Brahmschen Bühne ihre Meisterschaft</Unicode>
                </TextEquiv>
            </TextLine>
            <TextLine id="r3l66" custom="readingOrder {index:65;}">
                <Coords points="1879,3609 3012,3606 3047,3568 1879,3583"/>
                <Baseline points="1887,3607 1944,3606 2002,3604 2059,3603 2117,3602 2175,3601 2232,3599 2290,3598 2347,3597 2405,3596 2463,3596 2520,3595 2578,3594 2635,3594 2693,3593 2751,3593 2808,3593 2866,3593 2923,3593 2981,3593 3039,3594"/>
                <TextEquiv>
                    <Unicode>zeigten, vielleicht an einer gewissen Schwere des Rhythmus und</Unicode>
                </TextEquiv>
            </TextLine>
            <TextLine id="r3l67" custom="readingOrder {index:66;}">
                <Coords points="1859,3636 3050,3643 3050,3583 1963,3620 1859,3589"/>
                <Baseline points="1867,3649 1925,3649 1984,3648 2043,3648 2102,3647 2161,3646 2219,3646 2278,3645 2337,3644 2396,3643 2455,3642 2513,3642 2572,3641 2631,3640 2690,3640 2749,3639 2807,3639 2866,3639 2925,3639 2984,3639 3043,3640"/>
                <TextEquiv>
                    <Unicode>Klanges. Irene Triesch, welche die weibliche Hauptrolle spielte,</Unicode>
                </TextEquiv>
            </TextLine>
            <TextLine id="r3l68" custom="readingOrder {index:67;}">
                <Coords points="1862,3704 2977,3691 3043,3679 3043,3642 1932,3662 1861,3632"/>
                <Baseline points="1869,3691 1927,3690 1985,3689 2043,3689 2102,3688 2160,3687 2218,3687 2277,3687 2335,3686 2393,3686 2452,3686 2510,3685 2568,3685 2626,3685 2685,3684 2743,3684 2801,3683 2860,3683 2918,3682 2976,3682 3035,3681"/>
                <TextEquiv>
                    <Unicode>traf am besten den leichten, zwischen Tragik und Neckerei hin¬</Unicode>
                </TextEquiv>
            </TextLine>
            <TextLine id="r3l69" custom="readingOrder {index:68;}">
                <Coords points="1866,3747 3042,3748 3054,3665 2903,3698 1866,3704"/>
                <Baseline points="1873,3736 1931,3735 1990,3734 2049,3733 2107,3732 2166,3731 2225,3731 2283,3731 2342,3731 2401,3731 2460,3731 2518,3730 2577,3730 2636,3730 2694,3730 2753,3729 2812,3729 2870,3728 2929,3727 2988,3725 3047,3723"/>
                <TextEquiv>
                    <Unicode>gleitenden Ton, womit freilich nicht gesagt sein soll, daß sie die</Unicode>
                </TextEquiv>
            </TextLine>
            <TextLine id="r3l70" custom="readingOrder {index:69;}">
                <Coords points="2790,3789 2822,3791 2839,3778 2883,3786 2908,3778 2942,3787 2997,3766 3024,3768 3024,3748 2987,3748 2964,3731 2938,3742 2910,3730 2874,3743 2838,3729 2805,3748 2789,3746"/>
                <Baseline points="2797,3772 2824,3771 2852,3771 2879,3771 2907,3771 2934,3771 2962,3771 2989,3770 3017,3769"/>
                <TextEquiv>
                    <Unicode>Dr. P. L.</Unicode>
                </TextEquiv>
            </TextLine>
            <TextLine id="r3l71" custom="readingOrder {index:70;}">
                <Coords points="1859,3790 2479,3791 2571,3776 2571,3741 1908,3748 1858,3722"/>
                <Baseline points="1867,3779 1901,3779 1936,3779 1971,3779 2006,3779 2041,3779 2075,3779 2110,3779 2145,3778 2180,3778 2215,3778 2249,3777 2284,3777 2319,3776 2354,3776 2389,3775 2423,3775 2458,3774 2493,3773 2528,3772 2563,3771"/>
                <TextEquiv>
                    <Unicode>bedeutendste künstlerische Leistung bot.</Unicode>
                </TextEquiv>
            </TextLine>
            <TextLine id="r3l72" custom="readingOrder {index:71;}">
                <Coords points="2432,3875 2533,3848 2550,3862 2579,3853 2625,3866 2667,3860 2708,3881 2759,3849 2779,3853 2779,3820 2709,3817 2695,3806 2633,3823 2618,3810 2586,3826 2550,3812 2494,3830 2432,3823"/>
                <Baseline points="2440,3852 2465,3851 2490,3850 2516,3850 2541,3850 2567,3850 2592,3850 2618,3851 2643,3851 2669,3852 2694,3852 2720,3852 2745,3852 2771,3851"/>
                <TextEquiv>
                    <Unicode>—.— —</Unicode>
                </TextEquiv>
            </TextLine>
            <TextEquiv>
                <Unicode>enen
1. Berliner Theaterbrief.
Berlin, 26. November. Ein „Capriccio dolo¬
koso“, so nenm Arthur Schnitzler selbst sein Zwischenspiel,
die neue Komödie in drei Akten, die am Sonnabend im
Lessing=Theater in Szene ging. Es ist ein bizarres
Spiel, das da mit den ehrwürdigen Begriffen von Ehe, Treue,
Wahrheit getrieben wird; doch ein weher Klang tönt durch die
 neckischen Klänge und dem Gelächter ist ein tief innerliches
Schluchzen beigemischt. So will es der Geist des Humors, der
die Trüne im Wappen führt: aber Schnitzler gelingt weder Lachen
und Weinen recht. Es ist ein unsicheres Hin= und Herschwanken
in leisen Nebentönen, ein Verwischen der starken Wirkungen, so
daß nur in seinen Nbancen. in geistreichen Dialogen, in zart ge¬
formien Sönen die Hand des Dichters zu spüren ist, der heute
in deutscher Sprache die feinsten Zwiegespräche müder Seelen an
belauschen weist. Das Motiv seines neuen Werkes kann höchst
komisch und sehr tragisch behandelt werden. Zwei Künstler, ein
Komponist und eine Sängerin, gründen einen Ehebund, der auf
völliger Freiheit und sieter Aufrichtigkeit basiert sein soll. Wenn
nun nach siebenjähriper Ehe die engen Bande der Liebe sich
lockern, die Macht der Gewohnheit abstumpft, dann kommt das
Zwischensviel in der Sinfonie dieser beiden Menschenleben, das
schaurig düster in einem Trauermarsch und übermüng in
einem Allegro ausklingen kann. Die beiden Eheleute geben ein¬
ander frei; die Frau aus Stolz, tief verletzt durch die Lieblosige
keit des Mannes, den andere Freuden locken; der Mann froh, da
er die frühere Geliebte sich als Freundin bewahrt. Aber bald er¬
kennt er, daß er nur sie lieht, empfindet seine Verblendung und¬
wirbt von neuem um seine eigene Frau. Sie mag ihn abweisen.]
weil sie nicht mit sich svielen läßt, und er wird gebrochen von
dannen ziehen Sie mag ihm verzeihend aus Herz sinken und
alles wird in eitel Frende enden. Schnitzler weicht jedem dieser!
banalen Schlüsse aus; er hat zu feinfühli,, die Untertöne de¬
Lebens gehört, um so laut und grel zu enden. Sein Kapeli¬
meister Adame mut die Frau verlassen, mit der er gespielt, vor?
der er unter dem Schein der Wahrheit im eingelildeten Stolz des 1
hochstebenden Menschen Gleichgültigkeit geheuchelt; aber er läßt;
das Solo seiner großen Sinfonie zurück, das nur seine Frau#
singen kann, und sie bezeinnt es unter Tränen zu singen. D
beiden werden sich wiederfinden; dies unruhig wilde Zwischenspiel“
Das
wird noch in einem seligen Andante ausklingen.
Tempo, in dem dieses feine, für einen Dichter von Scmitzlers Be¬
deutung etwas blasse Stück gehalten ist, wechselt in leichten
Schwankungen zwischen leichtmütig schneller Lebendigkeit undige¬
dämpft traurigem Nachdenken. Nicht umsonst heißt der Held
Amadeus; etwas von der liebenswürdigen Weichheit, dem
schnellen Enthusiasmus, der unüverlegt leichtsinnigen Lebens¬
freude Mozirts soll auch in den Kapellmeister Adams gelegt sein.
Albert Bassermann, der den Helden spielte, gab ihn aber zu ner¬
däs, zu schwermütig, zu leidenschaftlich, so daß häufig eine##
tragische Stimmung durchdrang. Er sowohl wie Reicher haben
zu viel eigenes Gewicht, um in den leichten Wogen eines solchen
feinen, leise abschattierten Dialoges untertauchen zu können.
Reicher gab als wichtigste Episodenrolle einen Freund Adams, 
einen Dichter, den Schnitzler in einem echt romantischen Spiel ein
Theaterstück in das Theaterstück hineinlegen läßt. Er will aus der
Ehegeschichte der beiden ein Drama machen und erzählt ausführ=
lich, wie das zugehen müsse. Die geiswollen, tiefsinnig humor¬
vollen Reden dieser Figur stören doch ein wenig die hochgestimmten.
1
 Szenen der beiden Eheleute, zumal Reicher eine sehr scharf ge¬
zeichnete Gestalt daraus schuf. So litt die Aufführung, in der
die besten Kräfte der Brahmschen Bühne ihre Meisterschaft
zeigten, vielleicht an einer gewissen Schwere des Rhythmus und
Klanges. Irene Triesch, welche die weibliche Hauptrolle spielte,
traf am besten den leichten, zwischen Tragik und Neckerei hin¬
gleitenden Ton, womit freilich nicht gesagt sein soll, daß sie die
Dr. P. L.
bedeutendste künstlerische Leistung bot.
—.— —</Unicode>
            </TextEquiv>
        </TextRegion>
    </Page>
</PcGts>
