3436 4352
1297 278 1761 398 box 25/1
239 285 1229 403 20. Zuischersniel
3121 1186 3279 1280 e
488 1225 2473 1334 legen nicht viel, sie sind ja seit Jahren in der Situation, kommen wollen, so masen sie dir
495 1270 3356 1400 mit dem Weisen sprechen zu könner: Wir kennen zwar Wenn sie ein Minister einladet, in sein Kabinett zu kom= die Redaktion der
500 1320 3354 1446 deine Gründe nicht, aber wir mißbilligen sie. Herr Pro=men, so dürfen sie nicht ablehnen, weil einer dem anderen sein Wort nicht so
506 1364 3363 1513 fessor Kaiser, Vizepräsident des Abgeordnetenhauses und den Bissen nicht gönnt, der dabei abfallen könnte, sondern Dummheit, die er
1729 1407 2963 1521 sie müssen die Bedingungen hören, die man ihnen vorlegt,
504 1461 1745 1558 ein Führer der Volkspartei, sagt es in seinem Leibblatte,
1829 1508 3374 1615 Direktor: Einmal feststehende Dinge lassen sich dann kommt die „∆
1729 1569 3334 1678 schwer ändern. Man muß aus pädagogischen Rücksichten Sie mit Ihrem,
697 1579 1436 1701 Wiedergefunden.
2952 1620 3370 1695 „Wiener Mode“ b4
1741 1628 2866 1741 schon sehr häufig „Flachsmann als Erzieher“ spielen.
3045 1657 3364 1738 Schnitzler
974 1640 1579 1754 „Liebelei“ in zwei Szenen.
701 1665 943 1774 „Meister“.
1835 1648 2967 1770 Schnitzler (einfallend): Besonders in der Di¬
2941 1711 3369 1795 einen begreifl
978 1733 1310 1826 Erste Szene.
1731 1741 2464 1831 rektionskanzlei des Burgtheaters.
1833 1766 3374 1863 Direktor: Es ist ja unheimlich schwer, es allen ist bekanntlich imm
863 1790 1423 1893 Im Burgtheater.
2936 1815 3369 1907 derartigen „Anzu
625 1838 2120 1930 Herr Direktor Schlenther sitzt im bequemen recht zu machen.
1847 1865 3371 1966 Schnitzler: Aber dafür ist es sehr leicht, Herr aus dem Burgthea
3039 1915 3380 1980 Direktor
510 1912 1761 2013 Lehnstuhl und legt seine beiden Achillesfersen auf die
1740 1931 2557 2046 Direktor, sich mit allen zu verfeinden.
3045 1964 3376 2036 Schnitzle
524 1957 1764 2042 gegenüberliegende Ottomane. Der Dichter des „Süßen
1832 1962 2689 2072 Direktor: Viel Feind — viel Ehr!
519 2015 1760 2102 Mädels“ tritt ein und der Herr Direktor sieht sich genötigt.
1842 2004 3366 2105 Schnitzler: Aus irgend einem Grunde muß man zum Denken zwing
527 2058 1764 2153 seine Füße wieder auf den Erdboden zu stellen. Mit
1745 2065 3382 2174 doch seine Ehre ableiten. Uebrigens kommen wir zur Stück bereits gelesch
3057 2106 3372 2181 Direktor
537 2099 1750 2208 schwerer Mühe bringt er auch seinen hundert Pfund=Körper
1734 2126 2975 2244 Sache. Herr Direktor haben die Liebenswürdigkeit gehabt,
2961 2157 3382 2251 den Rosenbaum fr
538 2180 1048 2265 in eine vertikale Lage.
638 2183 2969 2297 Arthur Schnitzler (mit einem ironischen Seiten=lmich zum Friedensschluß einzuladen. Also tragieren wir
3064 2212 3372 2286 Schnitzle
526 2222 2978 2353 blick auf den Leibesumfang des Direktors): Herr Direktor ein wenig Portsmouth. Schütteln wir uns die Hände
2962 2260 3380 2340 jetzt dem Dichter
527 2283 2964 2399 haben also in vollem Umfang Ihre Tätigkeit wieder und sagen wir wie nach einer Novität des Burgtheaters:
2960 2315 3364 2391 bäume, und den „
1753 2348 2146 2421 „Es war nichts!“
2973 2364 3383 2443 darauf. Sie sehen
538 2387 903 2478 aufgenommen?
1847 2364 2735 2467 Direktor: Also doch zurückgekehrt? .
3069 2406 3371 2481 Direktor
638 2396 1769 2486 Direktor: Mein lieber Doktor, Sie ahnen gar
1851 2429 2746 2521 Schnitzler: Zum Franzensringelspiel.
534 2461 1769 2540 nicht, wieviel man als Direktor schwitzen muß. Inszeniert
1854 2448 3370 2552 Direktor (indigniert): Bezeichnen Sie das imir die Verständig
531 2510 1772 2585 man ein klassisches Stück, dann rinnen dickflüssige Tropfen
537 2569 3374 2646 über die Denkerstirn und die Kritiker meinen dann, daß Burgtheater deshalb mit dieser Titulatur, weil es sich un= söhnlich gestimmt?
3063 2561 3382 2640 Schnitzle
536 2601 2196 2702 diese Schweißperlen Tränen der Enttäuschten bedeuten.aufhörlich bewegt?
1867 2595 3281 2705 Schnitzler: Nein, Herr Direktor, deshalb, weil Verheiratung
2962 2660 3362 2747 kleinen Fehltritt i
535 2675 1776 2759 Bringt man ein modernes Stück, dann transpiriert man
1755 2682 2434 2776 Sie sich so gut drehen können.
535 2713 1776 2797 wieder, weil man nicht weiß, wie eine österreichische Erz¬
1861 2723 3225 2808 Direktor: Zugegeben! Ich habe Ihnen einstens Literatur.
543 2752 1780 2836 herzogin darauf schlafen wird. Will man wieder ein
1766 2796 2946 2876 den Rücken gekehrt und zeige Ihnen nun mein Gesicht.
547 2800 1781 2888 Kassastück aufführen, so schwitzt man abermals, weil man
1862 2799 3008 2910 Schnitzler: Dieser Unterschied, Herr Direktor,
3139 2833 3379 2922 Im De
545 2859 1786 2949 nicht ahnt, an wen man eigentlich die Karten verschenken
553 2919 3012 2995 soll. Ich sage Ihnen, ein Burgtheaterdirektor, der nicht ist wahrhaftig nicht merklich. Aber wenn schon einmal!
3072 2889 3383 2988 Bahr (her
552 2928 3005 3038 schwitzen kann, hat seinen Beruf a limine verfehlt. Diesem Frieden geschlossen werden soll, so verzichte ich selbst auf
540 2954 3388 3113 hehren Zweck kommt meine Körperkonstitution sehr zueden mir schon so gewohnten Anblick Ihrer geschätzten wissen doch, wesha
3081 3013 3394 3082 Direktor
1768 3034 2048 3144 Reversseite.
2990 3059 3387 3139 wahrscheinlich, um
560 3094 746 3177 statten.
1872 3059 2989 3152 Direktor: Sie werden doch einsehen, daß ich den
2984 3120 3286 3204 erkundigen?
659 3099 1787 3194 Schnitzler: Herr Direktor, es freut mich unge¬
1776 3138 2809 3226 „Schleier der Beatrice“ nicht aufführen konnte.
3079 3145 3382 3238 Bahr: Da
549 3160 1784 3235 mein, zu hören, daß Sie von Ihrer idealen Mission so sehr
1871 3154 3003 3250 Schnitzler: Ich finde es durchaus begreiflich.
2991 3204 3391 3290 Stückes? Es ist
543 3206 1795 3289 durchdrungen sind. Aber für uns heimischen Dichter hat
1773 3241 3000 3322 Herr Direktor haben alle Hände voll zu tun, um das Fiasko
2977 3258 3352 3345 Stück geherzt, ge
553 3268 1783 3355 Ihr System nur das Unangenehme, daß wie im Nachtrain
1780 3289 2706 3379 anderer Stücke entsprechend vorzubereiten.
558 3315 1782 3414 sitzen müssen, während im Vortrain Herr Otto Ernst
1865 3311 3389 3421 Direktor: Ich kann doch nicht lauter Toilettestücke Der Bahr ist wich
557 3357 1801 3463 sich breit macht. Das ist wahrhaftig mein fürchterlicher
1770 3376 3388 3479 bringen! In „Monna Vanna“ dominiert ein Mantel; Ereignis, ja, geli
572 3449 799 3531 Ernst.
