3532 4128
297 111 1201 203 20. Zuischensniel
1365 96 1811 181 box 25/6
2197 294 2896 400 De Telegraaf. Amsterban
2482 491 2955 593 Senn
2317 888 3136 980 „HAMRORGER KAMMERSPIELE'.
2671 946 3145 1037 Awischenspiel.
2296 995 3178 1076 LGIAVENHAGE, 6 Aug. — De Hambur¬
2343 1045 3182 1123 rKemmerspiele ziln naar Den liaag geko¬
2488 1080 3184 1146 met een reeks opvoeringen van
2276 1105 2449 1164 met ##
2286 1122 3176 1195 Refgenveel Hollandsche guldens of drechon¬
2278 1162 3097 1236 derd maal zooveel marken te verdienen.
2316 1190 3181 1279 Welke tooneelliefhebber werpt den corsten
2295 1235 3196 1308 steen op hem in dezen tijd van internationale
2286 1302 2596 1364 theater-misère.
2320 1299 3201 1378 Arthur Schnitzler, de schriiver van Reigen,
2297 1358 3194 1432 en een eerbiedwaardig oeuvre, dat in 9 dee¬
2303 1386 3205 1470 len gebundeld verschenen is, verbond echter
2294 1428 3194 1499 een voorwaarde aan zisn toestemming voor
2299 1476 3030 1553 de Haagsche Reigen-vertooning. D
2288 1509 3199 1595 zouden hier ook een zijner andere werken
2302 1578 2665 1632 moeten vertoonen.
2322 1586 3205 1659 Zoo ging gisteravond voor een nutig bezet¬
2319 1617 3202 1705 ten Koninklijken Schouwburg Zwischenspiel
2310 1660 3209 1743 (1904), bekend uit de voorstellingen door
2310 1706 3206 1787 „Comoedia“ onder den titel „Intermezzo“ ge¬
2308 1740 3210 1825 geven. Vergelijkingen dringen zich op en wil
2313 1784 3219 1859 moeten dadelijk bekennen dat voor ons gevoel
2311 1836 3214 1902 het stuk beter benaderd werd door de Hollan¬
2320 1873 3141 1939 ders dan door deze gasten uit Hamburg.
2523 1880 3228 1983 cenvond en innigheid waren de
2339 1935 2518 1989 Begrip,
2314 1940 3228 2033 kenmerken van de vertooning dor „Comoe¬
2313 1977 3227 2060 dia“ en vergoedden wat aan het individueele
2319 2024 3225 2092 spel te kort schoot. Bij de Duitschers zagen
2324 2061 3225 2141 wij subliem spel van de vronwelijke hoofd¬
2322 2101 3224 2170 persoon (Miriam Horwitz), zeer geestig en
2320 2140 3221 2222 fiine typeering van den raisonneur (Paul
2320 2180 3226 2263 Marx). Maar de geest, de sfeer van het werk
2335 2247 2510 2301 ontbrak.
2351 2241 3236 2335 Het gaat in die stukken om het huwelljk
2325 2294 3236 2371 van Amadeus en Cäcille, beide menschen van
2321 2338 3238 2409 talent en karakter als voor elkaar geschapen.
2325 2381 3244 2467 Om de tragiek van het lot tot ziln recht te#
2326 2411 3232 2512 doen komen, moet men de schoonheid van dit
2333 2447 3245 2534 huwelijk gezien hebben vöör den onvermijde¬
2340 2482 3248 2569 lijken ondergang, en om de waarde van wat
2342 2527 3260 2615 had kunnen zlin, te doen begrijpen, moet men
2335 2571 3248 2651 de beide hoofdrollen ah.w. gelijk gestemd be¬
2352 2641 2505 2703 zetten.
2378 2640 3238 2724 Deze eenheid ontbrak in de Duitsche ver¬
2340 2695 3245 2782 tooning. Dit huwelijk was onevenwichtig en
2359 2730 3254 2808 van den beginne af veroordeeld en hierdoor
2345 2770 3249 2843 kon de voorstelling niet tot schoonheid
2361 2842 2529 2897 stligen.
2389 2841 3259 2917 Na dit voorbehond niels dan goeds. Mirjam
2363 2883 3273 2963 Marwitz en Pau] Marx noemden wij reeds,
2355 2923 3274 2995 Erich Liegel (als lager plan) nitstekend als
2356 2966 3266 3061 de kapelmeester, Olga von Mahr was het lieve
2363 3002 3273 3074 vronwtie van ziln vriend en Annie Reuter een
2354 3043 3263 3112 goede Philine. Knap eamenspel in een vlot¬
2365 3091 3262 3146 ##te vertooning, succes en bloemen voor de
2372 3142 2789 3202 vrouwelijke hoofdrol.
2403 3150 3264 3226 En toch zonder chauvinisme: de Hollanders
2371 3218 2740 3282 waren mij liever.
2999 3266 3257 3324 Reigen.
2419 3311 3280 3393 „Reigen“, 25 jaar geleden geschreven en
2377 3360 3276 3433 sindeset vorig voorjaar overal gespeeld in de
2383 3396 3277 3471 Duitsch sprekende en begrüpende wereld,
2372 3442 3281 3537 beleefde vanmiddag zijn eerste opvoering in
2377 3478 3289 3557 ons land. Het kabaal, dat door publiek en
2386 3518 3291 3586 critiek om dit stuk gemaakt is, heeft den
2390 3552 3284 3630 schrijver in zlin werk een andere vermaard¬
2378 3578 3298 3661 heid verschaft dan die, waarop beide recht
2382 3638 3294 3698 hebben. Bij lezing eerst en daarna bij vertoo¬
2391 3684 3289 3741 ning bleek ook, dat Reigen niet een schunnig,
2391 3707 3293 3783 maar cen knap werk is en werkt het niet op¬
2388 3759 3167 3828 bouwend, neerhalen doet liet evenmin.
2424 3797 3297 3851 Tien dialogen volglen wil tusschen tien
2392 3823 3298 3904 verschillende menschen, waarvan wij de eene
2385 3864 3307 3933 kennen uit een vorige combinatie, terwijl een
2396 3905 3293 3982 ander de gewezen geliefde in die functie ver¬
2393 3934 3301 4018 volgt, met elkaar vormen zij een ring en het
2392 3963 3313 4070 is niet toevallig, lat Jaist „die Dirne“ de
2400 4024 3301 4091 sluftsteen vormt. De liefde der 10 paren vliegt
