3436 4352
753 211 855 285 ch
1404 209 1851 303 box 25/2
338 219 1231 323 20. Zui. nspiel
1308 1438 1679 1529 Telephon 12801.
802 1522 1494 1673 „OBSERVER
619 1627 1739 1718 I. österr. behördl. konz. Unternehmen für Zeitungs-Ausschnitte
821 1690 1552 1779 Wien, I., Concordiaplatz 4.
1033 1760 1341 1824 Vertretungen
632 1789 1735 1874 in Berlin, Budapest, Chicago, Christiania, Genf, Kopenhagen,
634 1841 1738 1936 London, Madrid, Mailand, Minneapolis, New-York, Paris, Rom,
802 1883 1571 1951 San Francisco, Stockholm, St. Petersburg.
987 1937 1399 1996 (Quellenangabe ohne Gewähr.)
648 1999 1661 2101 Ausschnitt ausschlesische Zeitung, Breslau
652 2144 812 2190 vom:
551 2163 1748 2253 WDif Ahenter haben einge interesante Neusgkeiten gebracht. Im
452 2241 1750 2320 Königlichen Schauspielhause gab man am Sonnabende eine wunder¬
443 2277 1760 2354 liche Komödie „Froschkönig“, deren Held, eine Art Manulescu
442 2323 1755 2411 (von Matkowsky vorzüglich gespielt), alle an der Nase herumführt
461 2360 1753 2440 und ungestraft, ja von allen — mit Ausnahme der jungen Tochter
466 2419 1761 2488 des Hauses, in die er sich sentimental werdend verliebt hat, und
463 2469 1758 2542 ihres von ihm bestohlenen Vaters — sogar bewundert und ver¬
454 2515 1752 2603 ehrt, zum Schlusse von dannen fährt. Eine stellenweise ergötzlich
464 2580 1759 2642 wirkende, dann aber wiederkunfreiwillig lächerliche, unmögliche Diebes¬
450 2608 1763 2689 komödie. Das Lessingtheater erzielte mit Schnitzlers „Zwischen¬
467 2676 1763 2728 spiel“ einen negativen Erfolg. Das Kleine Themnk Prachte gestern
458 2714 1768 2775 die Tragikomödie „Feiertag“ von dem Wiener Fellinger mit
482 2769 1764 2833 fesselnder Wirkung — dank dem Stücke und der lebenswahren Dar¬
483 2797 1767 2879 stellung — zur ersten Aufführung. Die Tragikomödie eines
476 2845 1773 2923 Wiener Bureaubeamten, der in seinen Abendstunden große Dramen
481 2892 1770 2973 dichtet, von den Seinen in der Meinung, daß er ein echter Dichter
485 2941 1772 3026 sei, während 25 Jahre bestärkt und mit der Hoffnung auf große
476 2987 1778 3054 Erfolge erfüllt wurde und der nun an seinem Jubiläumstage zu der
479 3044 1779 3111 Erkenntnis kommen muß, daß er sich in sich selbst und die Seinen
484 3097 1782 3173 ihn getäuscht haben, aus liebevoller Rücksicht Sohn und Tochter, in
473 3135 1773 3204 gutem Glauben die Gattin. Die Verzweiflung über die Täuschung
475 3179 1784 3256 und die erbarmungslose Erkenntnis der dilettantischen Nichtigkeit
495 3223 1779 3317 seines Schaffens bringen ihn dem Wahnsinn und dem Selbstmorde
488 3271 1779 3355 nahe. Aber die Angst der Seinen war vergeblich. Er faßt sich
486 3339 1788 3402 wieder und setzt sich hin, die „Tragikomödie“ seines eigenen Lebens
482 3364 1781 3446 zu schreiben. Der Verfasser erntete vielen wohlverdienten Beifall
489 3420 1791 3508 und wurde mehrfach gerufen. Thaller spielte die Hauptfigur ganz
499 3475 1808 3541 vorzüglich. Kinderszenen sind selten so echt und natürlich darge¬
487 3524 1806 3596 stellt und selten von einem Dramatiker so glücklich erfunden und
488 3576 1147 3659 gezeichnet worden wie diese hier.
1526 3608 1695 3673 L. P.
2136 311 2512 387 Telephon 12801.
2327 359 3028 510 „OBSERVER‘
2127 482 3266 574 I. österr. behördl. konz. Unternehmen für Zeilungs-Ausschnitte
2340 561 3086 640 Wien, I., Concordiaplatz 4.
2555 614 2872 685 Vertratungen
2138 641 3268 727 in Berlin. Budapest. Chicago, Christiania, Genf, Kopenhagen,
2146 702 3277 766 London, Madrid. Mailand, Minneapolis, New-York, Paris, Rom,
2330 743 3094 812 San Francisco. Stockholm, St. Petersburg.
2502 785 2928 852 (Quallenangabe ohne Gewähr.)
2571 824 3280 926 n. Kunst- & Theater Zeitung
2147 848 2574 951 Ausschnitt aus:
2768 892 2900 965 rs
2152 981 2298 1047 vom:
2438 1063 2965 1149 Berliner Theaterbrief.
2139 1126 3286 1197 (Originalbericht der „Internationalen Kunst= und Theaterzeitung“.)
2152 1196 3351 1258 Schnitzlers neues Stück, das im „Lessingtheater“ zum erstenmal
2069 1235 3347 1308 aufgeführt wurde, nennt sich eine Komödie in drei Akten. Aber wir
2080 1279 3359 1337 dürfen von dem feinen, melancholisch zarten Wiener kein fröhliches
2073 1317 3363 1389 Gelächter und keinen lustigen Humor erwarten. Sein Lachen klingt
2081 1384 3360 1446 grell und bitter in dem tragischen Scherzspiel seines „Reigen“ in den
2077 1421 3353 1489 Grotesken und Satiren, die ihm gelungen; diesmal ist es eine schwer¬
2077 1461 3367 1529 mütig leise Heiterkeit, in der ein gehaltener Ernst liegt. Zwischen
2083 1515 3364 1571 Lachen und Weinen schwankt das eheliche Zwischenspiel des Kapell¬
2081 1559 3365 1621 meisters Amadeus Adams und seiner Frau, der Sängerin Cäcilie, bis
2075 1607 3356 1669 es in einen schrillen ungewissen Akkord ausklingt, und ebenso schwankt
2074 1655 3361 1717 der Stil zwischen psychologischer Seelenschilderung und geistreich effekt¬
2079 1716 3364 1772 voller Causerie, zwischen dem Konfliktdrama und einer fast possen¬
2084 1753 3361 1820 haften Zuspitzung. Das musikalische Ehepaar hat eine moderne Ehe
2084 1812 3369 1870 geschlossen, die auf vollständiger beiderseitiger Freiheit und Aufrichtig¬
2083 1844 3369 1912 keit gegründet sein soll. Ein peinliches Intermezzo stellt sich ein;
2079 1922 3369 1961 während er mit einer gefälligen Sängerin in eine leichte Liaison gerät,
2079 1941 3363 2002 wird sie von einem jungen Fürsten Sigismund verehrt. Durch die
2072 1995 3375 2066 gegenseitigen Geständnisse, die sie sich nach der Verabredung machen,
2085 2034 3372 2090 und die doch die größte Lüge sind, indem sie kühl und fachgemäß von
2081 2079 3365 2148 Dingen reden, die beide aufs tiefste erregen, wird die Situation bang
2087 2133 3379 2201 und unerträglich. Obwohl sich beide noch immer lieben, führt doch
2083 2173 3362 2249 der Mann eine Entscheidung herbei; sie wollen als „gute Freunde“,
2085 2221 3365 2287 als „Kameraden“ mit einander verkehren. Aber solch ein Verhältnis
2083 2284 3381 2352 ist, wie der Raisonneur des Stückes bemerkt, zwischen zwei Personen
2088 2332 3370 2386 verschiedenen Geschlechts immer gefährlich. Amadeus verliebt sich in
2090 2378 3375 2431 die neue Freundin und beginnt um die eigene Gattin glühend zu
2089 2409 3385 2471 werben. Sie aber kann das grausame Experiment, durch das er sich
2075 2466 3373 2542 zuerst von ihr getrennt, nicht vergessen; auch sie liebt ihn noch wie
2091 2505 3378 2579 immer, aber nach diesem Zwischenspiel wäre ihr eine Rückkehr, ein
2092 2604 3381 2658 Aufgeben ihrer Freiheit' unmöglich. Sie ist zum eigenen freien
2097 2650 3370 2711 Menschen erwacht, und wenn sie sich noch einmal wiederfinden über
2097 2693 3385 2756 ihrem Kind, worau wir glauben dürfen, dann wird sie ihm freiwillig
2097 2742 3385 2800 die Hand zu dem Finale ihrer Ehe reichen, nicht daß sie sich wieder
2097 2782 3372 2845 in die alten Bande durch Schmeicheleien hineinziehen läßt, die der
2092 2835 3384 2897 Mann eben frivol zerrissen. Die psychologische Feinheit in diesen
2099 2878 3376 2949 alles Seelische bloßlegenden Dialogen zwischen Mann und Frau ist
2098 2944 3386 2998 von einer Zartheit. Subtilität und dem diskreten Verstehen erfüllt, die
2102 2975 3383 3043 heute nur Schnitzler in Worte zu legen vermag. Außer den beiden
2105 3033 3384 3094 ziemlich blaß gebliebenen Gestalten, die als außereheliche Partner der
2112 3077 3384 3136 beiden Eheleute vorgeführt werden, steht noch ein zweites Ehepaar
2097 3134 3376 3186 neben ihnen, ihre Freunde, der Schriftsteller Albertus Rhon und seine
2102 3173 3376 3231 Frau. Rhon ist die Figur, in der der selbst zweifelnde, bewußte
2095 3228 3384 3276 Dichter alle seine eigenen Bedenken gegen das Stück in romantischer
2106 3273 3377 3316 Subjektivität laut werden läßt; er hat die Funktion des räsonnieren¬
2096 3310 3383 3367 den Chorus im französischen Salonstück und stört mit seiner skeptischen
2105 3353 3382 3416 Geistreichigkeit ein wenig die in leichten Schwebungen hingleitenden
2101 3396 3382 3455 ehelichen Seelendialoge. So ist manches sonderbar und unfertig, ja
2094 3447 3383 3511 verwirrend in dem Stück, aber dennoch leuchtet aus allem die sicher
2098 3489 3384 3556 formende Hand, die dichterische Größe Schnitzlers. Die Aufführung
2106 3555 3380 3603 verstärkte die Unwahrscheinlichkeiten des Werkes, anstatt sie zu mildern.
2092 3607 3382 3658 Bassermanns schweres, die Tiefen aufwühlendes Temperament fand¬
2100 3638 3387 3700 nicht den leicht graziösen, künstlerisch unbesorgten Ton, den dieser im¬
2099 3680 3380 3748 pulsiv bewegliche, träumerisch leidenschaftliche Musiker haben muß.
2109 3737 3381 3792 Reicher unterstrich noch die etwas aufdringliche Dialektik der Gestalt
2106 3789 3388 3834 und wirkte trotz all seiner Charakterisierungskunst fast störend in den
2103 3824 3385 3888 Shochgestimmten Szenen des Schlusses. Am besten war Irene Triesch,
2109 3874 3390 3935 wohl deshalb, weil sie am wenigsten an künstlerischer Persönlichkeit
2110 3919 3383 3975 aufzugeben hakte. So fand die Aufführung eine freundliche, aber
2115 3972 2740 4030 nicht gerade begeisterte Aufnahme.
3115 3964 3361 4036 Dr. P. L.
