3484 4384
255 170 1775 274 20. Zwischenspiel box 25/1
906 764 1752 862 #eren Ruchforschungen wurden gestern drei
1667 851 1746 943 Men
517 930 1754 1000 einen Typus von österreichischer Hochadeligkeit. Man hörte im
1757 931 2984 1025 gegen das Machtgebot ihrer Instinkte anzukämpfen. Naturnothwendig
531 972 1746 1055 Publikum Namen nennen. Den Räsonneur spielte Herr Treßler,
1760 995 2986 1064 treibt Falk den schwächeren Nebenbuhler Mikita in den Selbstmord.
512 1012 947 1101 ein stets Verläßlicher.
1754 1038 2984 1122 Dieser rächt sich aber in voraus an dem Glücklicheren, indem er
639 1055 1744 1151 Der Räsonneur, der seines Zeichens dramatischer Dichter ist,
1761 1086 3001 1177 seine eigene Braut, Falk's zukünftige Frau, verführt. Isa (so heißt
521 1113 1751 1205 sagt einmal über sein dramaturgisches Verfahren, sehr geistreich:
1759 1138 2988 1218 sie) kann sich ihm, durch ihr Schuldbewußtsein entkräftet, nicht
518 1162 1757 1246 „Ich lasse den Vorhang aufgehen, wenn es anfängt interessant zu
1748 1180 1948 1259 versagen.
520 1230 1749 1302 werden, und lasse ihn fallen in dem Augenblick, wo ich Recht behalten
1850 1224 2983 1314 Im zweiten Bande „Unterwegs“ ist Falk schon zu willensschwach, um,
521 1278 1738 1361 habe.“ Schnitzler hat diese Methode nicht ganz befolgt und das ist der
1759 1280 2989 1373 wie er es selbst sehr gut weiß, rein thierisches Verlangen nach Marit
524 1316 939 1401 Fehler seines Stückes.
1756 1338 2989 1405 zu bemeistern. Auf das grade aus dem Kloster gekommene, naive
1756 1386 2983 1463 Spießbürgermädchen verfehlt seine Perversität und sein überlegener
513 1396 1740 1493 Stanislaw Przybyßewski: Homo sapiens.
1754 1421 2987 1513 Geist nicht die Wirkung. Er isolirt sie systematisch von allen ihren
623 1473 1738 1551 Diese bei uns bis jetzt wenig bekannt Novellentrilogie ist ein
1740 1481 2983 1551 bisherigen Ueberzeugungen, in denen sie Schutz vor ihm finden
506 1508 1729 1599 kostbares Juwel in der reichen Schatzkammer der russischen Literatur.
1750 1535 2983 1605 könnte. Er macht ihr ihren Glauben unmöglich, und die Gesellschaft
515 1593 1736 1651 Sein Held Erik Falk vereinigt in seiner Person inen hysterischen Kain
1742 1577 2978 1661 und Moral, in denen sie wurzelt, lächerlich. Mit unwillkürlichem
504 1640 1734 1700 und einen modernen Faust. Die von allen Insektionsstoffen durch
1751 1620 2978 1707 Raffinement vereinigt er alle Fäden ihres Seelenlebens in seiner
516 1678 1740 1748 und durch getränkte russische Gesellschaft verlangt immer krankhaft
1757 1678 2981 1755 Hand, um sie alle mit einem Rucke zerreißen zu können. Bei alldem
513 1709 1746 1795 minutiösere Darstellungen überreizter Gemüthszustände. Und darin ist
1749 1727 2976 1806 verliert Erik Falk keine Minute das Bewußtsein, daß er auch in seine
505 1784 1735 1847 Przybyßewski der würdige Schüler des dämonischen Dostojewskij.
1752 1775 2980 1856 Frau verliebt sei, und zwar in einer viel edleren, seelenvolleren Art. Mit
504 1820 1740 1894 Ganz eindruckslos wird sein Werk an Niemandem vorbeirauschen,
1744 1824 2974 1907 gespannter Neugierde beobachtet er an sich diesen eigenartigen Fall
498 1868 1731 1937 nicht einmal an dem von Sensationen übersättigtesten Menschen,
1747 1879 2967 1954 der Doppelliebe. Er verheimlicht seine Ehe vor Marit, belügt sie
504 1912 1727 1983 wenn er einen kleinen Funken künstlerischen oder psychologischen Ver¬
1741 1914 2967 1993 schamlos, oft überflüssiger Weise. Wie er selbst sich sagt, „er habe
496 1967 1735 2038 ständnisses in sich hat. Dieses Werk vergräbt man entweder entsetzt in
1741 1980 2974 2031 so viele Pläne geschmiedet, wie er sie erobern könnte, so viele Worte
504 2025 1718 2081 den entlegensten Winkel der Bibliothek, oder es wird Einem zur
1749 2021 2979 2101 sich selber vorgesprochen, so viele Gefühle erdichtet und erlogen, daß er
500 2056 1730 2157 Bibel, d. h. täglichen, unentbehrlichen Lektüre. Es enthält die Aesthetik
1738 2069 2961 2152 selbst nicht mehr unterscheiden könne, was echt daran — und was ihm,
501 2121 1319 2170 des Häßlichen, die Poesie des Widerwärtigen.
1740 2119 2966 2201 ja wie sollte er es nennen — künstliches Wachsthum war“. Endlich
626 2149 1725 2243 Es besteht aus drei von einander ganz unabhängigen Novellen,
1724 2160 2975 2226 erliegt sie ihm, ist aber zu sehr mit ihrer Gesellschaftsschichte ver¬
502 2213 1729 2292 die nicht einmal der Reihenfolge nach erschienen sind. Zusammen
1729 2211 2969 2293 wachsen, um das zu überleben, und ertränkt sich. Falk verfällt in ein
496 2269 1716 2323 bilden die drei Bändchen die mit erschütternder Meisterschaft analy¬
1729 2267 2962 2349 Nervenfieber. Als ec zu sich kommt, sitzt seine Frau vor dem Bett und
499 2310 1728 2384 sirte Krankheitsgeschichte Falk's, des begabten jungen Schriftstellers.
1728 2303 2967 2381 schläft. „Er war gar nicht erstannt. Er sank in die Kissen zurück und
498 2358 1722 2437 Er beobachtet an sich mit wahnwitziger Genauigkeit, wie sich aus dem
1744 2367 2973 2438 schloß die Augen. Nun war Alles gut. Marit war wohl todt. Er
1731 2409 2081 2492 schlief wieder ein.“
493 2419 1722 2482 übersensiblen Nervenzustand des modernen Künstlers ein pathologischer
500 2468 1733 2540 Fall entwickelt. Er gibt sich von jeder Phase der Krankheit peinlich
1850 2440 2946 2541 Seine quälenden Gewissensbisse betäubt er mit einer festen
502 2516 1716 2586 ausführlich Rechenschaft. Wir leben uns in sein komplizirtes Innen¬
1718 2495 2948 2587 Idee. „Ich bin Natur und zerstöre und gebe Leben. Ich schreite über
487 2564 1723 2624 leben hinein und grübeln gleichsam aus ihm heraus. Subtile Verfalls¬
1730 2558 2951 2639 tausend Leichen, weil ich muß! Und ich zeuge Leben über Leben, weil
494 2624 1721 2688 merkmale, die nur dem scharfsinnigsten Selbstbeobachter zum Bewußt¬
1723 2609 2947 2687 ich muß.“ „Weil ich ein Nicht=Ich bin, ein Uebermensch. Braucht man
497 2650 1720 2713 sein kommen können, werden vor uns sezirt; kränklich künstlerische
1722 2664 2949 2751 sich darum zu quälen?“ Die gewitterschwüle, entnervende Stimmung
498 2703 1718 2784 Nervenekstasen werden mikroskopisch untersucht. Unerreichbar ist
1730 2713 2950 2795 charakterisirt er: „Es war zwischen ihnen eine Atmosphäre, die zu
485 2756 1708 2832 Przybyßewski, wenn er mit knappen grandiosen Worten
1715 2748 2944 2840 leben schien.“ „Nun waren sie wirklich allein in der Welt. Der Regen,
1726 2810 2201 2880 die Blitze umzitterten sie.“
479 2814 1724 2877 die abstraktesten Stimmungen in plastische Formen zwängt.
493 2848 1720 2925 Zum Beispiel: „Ihn überkam ein Gefühl, als hätte er eine
1831 2853 2952 2947 Der dritte Band „Im Malstrom“ ermangelt schon beinahe
483 2902 1712 2960 große glatte Spiegelfläche um sich,“ „Schleier in den Augen. Ein
1707 2918 2950 2998 der Handlung. Eigentlich besteht er aus lose aneinandergeknüpften
492 2961 1709 3011 Schimmer wie von einem intensiven Lichte, das sich erst durch
1718 2971 2955 3052 pathologischen Szenen. Die flüchtige Drohung Czersky's, daß er
488 3006 1711 3070 schwere Nebel Bahn brechen mußte“, „Er sprach absichtlich mit einer
1721 3015 2952 3094 Falk's Verhältniß mit Sannina seiner Frau entdeckt, raubt dem
475 3050 1711 3126 Nuance von Unwillkürlichkeit", „Er war ihr schönstes Erlebniß“,
1718 3067 2942 3143 zerrütteten Nervensystem des Schriftstellers den letzten Halt. Ueber
474 3099 1707 3178 „Jedes Geräusch kroch lähmend durch seine Glieder" u. s. w. Diese
1711 3113 2944 3203 Sannina, mit der er ein Kind hat, macht er sich gar keine
482 3150 1702 3223 Beispiele sind aufs Gerathewohl von den ersten Seiten der groß¬
1712 3166 2936 3241 Gedanken mehr. Aber wenn es Isa erfährt, geht sie weg von ihm,
474 3204 1713 3271 artigen deutschen Uebersetzung herausgeschrieben, um eine annähernde
1708 3215 2947 3281 und er kann ohne sie nicht leben. Alle seine Ausschweifungen hat
474 3248 1713 3310 Idee von Przybyßewski's sprachlicher Gewalt zu geben. Der erste
1714 3265 2944 3340 er ja nur aus rasender, nachträglicher Eisersucht begangen. Weil
479 3291 1702 3379 Band heißt „Ueber Bord“. Falk und die Braut seines Freundes
1710 3311 2949 3396 sie ein Anderer (Mikita) schon vor ihm besessen hatte. Dieses
465 3336 2990 3457 Mikita verlieben sich in einander. Vergebens versuchen sie, redlich psychologisch tief begründete Motiv befremdet uns hier. Weil es
2991 755 3375 849 dürften. Die nächste
2978 830 3382 890 große Herbst=Steeple
2998 954 3372 1029 zu spät gebracht n
3005 1002 3377 1091 Przybyßewski vergiß
2995 1066 3373 1145 unbedingt vorgesagt
2983 1112 3352 1176 quälte. Da er
3003 1152 3370 1228 Charakterzug als feig
3007 1207 3373 1274 späteten Rechtfertig
2989 1255 3367 1324 berührt nur darum
2993 1302 3379 1372 fein abgetönte Fa#
2992 1349 3380 1424 zerstören muß, finde
3000 1408 3379 1474 sich. Er provozirt zu
2986 1452 3377 1517 Zufall bleibt er aber
2983 1501 3384 1570 Zwangsidee Kunickik
2978 1549 3350 1624 genommen hat, in
2982 1600 3376 1672 Schicksale nicht. Is
2982 1635 3372 1721 Mcstresse ihres Man
2986 1698 3378 1761 der gedrängten, sich
2984 1736 3378 1825 geführtes dramatische
3098 1797 3361 1862 Unglaublich
2981 1824 3352 1910 erotischen Gefühle.
2977 1889 3379 1959 Helden zur Verachtun
2967 1941 3370 2010 klingen. Im ersten
2980 1986 3377 2058 Naturinstinkt, der die
2970 2041 3379 2122 zwingt. Wie empör
2973 2082 3376 2161 Freunde die Braut ##
2972 2131 3366 2206 Opfer, um sich zu zw
2973 2194 3368 2256 Das, wodurch Mikita
2973 2241 3371 2303 zerreißt das letzte Ba##
2976 2282 3377 2353 ihre Skrupel. Und d
2968 2336 3366 2399 mord atben, da der
2967 2375 3370 2454 Natu. freuelt, wenn
2966 2435 3365 2497 sich zu vereinigen. Im
2955 2478 3380 2558 der Natur, das ihm b
2954 2530 3370 2610 Begehren nach Marit
2959 2584 3365 2648 Vielleicht klammert er
2954 2616 3367 2699 Uebermensch eins sei
2959 2675 3372 2752 reuelos zu zerstören
2955 2725 3373 2795 er sich kaum mehr be#
2956 2786 3362 2843 daß im ganzen Werk
2961 2822 3364 2892 schiedenen Handelnden
2963 2881 3370 2942 Arten des Wahnsinns
2952 2915 3372 2993 der Autor wohlgethan
2957 2969 3352 3039 menschen zu bringen.
2950 3024 3366 3083 vereinigt sein. Die üs
2958 3073 3358 3140 Personen verdankt P#
2957 3124 3363 3187 einzelnen subtilen M
2953 3168 3353 3234 Einheit gruppirt. Ein
2952 3210 3355 3287 dieser Przybyßewski.
2954 3270 3354 3352 Fähigkeiten müssen wi
3235 3458 3320 3557 30
