3484 4352
271 247 1790 385 20. Zuischenspiel box 25/1
1752 1245 2124 1345 —.—
515 1286 1471 1395 Man muß nun Herrn Kainz sehen, wie er
2428 1331 3376 1391 faßt sich aber, nimmt Abschied und heiratet, wi
469 1353 1473 1452 diesen Amadeus spielt, wie er die Psychologie
2429 1374 3370 1433 wir im dritten Akt erfahren, einen steinreiche
1579 1335 2347 1463 Theater und Kunst.
471 1418 1464 1483 einer kultivierten, nervösen Liebe gibt. Seine
2433 1419 3389 1480 Mann in den besten Jahren, der sich Hals übe
479 1457 1466 1530 Anwandlungen von Eifersucht; Eifersucht in
2430 1462 3379 1527 Kopf in sie verliebt hat. In diesem nämliche
1729 1444 2152 1538 Pariser Premiere.
2426 1509 3384 1558 dritten Akt hören wir, daß Jacques sein fast ab
472 1496 1458 1572 quälende Wonne verwandelt, Eifersucht, von
1916 1533 2393 1611 (D Paris, 10. Oktober.
2422 1546 3380 1614 geschlossenes Verlöbnis rückgängig gemacht ha
468 1550 1460 1623 einem Künstlertemperament naiv zur Erhöhung
2430 1596 3388 1655 und sich bewußt geworden ist, daß Blanche seins
1495 1570 2424 1657 Autoine hat die Saison mit einem Schlager er¬
467 1614 1457 1683 der Schaffenskraft benützt. Es ist vielleicht noch
2438 1641 3384 1701 einzige echte Liebe ist. Die Sache läuft nun au
1469 1638 2420 1700 öffnet, der sich wohl den halben Winter auf dem
464 1645 1458 1719 keinem Schauspieler gelungen, einen bedeutenden
2428 1684 3391 1747 eine Werther=Tragödie hinaus. Blanche hat der
1456 1697 2429 1747 Zettel behaupten wird. Es ist dies ein fünfaktiges
468 1691 1450 1768 Künstler so bedeutend zu spielen, wie gestern
2434 1727 3377 1777 Freund ja noch ganz gern, ist aber weit entfern
1459 1739 2417 1785 Stück von Leon Gandillot, das den Titel
463 1751 1455 1811 Herrn Kainz. Und das beste an dieser Leistung:
2435 1775 3376 1828 von tiefer Leidenschaft, sucht ihn zu trösten un
1465 1776 2426 1834 „Vers l’amour“ führt. Einen Fehler hat das
464 1789 1443 1863 das wienerische Parfüm, diesen Duft von Wiener
2441 1816 3375 1873 allmählich auf andere Gedanken zu bringen
1464 1820 2420 1874 Stück allerdings: es fängt gar zu gut an, so gut,
468 1839 1457 1908 Geistesadel, den er dem Amadens lieh. Fräulein
2431 1855 3384 1926 Jacques dagegen wühlt sich tiefer und tiefer i
1463 1856 2426 1927 daß die folgenden Akte, so trefflich sie in ihrer
475 1897 1447 1955 Witt nahm die Cäcilie zu bürgerlich, aber
2433 1893 3388 1945 seine Leidenschaft ein, und als der Vorhang zum
1459 1907 2425 1965 Art sind, dagegen doch etwas abfallen. Dieser
2430 1945 3388 1993 letztenmal fällt, steht er im Begriff, seinen
1469 1956 2420 2008 arste Akt aber ist eine Perle in jeder Beziehung.
462 1945 1456 2018 vielleicht war es richtig, daß Cäcilie, die
2441 1989 3386 2046 Leben ein Ende zu machen. Diese nach den
1464 1995 2424 2051 Wir sind in einem kleinen Restaurant auf dem
464 1998 1456 2062 Sängerin, hinter ihrem Mann, dem Komponisten,
2436 2032 3375 2078 überaus lustigen ersten Akt sehr überraschend
1456 2041 2421 2097 Montmartre, wo die Bohème den Ton angibt und
462 2030 1456 2110 an künstlerischem Menschentum zurückbleibt,
2434 2076 3380 2132 Wendung ist mit außerordentlichem Geschich
1458 2081 2421 2130 das Lokal beherrscht, und dieses Milien ist so
461 2096 1450 2162 daß sie mehr Gattin war als Primadonna.
2426 2121 3381 2190 durchgeführt, und die tragischen Szenen sind nich
1463 2125 2426 2183 ausgezeichnet geschildert, die Mise en scène ist
463 2122 1455 2195 Herr Korff als Prinz hatte wie Kainz die
2425 2162 3159 2211 weniger gut als vorher die heitern.
1466 2168 2420 2232 so vollkommen, daß dieser eine Akt genügen
472 2194 1456 2264 beste wienerische Note. Ihm gelingen jetzt,
2472 2194 3386 2266 Das Stück ist ohne Zweifel eines der besten
1454 2218 2424 2269 würde, dem Stück eine lange Dauer zu ver¬
462 2235 1454 2307 die vornehmen und beseelten jungen Männer
2424 2238 3375 2298 die in den letzten zehn Jahren aus Paris ge
1455 2249 2410 2307 sprechen. Wer den Montmartre vor zwölf oder
2424 2297 3378 2351 kommen sind, und Leon Gandillot, den wir bisher
460 2287 1451 2348 wie keinem anderen. Es ist etwas Er¬
1463 2300 2411 2356 fünfzehn Jahren gekannt hat, vermag diesen Akt,
2422 2338 3375 2387 nur als Dichter ausgelassener Possen und
474 2323 1451 2408 freuliches: Von der Neigung zu übertreiben,
1464 2340 2424 2395 der alte liebe Gestalten und wehmütige Erinne¬
2424 2379 3387 2444 Schwänke kannten, zeigt sich hier auch in de
1462 2383 2422 2462 rungen heraufbringt, nicht ohne Rührung zu
460 2379 1447 2443 in grellen Farben aufzutragen, hat sich Herr
2430 2416 3378 2482 Schilderung tieferer, ergreifender und erschüttern
1465 2428 1609 2493 sehen.
463 2429 1443 2500 Korff jetzt zu einer Diskretion, zu einer
2430 2465 2990 2530 der Regungen als Meister.
471 2490 1450 2550 Noblesse und dabei zu einer Plastik entwickelt,
1498 2466 2424 2547 In diesem ersten Akt machen wir die Bekannt¬
465 2520 1447 2596 die einfach ersten Ranges sind. Herr Treßler
1461 2525 2421 2593 schaft der Helden, des Malers Jacques und der
2484 2521 3058 2613 * Aus den Wiener Theatern.
1456 2578 2423 2622 Modistin Blanche, die sich in der Bohème zu¬
474 2581 1442 2658 als Albertus, Frau Kallina als Gräsin
2464 2578 3370 2661 Im Burgtheater gelangt morgen Samstag
1466 2624 2419 2686 sammengefunden haben. Jacques ist nicht mehr
475 2632 1448 2697 „Philine", Frau Haeberle als Marie... es
2424 2625 3379 2695 „Klein Dorrit“, Lustspiel nach Dickens von
1448 2665 2423 2728 unbekannt: soeben hat er die Nachricht erhalten,
2427 2678 3371 2735 Franz v. Schönthan, zur Aufführung. Dienstag
468 2683 1438 2763 war die beste Aufführung, die man seit langem
1454 2710 2426 2760 daß ihm der Orden der Ehrenlegion gegeben
2425 2726 3380 2774 den 17. d. geht Adolf Wilbrandts Trauerspiel
460 2714 1065 2793 im Burgtheater gesehen hat.
1452 2748 2426 2810 werden soll, und große Freude herrscht in dem
2429 2765 2947 2814 „Timandra“ in Szene.
505 2757 1439 2837 Und Paul Schlenther, der sich endlich ent¬
1450 2792 2430 2861 lustigen Kreise. Im zweiten Akt ist schon ge¬
2474 2801 3381 2873 Im Operntheater kommt morgen Samstag
464 2820 1443 2894 schlossen hat, ein altes Unrecht wieder gutzu¬
1451 2836 2409 2893 schehen, was geschehen mußte: wenn ein Maler
2425 2840 3386 2906 die Oper „Cavalleria rusticana“ mit den Damen
463 2872 1450 2937 machen, der endlich sich herbeiließ, Artur
1452 2882 2422 2940 die Ehrenlegion erhält, hört die Bohème auf, er
2421 2892 3384 2945 Sedlmair, Forster, Bayer und den Herren Maikl und
470 2912 1447 2987 Schnitzler, den bedeutendsten Dramatiker im
1446 2930 2413 2978 verläßt den Montmartre, bezieht ein Atelier am
2419 2926 3385 2983 Moser zur Aufführung. Hierauf folgt die Oper
2430 2965 3374 3015 „Der Bajazzo“, unter Mitwirkung der Frau
1448 2970 2418 3027 Boulevard Malesherbes, gibt seine Liaison auf
459 2970 1437 3037 heutigen Oesterreich, wieder in Gnaden aufzu¬
2431 3007 3379 3054 Felser und der Herren Schmedes, Demuth, Preuß und
1447 3018 2410 3075 und schaut um unter den Töchtern der reichen
461 3018 1443 3084 nehmen, der uns endlich wieder einen Hoff¬
2430 3053 3383 3125 Stehmann. Zum Schluß wird das Ballett „Pan
1443 3058 2416 3119 Bo##se, welche die fetteste Mitgift und die besten
466 3062 1451 3136 nungsschimmer gibt, daß es besser werden
2425 3089 2602 3146 gegeben.
1441 3097 2420 3154 Verbinsungen behufs Porträtbestellungen und
461 3120 1440 3178 könnte — wie gern sei auch ihm ein Wort
2454 3101 3385 3178 Die Direktion des Raimund=Theater
1441 3143 2421 3203 Bilderverkäufen bietet. Jacques ist also beinahe
2426 3143 3387 3210 hat das vieraktige Schauspiel von Bernard Shat
472 3166 1447 3234 gewidmet: Absolvo te . .. aber es ist doch viel¬
1443 3190 2425 3236 verlobt und will kurzerhand Blanche verab¬
2423 3206 3376 3257 „Frau Warrens Geschäfte“, deutsch von
464 3216 1446 3290 leicht vorsichtiger, damit noch ein Weilchen zu
1440 3236 3387 3322 schieden. Blanche, die in dieser Liebe die einzige Siegfried Trebitsch, zur Aufführung an
456 3269 662 3327 warten.
1123 3278 2652 3355 Felir Solten. ihres Lebens zu sehen alaubt. bricht zusammen, genommen.
