3532 4224
1345 88 1777 184 box 25/5
259 100 1177 203 20. Zuischensniel
1375 1076 1772 1164 Telephon 12801.
618 1242 695 1308 8
717 1249 1060 1349 MMTE
1095 1242 1590 1343 S
618 1301 705 1356 *
635 1341 1783 1416 6 l. österr. behördl. konz. Unternehmen für Zeitungs-Ausschaltte
790 1393 1668 1483 Wien, I., Concordiaplatz 4.
633 1461 711 1517 4
1006 1465 1455 1536 Vertretungen
624 1525 1774 1580 0 in Berlin, Budapest, Chicago, Christiania, Genf, Kopen¬
606 1567 1764 1617 hagen, London, Madrid, Mailand, Minncapolis, New-Vork,
727 1612 1738 1682 Paris, Rom, San Francisco, Stockholm, St. Petersburg.
1030 1645 1424 1709 (Quelienangabe oht Dewahr.)
618 1686 1065 1783 ) Ausschnitt aug
1056 1714 1634 1825 eipziger Tagblatt
605 1791 1038 1864 E. vomb 12 1907
545 1913 1797 1986 * Berliner Theater. („Lessing=Theater“: „Z vischenspiel“, Komödis
458 1972 1804 2040 von Arthur Schnitzler. 13. Dezember 1907.) Diese wundertsche Komödie
466 2003 712 2060 Schninler
878 2021 1796 2074 m schon 1905 gesvielt. Berlin hatte ihr kein besseres
477 2048 1802 2113 Schicksal berettek, als eien, die Heimatstadt des Tichters: fast wurde sie damals
467 2072 1794 2155 ausgezischt . . . Jest freilich sand Brahmé Auffrischung mildere Hörer, die auch
467 2116 1792 2189 den unerwartet tragnßer Ausklang des Stückes ohne Widerspruch passieren
463 2161 1800 2203 ließen. An der Dorstellung rrttit mancherlei neue Arbeit. Zwar gab auch
467 2195 1798 2263 diesmal Herr Reicher seinen Librettisten Albertus, aber gab ihn doch um ein
475 2232 1788 2302 Beträchtliches leichter und beweglicher, in geistreicherer Tönung, als vor zwei Jahren.
471 2267 1801 2342 Auch Herrn Grünwald sah man wieder als Prinzen Sigismund: dem eleganten
464 2311 1788 2361 jungen Aristokraten, den der Künktler damals nur unsicher traf, gab auch er in
461 2335 1790 2416 der neuen Zeichnung geschmeidigeren Halt. Die gleiche diesmal wie damals war
463 2383 1789 2452 Frau Irene Triesch als Cäcilie geblieben: voll Weichheit, voll Anmut, ganz mit dem
474 2420 1792 2487 Wienerischen Anhauch Schniplers Aber statt Herrn Bassermann sah man als
463 2453 1779 2525 Kapellmeister Amadeus ietzt Herrn Heinz Monnaid, der zu Brahms Ensemble
515 2501 1781 2562 vorerst nur als Gast — aus München lam. Herr Monnard, der vor
465 2531 1784 2591 Zeiten seine Liebhaber am Berliner Theater spielte, erinnert durch Stimme und
454 2589 1785 2659 Figur recht lebhaft an Rudolf Rittner. Wie weit er Brahms unter seinen
473 2738 1793 2819 Künalern nützen mag, kann man ja nach der Antrittsrolle noch nicht völlig
478 2778 1800 2853 übersehen. Aber jedenfalls fügte er sich geschickt und klug von Anbeginn dem
476 2810 1793 2884 Rahmen ein, in dem er künftig wirken soll, bewies, daß er über tüchtige schau¬
468 2847 1800 2930 spielerische Routine, über Leichtigkeit der Gestaltung, zugleich des Benehmens
476 2895 1789 2968 verlügt. Und schließlich sei in ihrer neuen Rolle als Gräfin von Moßheim noch
469 2917 1799 2998 Fräulein Ida Wüst erwähnt: man weiß, wie prickelns und voll pilanter Reize
481 2963 1774 3053 sie die Koketterie der Frau im Spiel aufseigt, nuakciert und steigern kann —
444 3008 1313 3084 1 sie hatte als Gräfin nichts als kolett zu sein ...
1641 3031 1751 3084 F. N.
2746 1061 3147 1163 Telephon 12801.
1998 1332 3150 1413 □ l. österr. behördl. konz. Unternehmen für Zeitungs-Ausschnitte
2163 1382 3041 1474 Wien, I., Concordiaplatz 4.
1992 1439 2090 1503 *
2390 1452 2827 1534 Vertretungen
2052 1487 3132 1579 in Berlin, Budapest, Chicago, Christiania, Genf, Kopen¬
1980 1543 3133 1610 hagen, London, Madrid, Mälland, Minneapolis, New-Vork,
2083 1594 3115 1669 Paris, Rom, San Francisco, Stockholm, St. Petersburg.
2403 1629 2796 1698 (Obellenangabe ohns Gewam
1989 1669 2487 1765 7 Ausschnitt aus:
2560 1701 2835 1780 15 12.1907.
2271 1739 3118 1840 Norddeutsche Allgemeine Zeitung.
1978 1786 2259 1883 ## #mi
2597 1805 2804 1901 „Berlin.
2215 1973 2772 2070 Theater und Musik.
1990 2052 3111 2128 N. Das Lessing=Theater gab am Freitag eine
1906 2100 3104 2155 Neueinstudierung der Schnitzlerschen Komödie Zwischen¬
2198 2147 3104 2204 ist die Tramenner Künstlerehe, in der
1889 2187 3104 2232 beide Gatten dadurch, daß sie gegeneinander wahr sein
1891 2245 3104 2293 wollen, sich um sich seiöst betrügen und alles verlieren, erst
1901 2279 3114 2336 das eheliche Zusammenleben und schließlich auch die gute
1896 2327 3114 2393 Kameradschaft, so daß nichts übrig bleibt als gänzliche
1888 2362 3114 2431 Trennung, die, wie Schnitzler andeutet, vielleicht doch
2919 2401 3106 2475 psycho¬
1897 2397 2815 2480 noch einem späteren Gluck weichen soll.
1896 2445 3109 2507 logische Analyse ist mit Feinheiten überlastet. Das
1894 2493 3102 2553 führt dazu, daß den Theaterbesuchern mancher gut
1898 2530 3108 2582 humoristische Zug entgeht, und daß die Leute bei Stellen.
1904 2587 3107 2637 wo Herr Schnitzler ernst wirken möchte, fröhlich auflachen.
1892 2621 3102 2683 Freilich so gar tief ist der Ernst in dieser Komödie nirgends.
1909 2671 3117 2728 Der Verfasser macht sich in der Figur des Textbuchschreibers
1899 2712 3107 2767 Albertus Rhon über seine eigenen Einfälle und Finessen lustig.
1900 2754 3123 2829 Dieser Raisoneur, den der Dichter über sich selbst gesetzt hat,
1909 2790 2965 2861 möchte wohl das Verdienstlichste sein am Zwischenspiet.
1991 2846 3113 2900 Den Ehegatten gab als Gast Heer Monnard aus
1895 2876 3118 2953 München. Es war eine wohlgetroffene Verkörperung des
1909 2927 3112 2980 nervösen Musikers wie des eifersüchtigen Verliebten. Herr
1896 2971 3121 3046 Monnard verfügt über gute Mittel für dramatische Konversation
1908 3021 3115 3072 und paßte sich dem Zusammenspiel ausgezeichnet an. Seine
1892 3062 3118 3117 Partnerin, Irene Triesch, konnte durch glänzendes Spiel
1904 3102 3112 3167 doch nicht davon überzeugen, daß dieses Schnitzlersche Frauen¬
1908 3161 3118 3207 wesen weiß, was es eigentlich will. Wahrscheinlich darf die
1900 3188 3118 3256 Cäcili. das auch nicht wissen; sie würde sonst unmöglich. Mit
1902 3228 3110 3282 der souveränen Ueberlegenheit eines Künstlers, der viel klüger
1955 3271 3130 3328 als seine Rolle, stattete Emanuel Reicher den Albertus
1904 3301 3125 3393 Rhon aus, und Willy Grunwald erfreute durch die sichere
1912 3376 2604 3446 Eleganz seines Fürsten Lohsenstein:
