3532 4064
1364 92 1811 179 box 25/6
271 116 1196 214 20. Zuischenspie-
926 1178 1581 1262 Frankfurter ####richten
963 1247 1557 1336 und Intelligenz Blatt
1022 1323 1814 1432 Frankfurt a. M. a6 19
861 1513 1820 1601 Arihun Schnitzler: „Zwischenspiel“
990 1583 1721 1667 Erstrunffthrung-im Schauspielhaus.
971 1650 1824 1722 die schlechte Dichtung einer vergangenen
1197 1695 1826 1751 ie scheint uns Heutigen blutlos,
883 1682 1142 1766 Gesteration.
854 1750 1833 1785 schemenhaft, leer und nur reich an fließenden
860 1782 1826 1834 [Gesprächen. Ein Labyrinth vieler Worte, ein
864 1809 1834 1874 Irrgarten von Empfindungen, die uns kalt
872 1860 1334 1919 lassen und unbeteiligt.
939 1880 1841 1941 Beifälliges Interesse bleibt nur wach durch
877 1928 1849 1993 die peinlich gezeichnete Ornamentik eines fleißig:
880 1983 1389 2038 verschlungenen Dialogs.
937 2001 1840 2078 Die seelischen Konflikte einer Ehe zwischen
886 2048 1838 2112 Zwei Künstlern. Nach sieben miteinander ver¬
877 2092 1832 2143 brachten Jahren sind sie aneinander müde ge¬
880 2125 1839 2204 worden, wollen als Freunde, jedes frei in seinem
877 2177 1841 2221 Tun, künftig nebeneinander leben. Es beginnt
885 2209 1836 2280 ein Verlieren, Suchen, Finden und Wiederver¬
879 2254 1832 2300 lieren. Die einzigste unbestechliche Gemeinsam¬
884 2282 1836 2348 keit bleibt das Kind der beiden, zuweilen noch
886 2328 1847 2380 verankern sie sich flüchtig in eine rasche Stunde,
884 2359 1849 2416 in der sie sich in der Leidenschaft ihrer Leiber
893 2408 1847 2462 wieder als untrennbar verbunden glauben. In
886 2432 1844 2496 Wirklichkeit durchschauen sie das Sviel ihrer
880 2476 1840 2539 Whantasien, aber sie umklirren sich mit tausend
888 2511 1848 2581 Möglichkeiten, tändeln in einer endlosen Kette
887 2554 1851 2607 von Gesprächen mit dem einen zweifellosen: ihrer
887 2602 1052 2672 Liebe.
947 2620 1854 2680 Der Kapellmeister Amadeus: kindlich, ehrlich,
894 2671 1849 2723 zuversichtlich. Die Sängerin Cäcilie: frauenhaft
902 2705 1864 2766 klüger, beweglicher, latenter in ihrer Empfind¬
893 2750 1860 2806 samkeit, wissender. Um die beiden ein befreun¬
903 2782 1856 2839 detes Ehepaar, eigentlich überflüssig und dem
898 2825 1863 2872 verlegenen Verfasser doch zu allerlei nützlich, und
894 2866 1857 2916 ein Prinz mit Blumenstränßen, Heiratsanträgen
1474 2909 1864 2955 Im Hintergrund
890 2907 1473 2960 und sehr viel Korrekthe..
905 2939 1859 2982 wird Musik bereit gehalten, die wacker eingreift,
904 2981 1853 3032 wenn irgendwo eine Rührseligkeit unterstützt
910 3018 1857 3094 werden soll: am Ende kritischer Aussprachen und
906 3063 1240 3122 bei Abschieden.
970 3083 1873 3147 Eine Welt, mit der wir keine Fühlung haben.
906 3128 1874 3198 Eine Dichtung, die wir nicht anerkennen und
909 3175 1868 3219 die uns nichts zu sagen hat, weil nichts in uns
909 3208 1877 3254 mitklingen kann. Ihre Probleme sind keine
915 3258 1869 3296 Probleme, sondern nur Situationen, in einem
914 3283 1888 3354 besonderen Licht gesehen, die gar keine Konflikte,
909 3326 1880 3395 also auch keine Leiden und Seelenschmerzen nötig
1839 1485 2797 1552 haben. Hier wird durch drei Akte hindurch
1829 1530 2794 1588 nichts getan, sondern nur gesprochen, und zwar
1834 1567 2793 1629 gesprochen ohne Berechtigung. Das Feuerwerk
1844 1607 2790 1662 dieser Reden erlischt mit dem Hall ihrer Laute.
1844 1661 2793 1695 Es ist nicht einmal stark genug, um für Minuten
1844 1692 2789 1744 zu blenden und einen mit dem Geräusche sehr
1853 1718 2795 1781 schöner und geistreicher Worte zu verblüssen.
1850 1755 2629 1830 Weder dies, noch anderes. Also nichts.
1898 1773 2812 1844 Georg Lengbach verfiel allzusehr dem
1841 1834 2795 1890 Lustspielton des Stückes. Sein Kapellmeister
1852 1874 2796 1931 schwankte hilflos zwischen Komik und Ernst. Es
1855 1920 2799 1971 ging dem Publikum bei ihm, wie bei dem ganzen
1859 1949 2796 2012 Stück überhaupt: es wußte nicht, wann es zu
1849 1996 2589 2052 lachen und wann es zu weinen hatte.
1904 2018 2804 2087 Kitty Aschenbach: munter, herzhaft, er¬
1848 2072 2807 2132 freulich hier, erfreulich dort, im gangen: sehr er¬
1862 2109 2810 2162 träglich. Fritta Brod sprach so leise, daß man
1858 2162 2799 2202 sie vom Orchestersessel an nicht mehr verstand.
1860 2200 2802 2247 („Die Schauspielerin der kommenden Genera¬
2634 2217 2805 2291 Pelleicht
1851 2228 2625 2293 tion“ Herr Kornfeld? Vielleicht —
1859 2275 2488 2328 auch nicht. Wir werden sehen.)
1910 2276 2816 2355 Margarethe Swoboda und Arthur Bauer
1861 2343 2813 2396 als Ehepaar. Heinrich George: der Prinz aus
1855 2368 2816 2438 dem Film, gewaltig, gebogener Cutaway, Ein¬
1870 2409 2820 2477 glas, Korrektheit, jedoch die Seele erstickte im
1863 2468 2113 2524 Stehkragen.
1913 2486 2824 2559 Man ging im allgemeinen und im besonderen
1859 2544 2372 2612 unbeteiligt von dannen.
