<?xml version="1.0" encoding="UTF-8" standalone="yes"?>
<PcGts xmlns="http://schema.primaresearch.org/PAGE/gts/pagecontent/2013-07-15" xmlns:xsi="http://www.w3.org/2001/XMLSchema-instance" xsi:schemaLocation="http://schema.primaresearch.org/PAGE/gts/pagecontent/2013-07-15 http://schema.primaresearch.org/PAGE/gts/pagecontent/2013-07-15/pagecontent.xsd">
    <Metadata>
        <Creator>prov=University of Rostock/Institute of Mathematics/CITlab/Gundram Leifert/gundram.leifert@uni-rostock.de:name=ONB_Newseye_GT_M1+(htr_id=10810)::::v=2.4.2
prov=University of Rostock/Institute of Mathematics/CITlab/Tobias Gruening/tobias.gruening@uni-rostock.de:name=de.uros.citlab.module.baseline2polygon.B2PSeamMultiOriented:v=2.4.2
prov=University of Rostock/Institute of Mathematics/CITlab/Tobias Gruening/tobias.gruening@uni-rostock.de:name=/mnt/transkribus/LA/DEA/URO/LA_news_onb_att.pb:de.uros.citlab.segmentation.CITlab_LA_ML:v=2.4.2
Transkribus</Creator>
        <Created>2019-10-07T11:19:34.878+02:00</Created>
        <LastChange>2019-10-08T03:09:36.608+02:00</LastChange>
        <TranskribusMetadata docId="223968" pageId="9496381" pageNr="59" tsid="16499836" status="IN_PROGRESS" userId="40391" imgUrl="https://files.transkribus.eu/Get?id=ZZMXRIUBVCJDJCYIYHMKPYTN&amp;fileType=view" xmlUrl="https://files.transkribus.eu/Get?id=IUARARDRGQGSAOZRDDREXZHA" imageId="6186608"/>
    </Metadata>
    <Page imageFilename="223968_0059.jpeg" imageWidth="3436" imageHeight="4352">
        <ReadingOrder>
            <OrderedGroup id="ro_1711439504236" caption="Regions reading order">
                <RegionRefIndexed index="0" regionRef="r1"/>
            </OrderedGroup>
        </ReadingOrder>
        <TextRegion orientation="0.0" id="r1" custom="readingOrder {index:0;}">
            <Coords points="656,99 656,4118 2751,4118 2751,99"/>
            <TextLine id="r1l1" custom="readingOrder {index:0;}">
                <Coords points="1686,119 1725,137 2223,133 2222,73 2191,69 1686,65"/>
                <Baseline points="1699,124 1724,123 1750,123 1775,122 1801,122 1826,121 1852,121 1877,121 1903,121 1928,120 1954,120 1979,120 2005,120 2030,120 2056,120 2081,120 2107,120 2132,120 2158,119 2183,119 2209,119"/>
                <TextEquiv>
                    <Unicode>emnen</Unicode>
                </TextEquiv>
            </TextLine>
            <TextLine id="r1l2" custom="readingOrder {index:1;}">
                <Coords points="663,152 1690,155 1690,116 663,123"/>
                <Baseline points="677,145 727,144 777,143 827,142 877,142 927,142 977,142 1027,142 1077,142 1127,142 1177,142 1227,143 1277,143 1327,143 1377,144 1427,144 1477,144 1527,145 1577,145 1627,145 1677,145"/>
                <TextEquiv>
                    <Unicode>mich nach allem Schmerzlichen und Süßen, nach allem</Unicode>
                </TextEquiv>
            </TextLine>
            <TextLine id="r1l3" custom="readingOrder {index:2;}">
                <Coords points="1700,182 2516,161 2726,186 2729,126 1699,133"/>
                <Baseline points="1713,165 1763,165 1813,166 1863,166 1913,166 1963,166 2013,165 2063,165 2113,164 2163,164 2214,163 2264,162 2314,161 2364,161 2414,160 2464,160 2514,159 2564,159 2614,159 2664,159 2715,159"/>
                <TextEquiv>
                    <Unicode>er seiner verflossenen Friederike geschrieben, dieser ab¬</Unicode>
                </TextEquiv>
            </TextLine>
            <TextLine id="r1l4" custom="readingOrder {index:3;}">
                <Coords points="658,188 1635,198 1692,196 1693,152 658,149"/>
                <Baseline points="671,179 721,179 771,180 822,180 872,180 923,180 973,181 1023,181 1074,181 1124,181 1175,181 1225,181 1275,181 1326,181 1376,181 1427,181 1477,181 1527,182 1578,182 1628,182 1679,182"/>
                <TextEquiv>
                    <Unicode>Schönen und nach allem Kläglichen, was das Leben</Unicode>
                </TextEquiv>
            </TextLine>
            <TextLine id="r1l5" custom="readingOrder {index:4;}">
                <Coords points="1688,221 2611,217 2717,208 2717,166 1687,182"/>
                <Baseline points="1701,211 1751,211 1801,211 1851,210 1901,210 1952,209 2002,209 2052,208 2102,207 2152,207 2203,206 2253,205 2303,204 2353,204 2403,203 2454,202 2504,202 2554,201 2604,201 2654,201 2705,201"/>
                <TextEquiv>
                    <Unicode>gerungen, um Amadens vor einem eventuellen Duelt</Unicode>
                </TextEquiv>
            </TextLine>
            <TextLine id="r1l6" custom="readingOrder {index:5;}">
                <Coords points="659,214 1633,255 1663,191 659,188"/>
                <Baseline points="673,213 721,214 770,215 819,215 868,215 916,216 965,216 1014,216 1063,216 1111,215 1160,216 1209,216 1258,216 1306,217 1355,217 1404,218 1453,219 1501,221 1550,223 1599,226 1648,228"/>
                <TextEquiv>
                    <Unicode>bringt. Ich sehne mich nach Stürmen, nach Gefahr, —</Unicode>
                </TextEquiv>
            </TextLine>
            <TextLine id="r1l7" custom="readingOrder {index:6;}">
                <Coords points="1678,276 1753,246 2728,253 2727,201 1678,224"/>
                <Baseline points="1691,252 1742,251 1793,250 1844,250 1895,249 1947,249 1998,248 2049,247 2100,247 2151,246 2203,246 2254,245 2305,245 2356,244 2407,243 2459,243 2510,242 2561,241 2612,241 2663,240 2715,239"/>
                <TextEquiv>
                    <Unicode>zu bewahren. Nun glaubt er Cäciliens sicher zu sein,</Unicode>
                </TextEquiv>
            </TextLine>
            <TextLine id="r1l8" custom="readingOrder {index:7;}">
                <Coords points="656,265 767,252 868,262 1034,252 1034,221 920,229 897,216 884,229 835,229 822,216 767,226 656,218"/>
                <Baseline points="668,250 693,249 718,249 743,250 768,250 794,250 819,251 844,251 869,251 894,251 920,251 945,251 970,250 995,249 1021,247"/>
                <TextEquiv>
                    <Unicode>vielleicht nach mehr:</Unicode>
                </TextEquiv>
            </TextLine>
            <TextLine id="r1l9" custom="readingOrder {index:8;}">
                <Coords points="1690,292 2590,302 2735,280 2735,226 1690,263"/>
                <Baseline points="1702,292 1753,291 1804,290 1855,289 1906,289 1957,288 2008,288 2059,287 2110,287 2161,287 2212,286 2263,286 2314,286 2365,286 2416,285 2467,285 2518,284 2569,284 2620,283 2671,282 2723,281"/>
                <TextEquiv>
                    <Unicode>doch sie, eine Art Hedda Gabler=Natur, scheidet von</Unicode>
                </TextEquiv>
            </TextLine>
            <TextLine id="r1l10" custom="readingOrder {index:9;}">
                <Coords points="720,282 1634,315 1694,290 1695,246 720,251"/>
                <Baseline points="732,279 779,281 827,283 874,284 922,285 969,286 1017,286 1064,287 1112,288 1159,289 1207,289 1254,290 1302,290 1349,290 1397,291 1444,291 1492,292 1539,292 1587,293 1634,294 1682,295"/>
                <TextEquiv>
                    <Unicode>Amadens: Nein, Cäcilie, das versucht du dir ein¬</Unicode>
                </TextEquiv>
            </TextLine>
            <TextLine id="r1l11" custom="readingOrder {index:10;}">
                <Coords points="654,330 686,329 694,337 714,339 740,320 771,325 784,319 800,329 846,323 845,286 819,290 811,282 786,291 767,281 739,287 697,264 653,263"/>
                <Baseline points="668,322 695,319 723,317 751,316 778,315 806,316 834,318"/>
                <TextEquiv>
                    <Unicode>zubilden!</Unicode>
                </TextEquiv>
            </TextLine>
            <TextLine id="r1l12" custom="readingOrder {index:11;}">
                <Coords points="1686,347 2614,335 2728,321 2728,285 1685,292"/>
                <Baseline points="1700,330 1750,330 1801,330 1852,330 1902,330 1953,329 2004,329 2054,328 2105,328 2156,327 2207,327 2257,326 2308,325 2359,325 2409,324 2460,324 2511,323 2561,323 2612,322 2663,322 2714,322"/>
                <TextEquiv>
                    <Unicode>ihm, indem sie ihm sagt, daß ihr allerdings wehe</Unicode>
                </TextEquiv>
            </TextLine>
            <TextLine id="r1l13" custom="readingOrder {index:12;}">
                <Coords points="713,353 808,368 847,358 868,371 938,352 982,371 1000,355 1078,367 1130,352 1131,308 1045,322 1025,304 1009,314 968,298 902,320 856,309 801,329 783,318 713,327"/>
                <Baseline points="726,353 752,353 778,353 804,353 830,354 856,354 882,354 908,354 934,355 960,355 986,356 1012,356 1038,357 1064,358 1090,358 1116,359"/>
                <TextEquiv>
                    <Unicode>Cäcilie: O nein!</Unicode>
                </TextEquiv>
            </TextLine>
            <TextLine id="r1l14" custom="readingOrder {index:13;}">
                <Coords points="1683,367 2590,358 2616,383 2735,356 2735,320 1682,328"/>
                <Baseline points="1696,370 1747,369 1798,368 1849,368 1901,368 1952,367 2003,367 2055,367 2106,366 2157,366 2209,366 2260,366 2311,366 2362,365 2414,365 2465,364 2516,364 2568,363 2619,362 2670,362 2722,361"/>
                <TextEquiv>
                    <Unicode>ums Herz sei, daß sie aber Eines stark fühle: „Wir</Unicode>
                </TextEquiv>
            </TextLine>
            <TextLine id="r1l15" custom="readingOrder {index:14;}">
                <Coords points="724,399 1694,416 1694,365 1635,346 725,360"/>
                <Baseline points="738,389 785,390 832,391 879,392 926,393 974,394 1021,395 1068,396 1115,396 1162,397 1210,397 1257,397 1304,398 1351,398 1398,398 1446,398 1493,398 1540,399 1587,399 1634,399 1682,400"/>
                <TextEquiv>
                    <Unicode>Amadeus: Gewiß, Cäctlie. Du weißt eben noch</Unicode>
                </TextEquiv>
            </TextLine>
            <TextLine id="r1l16" custom="readingOrder {index:15;}">
                <Coords points="1700,414 2654,413 2739,368 1699,373"/>
                <Baseline points="1712,408 1762,408 1813,408 1863,409 1914,409 1965,409 2015,409 2066,409 2117,409 2167,409 2218,408 2269,408 2319,407 2370,406 2421,406 2471,405 2522,403 2573,402 2623,401 2674,399 2725,397"/>
                <TextEquiv>
                    <Unicode>sind einander so viel gewesen, daß wir uns die Er¬</Unicode>
                </TextEquiv>
            </TextLine>
            <TextLine id="r1l17" custom="readingOrder {index:16;}">
                <Coords points="644,427 1686,440 1686,404 787,407 644,370"/>
                <Baseline points="657,428 707,429 758,429 809,430 860,431 910,432 961,433 1012,434 1063,434 1113,435 1164,436 1215,436 1266,437 1316,437 1367,438 1418,438 1469,438 1519,438 1570,438 1621,437 1672,437"/>
                <TextEquiv>
                    <Unicode>wenig und stellst dir vieles einfacher und reinlicher vor,</Unicode>
                </TextEquiv>
            </TextLine>
            <TextLine id="r1l18" custom="readingOrder {index:17;}">
                <Coords points="1690,458 2476,460 2628,430 2680,454 2727,404 1690,409"/>
                <Baseline points="1702,448 1752,448 1803,449 1853,449 1904,449 1955,449 2005,450 2056,450 2107,450 2157,449 2208,449 2259,449 2309,449 2360,448 2411,448 2461,447 2512,446 2563,445 2613,445 2664,444 2715,443"/>
                <TextEquiv>
                    <Unicode>innerung darau erhalten müssen. Wenn das ein</Unicode>
                </TextEquiv>
            </TextLine>
            <TextLine id="r1l19" custom="readingOrder {index:18;}">
                <Coords points="653,466 1579,485 1682,476 1683,437 654,433"/>
                <Baseline points="666,463 716,464 766,465 816,466 866,467 916,468 966,469 1017,471 1067,472 1117,472 1167,473 1217,474 1267,475 1317,475 1368,475 1418,475 1468,475 1518,475 1568,474 1618,473 1669,472"/>
                <TextEquiv>
                    <Unicode>als es ist. Aber es gibt Dinge, die du nie ertrügst, und</Unicode>
                </TextEquiv>
            </TextLine>
            <TextLine id="r1l20" custom="readingOrder {index:19;}">
                <Coords points="1700,493 2618,502 2729,481 2729,434 2333,464 1700,451"/>
                <Baseline points="1713,487 1763,487 1813,487 1863,488 1913,488 1964,489 2014,489 2064,490 2114,490 2164,490 2215,490 2265,490 2315,490 2365,489 2415,488 2466,488 2516,487 2566,485 2616,484 2666,482 2717,479"/>
                <TextEquiv>
                    <Unicode>Abenteuer war, sind wir auch unser vergangenes</Unicode>
                </TextEquiv>
            </TextLine>
            <TextLine id="r1l21" custom="readingOrder {index:20;}">
                <Coords points="657,503 1686,524 1686,475 1601,464 657,467"/>
                <Baseline points="669,501 719,501 769,502 819,503 870,504 920,505 970,506 1020,507 1071,508 1121,509 1171,509 1221,510 1272,510 1322,511 1372,511 1422,510 1473,510 1523,509 1573,509 1623,507 1674,506"/>
                <TextEquiv>
                    <Unicode>manche, die zu begehen du nicht fähig wärst. — Ich kenne</Unicode>
                </TextEquiv>
            </TextLine>
            <TextLine id="r1l22" custom="readingOrder {index:21;}">
                <Coords points="1690,525 1884,550 2735,523 2714,479 1690,496"/>
                <Baseline points="1704,526 1754,527 1805,527 1856,528 1907,528 1958,529 2009,529 2060,530 2111,530 2162,530 2213,530 2263,530 2314,530 2365,529 2416,529 2467,528 2518,527 2569,525 2620,524 2671,522 2722,519"/>
                <TextEquiv>
                    <Unicode>Glück nicht wert. War es ein Abschied, so sind wir</Unicode>
                </TextEquiv>
            </TextLine>
            <TextLine id="r1l23" custom="readingOrder {index:22;}">
                <Coords points="658,539 699,552 730,550 759,535 798,548 834,541 894,549 927,544 928,524 814,502 801,509 658,505"/>
                <Baseline points="670,538 697,540 724,540 751,540 778,540 806,540 833,541 860,541 887,541 915,543"/>
                <TextEquiv>
                    <Unicode>dich. Cäcilie.</Unicode>
                </TextEquiv>
            </TextLine>
            <TextLine id="r1l24" custom="readingOrder {index:23;}">
                <Coords points="1691,581 2718,570 2718,528 1691,527"/>
                <Baseline points="1705,570 1755,570 1805,569 1855,569 1905,569 1955,569 2005,569 2055,569 2105,569 2155,569 2205,569 2255,569 2305,569 2355,568 2405,568 2455,567 2505,567 2555,566 2605,564 2655,563 2705,561"/>
                <TextEquiv>
                    <Unicode>vielleicht doch zu einem künftigen bestimmt ...</Unicode>
                </TextEquiv>
            </TextLine>
            <TextLine id="r1l25" custom="readingOrder {index:24;}">
                <Coords points="725,579 1622,588 1687,583 1687,523 1531,547 1461,523 1433,552 1378,531 1316,562 1080,530 725,543"/>
                <Baseline points="737,574 783,575 830,576 877,576 924,577 971,578 1018,578 1065,579 1112,579 1159,579 1206,579 1252,579 1299,579 1346,579 1393,579 1440,579 1487,578 1534,577 1581,577 1628,576 1675,575"/>
                <TextEquiv>
                    <Unicode>Cäcilie: Du kennst mich? ... Du weißt nur, was</Unicode>
                </TextEquiv>
            </TextLine>
            <TextLine id="r1l26" custom="readingOrder {index:25;}">
                <Coords points="1696,624 1728,634 1784,612 1810,622 1828,616 1839,626 1849,616 1906,620 1906,576 1695,574"/>
                <Baseline points="1710,609 1736,610 1762,609 1788,607 1814,606 1840,605 1866,606 1892,611"/>
                <TextEquiv>
                    <Unicode>vielleicht</Unicode>
                </TextEquiv>
            </TextLine>
            <TextLine id="r1l27" custom="readingOrder {index:26;}">
                <Coords points="651,607 1680,618 1680,579 1592,566 651,575"/>
                <Baseline points="664,609 714,610 764,611 814,613 864,614 915,615 965,616 1015,617 1065,618 1115,618 1166,619 1216,619 1266,619 1316,619 1366,618 1417,618 1467,617 1517,616 1567,614 1617,613 1668,610"/>
                <TextEquiv>
                    <Unicode>ich als deine Geliebte, deine Gattin war. Und da du für</Unicode>
                </TextEquiv>
            </TextLine>
            <TextLine id="r1l28" custom="readingOrder {index:27;}">
                <Coords points="1738,648 2729,645 2713,585 2594,612 2065,589 2003,618 1925,590 1891,619 1738,617"/>
                <Baseline points="1751,647 1799,648 1847,649 1895,649 1943,650 1992,650 2040,650 2088,650 2136,650 2184,649 2233,649 2281,648 2329,648 2377,647 2425,647 2474,646 2522,645 2570,645 2618,644 2666,644 2715,644"/>
                <TextEquiv>
                    <Unicode>So molluskenhaft die Gestalt Amadeus, so kernfest,</Unicode>
                </TextEquiv>
            </TextLine>
            <TextLine id="r1l29" custom="readingOrder {index:28;}">
                <Coords points="656,661 1698,656 1698,617 1563,609 656,609"/>
                <Baseline points="668,647 718,648 769,650 820,651 871,652 922,653 973,654 1024,655 1075,655 1126,655 1177,656 1227,655 1278,655 1329,655 1380,654 1431,653 1482,652 1533,651 1584,650 1635,648 1686,646"/>
                <TextEquiv>
                    <Unicode>mich die ganze Welt bedeutet hast, in dir all meine Sehnsticht,</Unicode>
                </TextEquiv>
            </TextLine>
            <TextLine id="r1l30" custom="readingOrder {index:29;}">
                <Coords points="659,681 1006,710 1691,694 1691,642 659,650"/>
                <Baseline points="671,682 721,684 771,686 822,687 872,688 922,689 973,690 1023,691 1073,692 1124,692 1174,693 1224,693 1275,693 1325,692 1375,691 1426,690 1476,689 1526,687 1577,685 1627,682 1678,679"/>
                <TextEquiv>
                    <Unicode>all meine Zärtlichkeit beschlossen war, so konnten wir</Unicode>
                </TextEquiv>
            </TextLine>
            <TextLine id="r1l31" custom="readingOrder {index:30;}">
                <Coords points="1700,694 2730,696 2730,644 1700,645"/>
                <Baseline points="1714,689 1764,690 1814,690 1864,691 1914,692 1965,693 2015,693 2065,693 2115,694 2165,694 2216,694 2266,693 2316,693 2366,693 2416,692 2467,691 2517,690 2567,689 2617,688 2667,686 2718,685"/>
                <TextEquiv>
                    <Unicode>wenngleich voll unlösbarer Widersprüche ist der</Unicode>
                </TextEquiv>
            </TextLine>
            <TextLine id="r1l32" custom="readingOrder {index:31;}">
                <Coords points="649,714 1702,739 1684,687 650,680"/>
                <Baseline points="662,717 713,719 764,722 815,723 867,725 918,726 969,727 1021,727 1072,728 1123,728 1175,728 1226,728 1277,728 1328,727 1380,727 1431,726 1482,725 1534,724 1585,723 1636,722 1688,721"/>
                <TextEquiv>
                    <Unicode>beide früher nicht ahnen, wozu ich bestimmt wäre, wenn</Unicode>
                </TextEquiv>
            </TextLine>
            <TextLine id="r1l33" custom="readingOrder {index:32;}">
                <Coords points="1690,731 2071,757 2364,724 2727,737 2727,698 2636,675 2245,711 1690,694"/>
                <Baseline points="1703,733 1753,733 1804,733 1854,734 1905,734 1956,735 2006,735 2057,735 2107,736 2158,736 2209,736 2259,735 2310,735 2360,734 2411,734 2462,733 2512,731 2563,730 2613,728 2664,726 2715,723"/>
                <TextEquiv>
                    <Unicode>Charakter Cäciliens. Ein neues Frauenrätsel, au</Unicode>
                </TextEquiv>
            </TextLine>
            <TextLine id="r1l34" custom="readingOrder {index:33;}">
                <Coords points="650,765 1700,769 1700,725 1581,719 650,718"/>
                <Baseline points="662,755 713,756 764,758 815,759 867,760 918,761 969,762 1021,762 1072,763 1123,763 1175,763 1226,764 1277,764 1328,764 1380,763 1431,763 1482,763 1534,762 1585,761 1636,760 1688,759"/>
                <TextEquiv>
                    <Unicode>sich die wirkliche Welt vor mir auftäte. — Ich bin schon</Unicode>
                </TextEquiv>
            </TextLine>
            <TextLine id="r1l35" custom="readingOrder {index:34;}">
                <Coords points="1691,778 2642,784 2738,765 2738,729 1691,739"/>
                <Baseline points="1703,774 1754,774 1805,775 1856,776 1907,776 1958,776 2009,776 2061,776 2112,776 2163,776 2214,776 2265,775 2316,775 2367,774 2419,773 2470,772 2521,771 2572,770 2623,769 2674,768 2726,766"/>
                <TextEquiv>
                    <Unicode>dessen Entstehung unzweifelhaft Ibsenscher Einfluß</Unicode>
                </TextEquiv>
            </TextLine>
            <TextLine id="r1l36" custom="readingOrder {index:35;}">
                <Coords points="1480,796 1534,805 1558,797 1576,802 1596,793 1617,806 1654,799 1695,806 1694,770 1660,760 1557,768 1518,756 1500,773 1479,773"/>
                <Baseline points="1493,798 1519,798 1546,798 1573,797 1600,796 1627,795 1654,794 1681,794"/>
                <TextEquiv>
                    <Unicode>Oder viel¬</Unicode>
                </TextEquiv>
            </TextLine>
            <TextLine id="r1l37" custom="readingOrder {index:36;}">
                <Coords points="652,796 1492,800 1492,769 1389,756 652,770"/>
                <Baseline points="664,794 704,795 745,795 786,795 827,796 868,796 908,797 949,797 990,798 1031,798 1072,799 1112,799 1153,799 1194,799 1235,799 1276,799 1316,799 1357,799 1398,798 1439,797 1480,796"/>
                <TextEquiv>
                    <Unicode>heute nicht mehr, die ich war, Amadens ...</Unicode>
                </TextEquiv>
            </TextLine>
            <TextLine id="r1l38" custom="readingOrder {index:37;}">
                <Coords points="1691,815 2689,821 2738,807 2738,763 1691,773"/>
                <Baseline points="1704,815 1755,816 1806,817 1857,817 1908,817 1959,818 2010,818 2061,818 2112,817 2163,817 2214,817 2265,816 2316,815 2367,815 2418,814 2469,813 2520,813 2571,812 2622,811 2673,810 2725,809"/>
                <TextEquiv>
                    <Unicode>mitwirkte. Wie dem immer sei, und fordert auch die</Unicode>
                </TextEquiv>
            </TextLine>
            <TextLine id="r1l39" custom="readingOrder {index:38;}">
                <Coords points="654,834 1694,830 1694,797 654,795"/>
                <Baseline points="666,831 716,831 767,831 818,831 869,832 920,832 970,832 1021,833 1072,833 1123,834 1174,834 1224,835 1275,835 1326,835 1377,835 1428,835 1478,834 1529,834 1580,832 1631,831 1682,829"/>
                <TextEquiv>
                    <Unicode>leicht war ich immer dieselbe und habe es nur nicht ge¬</Unicode>
                </TextEquiv>
            </TextLine>
            <TextLine id="r1l40" custom="readingOrder {index:39;}">
                <Coords points="1701,868 2731,866 2714,806 1701,819"/>
                <Baseline points="1714,857 1764,857 1814,857 1864,857 1914,857 1965,857 2015,857 2065,857 2115,856 2165,856 2216,855 2266,854 2316,854 2366,853 2416,852 2467,852 2517,851 2567,850 2617,850 2667,849 2718,848"/>
                <TextEquiv>
                    <Unicode>Argumentation und Struktur des Werkes zu mancherlei</Unicode>
                </TextEquiv>
            </TextLine>
            <TextLine id="r1l41" custom="readingOrder {index:40;}">
                <Coords points="651,865 1509,885 1693,878 1694,831 651,836"/>
                <Baseline points="665,865 715,866 766,867 817,868 868,868 918,869 969,870 1020,871 1071,871 1121,871 1172,872 1223,872 1274,872 1324,872 1375,872 1426,871 1477,870 1527,870 1578,869 1629,867 1680,866"/>
                <TextEquiv>
                    <Unicode>wußt; und es ist jetzt etwas von mir abgefallen, das mich</Unicode>
                </TextEquiv>
            </TextLine>
            <TextLine id="r1l42" custom="readingOrder {index:41;}">
                <Coords points="1692,905 2742,909 2742,850 1692,860"/>
                <Baseline points="1705,894 1756,896 1807,897 1858,898 1910,898 1961,898 2012,899 2063,898 2115,898 2166,898 2217,897 2268,896 2320,896 2371,895 2422,894 2473,893 2525,892 2576,891 2627,891 2678,890 2730,890"/>
                <TextEquiv>
                    <Unicode>Einwendungen heraus, so versteht es Schnitzler doch</Unicode>
                </TextEquiv>
            </TextLine>
            <TextLine id="r1l43" custom="readingOrder {index:42;}">
                <Coords points="647,901 1684,915 1684,871 1601,866 647,867"/>
                <Baseline points="659,903 709,903 760,904 810,905 861,905 912,906 962,906 1013,907 1064,907 1114,908 1165,908 1216,908 1266,908 1317,908 1368,908 1418,907 1469,907 1520,906 1570,905 1621,904 1672,902"/>
                <TextEquiv>
                    <Unicode>früher umhüllt hat ... Ja, so muß es sein: denn jetzt</Unicode>
                </TextEquiv>
            </TextLine>
            <TextLine id="r1l44" custom="readingOrder {index:43;}">
                <Coords points="1700,943 2732,933 2680,892 1700,905"/>
                <Baseline points="1714,938 1764,939 1814,939 1864,940 1915,940 1965,940 2015,940 2065,940 2116,939 2166,939 2216,939 2266,938 2317,938 2367,937 2417,936 2467,936 2518,935 2568,934 2618,933 2668,932 2719,932"/>
                <TextEquiv>
                    <Unicode>wieder, durch die unendliche Feinheit, mit der er sein!</Unicode>
                </TextEquiv>
            </TextLine>
            <TextLine id="r1l45" custom="readingOrder {index:44;}">
                <Coords points="656,932 755,961 1688,948 1688,909 1616,906 656,912"/>
                <Baseline points="669,937 719,939 769,940 820,941 870,942 920,943 971,944 1021,944 1071,944 1122,944 1172,944 1222,944 1273,944 1323,944 1373,944 1424,943 1474,943 1524,943 1575,942 1625,942 1676,941"/>
                <TextEquiv>
                    <Unicode>fühle ich alle Wünswe, die früher an mir herabgeglitten</Unicode>
                </TextEquiv>
            </TextLine>
            <TextLine id="r1l46" custom="readingOrder {index:45;}">
                <Coords points="649,984 1694,985 1694,951 1629,944 649,950"/>
                <Baseline points="662,973 712,975 763,976 814,978 865,979 916,979 967,980 1018,980 1069,981 1120,981 1171,981 1221,981 1272,981 1323,980 1374,980 1425,979 1476,979 1527,978 1578,978 1629,977 1680,977"/>
                <TextEquiv>
                    <Unicode>sind wie an einem fühllosen eisernen Panzer, ... jetzt</Unicode>
                </TextEquiv>
            </TextLine>
            <TextLine id="r1l47" custom="readingOrder {index:46;}">
                <Coords points="1691,982 2741,999 2740,932 1690,945"/>
                <Baseline points="1703,979 1754,980 1805,981 1856,981 1907,981 1959,981 2010,981 2061,981 2112,980 2163,980 2215,979 2266,978 2317,978 2368,977 2419,976 2471,975 2522,975 2573,975 2624,974 2675,974 2727,974"/>
                <TextEquiv>
                    <Unicode>Problem versicht, durch die zarten, duftigen Farben,</Unicode>
                </TextEquiv>
            </TextLine>
            <TextLine id="r1l48" custom="readingOrder {index:47;}">
                <Coords points="647,1025 1694,1024 1694,982 1614,977 647,981"/>
                <Baseline points="660,1010 711,1012 762,1013 813,1013 864,1014 915,1015 966,1015 1017,1016 1068,1016 1119,1016 1170,1016 1221,1016 1272,1016 1323,1016 1374,1016 1425,1015 1476,1015 1527,1014 1578,1014 1629,1013 1680,1013"/>
                <TextEquiv>
                    <Unicode>fühle ich sie über meinen Leib, über meine Seele gleiten,</Unicode>
                </TextEquiv>
            </TextLine>
            <TextLine id="r1l49" custom="readingOrder {index:48;}">
                <Coords points="1701,1028 2696,1023 2732,976 1700,986"/>
                <Baseline points="1713,1021 1763,1021 1813,1022 1863,1022 1914,1022 1964,1022 2014,1022 2065,1022 2115,1021 2165,1021 2216,1021 2266,1020 2316,1020 2366,1019 2417,1018 2467,1017 2517,1016 2568,1015 2618,1014 2668,1012 2719,1010"/>
                <TextEquiv>
                    <Unicode>welche er aufträgt, durch den, wenn auch mitunter</Unicode>
                </TextEquiv>
            </TextLine>
            <TextLine id="r1l50" custom="readingOrder {index:49;}">
                <Coords points="649,1054 1689,1061 1689,1022 1611,1016 649,1023"/>
                <Baseline points="663,1049 713,1049 764,1049 814,1049 865,1049 916,1050 966,1050 1017,1050 1067,1050 1118,1051 1169,1051 1219,1051 1270,1051 1320,1051 1371,1051 1422,1051 1472,1051 1523,1051 1573,1050 1624,1050 1675,1049"/>
                <TextEquiv>
                    <Unicode>und sie machen mich beben und glühen. Die Erde scheint</Unicode>
                </TextEquiv>
            </TextLine>
            <TextLine id="r1l51" custom="readingOrder {index:50;}">
                <Coords points="1699,1073 2684,1068 2746,1059 2746,1010 1698,1026"/>
                <Baseline points="1713,1061 1764,1061 1815,1061 1866,1061 1917,1061 1968,1061 2019,1061 2070,1061 2121,1061 2172,1061 2223,1061 2274,1061 2325,1060 2376,1060 2427,1059 2478,1058 2529,1057 2580,1056 2631,1054 2682,1053 2733,1050"/>
                <TextEquiv>
                    <Unicode>maechiavellistischen Geist zu blenden, zu interessieren</Unicode>
                </TextEquiv>
            </TextLine>
            <TextLine id="r1l52" custom="readingOrder {index:51;}">
                <Coords points="642,1086 1690,1091 1690,1060 1563,1050 642,1057"/>
                <Baseline points="656,1087 707,1086 758,1085 809,1085 860,1085 911,1085 962,1085 1013,1086 1064,1086 1115,1087 1166,1087 1217,1087 1268,1088 1319,1088 1370,1088 1421,1088 1472,1088 1523,1088 1574,1088 1625,1087 1676,1086"/>
                <TextEquiv>
                    <Unicode>mir voll Abentenern, der Himmel wie von Flammen</Unicode>
                </TextEquiv>
            </TextLine>
            <TextLine id="r1l53" custom="readingOrder {index:52;}">
                <Coords points="1703,1108 2411,1122 2737,1086 2736,1050 1702,1072"/>
                <Baseline points="1716,1106 1766,1105 1816,1105 1867,1104 1917,1104 1967,1103 2018,1103 2068,1103 2118,1102 2169,1102 2219,1102 2269,1101 2320,1100 2370,1100 2420,1099 2471,1098 2521,1097 2571,1095 2622,1094 2672,1092 2723,1090"/>
                <TextEquiv>
                    <Unicode>und zu fesseln. Und das ist ja schließlich eine Haupt¬</Unicode>
                </TextEquiv>
            </TextLine>
            <TextLine id="r1l54" custom="readingOrder {index:53;}">
                <Coords points="655,1136 1690,1134 1672,1090 655,1092"/>
                <Baseline points="667,1122 717,1122 768,1122 818,1122 869,1122 919,1122 970,1122 1020,1122 1071,1122 1121,1123 1172,1123 1222,1124 1273,1124 1323,1125 1374,1125 1424,1125 1475,1125 1525,1126 1576,1126 1626,1126 1677,1126"/>
                <TextEquiv>
                    <Unicode>strahlend, und mir ist, als sähe ich mich selbst, wie ich mit</Unicode>
                </TextEquiv>
            </TextLine>
            <TextLine id="r1l55" custom="readingOrder {index:54;}">
                <Coords points="1694,1151 2742,1142 2741,1088 2410,1122 1694,1106"/>
                <Baseline points="1708,1147 1759,1146 1810,1145 1861,1145 1912,1144 1963,1144 2014,1143 2065,1143 2116,1142 2167,1142 2218,1142 2269,1141 2320,1141 2371,1141 2422,1140 2473,1140 2524,1140 2575,1139 2626,1139 2677,1138 2729,1138"/>
                <TextEquiv>
                    <Unicode>sache. Für den feinen Humor, ja auch für manch</Unicode>
                </TextEquiv>
            </TextLine>
            <TextLine id="r1l56" custom="readingOrder {index:55;}">
                <Coords points="653,1157 1408,1165 1408,1134 1369,1129 653,1138"/>
                <Baseline points="667,1157 703,1157 739,1157 776,1157 812,1157 849,1157 885,1158 922,1158 958,1158 995,1158 1031,1159 1067,1159 1104,1159 1140,1160 1177,1160 1213,1160 1250,1160 1286,1160 1323,1159 1359,1159 1396,1158"/>
                <TextEquiv>
                    <Unicode>ausgebreiteten Armen dastehe und warte.</Unicode>
                </TextEquiv>
            </TextLine>
            <TextLine id="r1l57" custom="readingOrder {index:56;}">
                <Coords points="1693,1193 2738,1176 2717,1140 1693,1152"/>
                <Baseline points="1706,1188 1759,1187 1813,1185 1866,1184 1920,1183 1974,1182 2027,1182 2081,1182 2135,1181 2188,1181 2242,1181 2295,1180 2349,1180 2403,1180 2456,1180 2510,1179 2564,1179 2617,1178 2671,1177 2725,1176"/>
                <TextEquiv>
                    <Unicode>ätzend=satirisches Element sorgt die Nebensigur eines!</Unicode>
                </TextEquiv>
            </TextLine>
            <TextLine id="r1l58" custom="readingOrder {index:57;}">
                <Coords points="712,1195 1575,1220 1687,1202 1687,1140 1449,1172 712,1164"/>
                <Baseline points="724,1193 771,1193 819,1194 866,1194 914,1194 961,1195 1009,1196 1056,1196 1104,1197 1151,1197 1199,1198 1247,1198 1294,1199 1342,1199 1389,1199 1437,1199 1484,1199 1532,1199 1579,1199 1627,1199 1675,1198"/>
                <TextEquiv>
                    <Unicode>Amadeus (wie einer Entfliehenden nachrufend):</Unicode>
                </TextEquiv>
            </TextLine>
            <TextLine id="r1l59" custom="readingOrder {index:58;}">
                <Coords points="2198,1225 2297,1234 2327,1213 2369,1233 2566,1224 2600,1239 2620,1218 2701,1230 2729,1225 2729,1175 2597,1200 2566,1185 2306,1180 2198,1196"/>
                <Baseline points="2212,1222 2237,1222 2262,1222 2287,1221 2313,1221 2338,1221 2363,1221 2388,1221 2414,1221 2439,1222 2464,1222 2489,1222 2515,1222 2540,1221 2565,1221 2590,1220 2616,1219 2641,1218 2666,1217 2691,1216 2717,1214"/>
                <TextEquiv>
                    <Unicode> des Komponisten, des</Unicode>
                </TextEquiv>
            </TextLine>
            <TextLine id="r1l60" custom="readingOrder {index:59;}">
                <Coords points="1692,1233 1811,1241 1992,1222 2037,1239 2159,1237 2208,1226 2207,1179 1691,1199"/>
                <Baseline points="1704,1229 1729,1228 1755,1228 1781,1228 1807,1227 1833,1227 1859,1227 1884,1227 1910,1226 1936,1226 1962,1226 1988,1225 2014,1225 2039,1224 2065,1223 2091,1223 2117,1222 2143,1221 2169,1220 2195,1219"/>
                <TextEquiv>
                    <Unicode>räsonnierenden Freundes</Unicode>
                </TextEquiv>
            </TextLine>
            <TextLine id="r1l61" custom="readingOrder {index:60;}">
                <Coords points="649,1252 669,1252 703,1236 729,1239 742,1231 835,1236 835,1203 812,1195 794,1205 771,1195 737,1203 714,1187 672,1192 664,1184 649,1184"/>
                <Baseline points="662,1227 688,1229 715,1229 742,1228 768,1228 795,1228 822,1229"/>
                <TextEquiv>
                    <Unicode>Cäcilie!</Unicode>
                </TextEquiv>
            </TextLine>
            <TextLine id="r1l62" custom="readingOrder {index:61;}">
                <Coords points="1688,1263 2733,1257 2732,1221 1688,1232"/>
                <Baseline points="1700,1266 1753,1266 1807,1266 1860,1266 1914,1266 1968,1265 2021,1265 2075,1264 2129,1264 2182,1263 2236,1262 2289,1262 2343,1261 2397,1260 2450,1260 2504,1259 2558,1258 2611,1258 2665,1257 2719,1257"/>
                <TextEquiv>
                    <Unicode>[Theaterdichters Albertus Rhon, der</Unicode>
                </TextEquiv>
            </TextLine>
            <TextLine id="r1l63" custom="readingOrder {index:62;}">
                <Coords points="699,1267 1205,1271 1205,1227 1161,1235 1137,1217 1085,1227 1065,1214 1031,1233 966,1207 914,1225 852,1215 816,1238 699,1236"/>
                <Baseline points="711,1266 736,1266 761,1266 786,1266 812,1266 837,1266 862,1266 887,1266 913,1266 938,1266 963,1266 988,1266 1014,1266 1039,1266 1064,1266 1089,1266 1115,1266 1140,1265 1165,1265 1191,1265"/>
                <TextEquiv>
                    <Unicode>Cäcilie: Was ist dir?</Unicode>
                </TextEquiv>
            </TextLine>
            <TextLine id="r1l64" custom="readingOrder {index:63;}">
                <Coords points="701,1300 1697,1311 1697,1259 1604,1249 1396,1274 1336,1248 1279,1282 1233,1246 1150,1277 701,1266"/>
                <Baseline points="714,1298 762,1300 811,1302 859,1304 908,1304 956,1305 1005,1305 1053,1305 1102,1305 1150,1304 1199,1304 1248,1303 1296,1303 1345,1302 1393,1302 1442,1302 1490,1302 1539,1303 1587,1303 1636,1305 1685,1306"/>
                <TextEquiv>
                    <Unicode>Amadens: Es ist nichts ... Was du da sprichst,</Unicode>
                </TextEquiv>
            </TextLine>
            <TextLine id="r1l65" custom="readingOrder {index:64;}">
                <Coords points="1701,1311 2710,1310 2733,1258 1701,1272"/>
                <Baseline points="1713,1309 1763,1308 1813,1307 1863,1307 1914,1306 1964,1306 2014,1306 2065,1306 2115,1305 2165,1305 2216,1305 2266,1305 2316,1305 2366,1304 2417,1304 2467,1303 2517,1302 2568,1302 2618,1300 2668,1299 2719,1298"/>
                <TextEquiv>
                    <Unicode>immer nach einem passenden Schluß für den dritten</Unicode>
                </TextEquiv>
            </TextLine>
            <TextLine id="r1l66" custom="readingOrder {index:65;}">
                <Coords points="652,1349 1642,1350 1689,1348 1689,1309 652,1310"/>
                <Baseline points="665,1340 715,1340 766,1341 816,1341 867,1342 917,1342 968,1342 1018,1343 1069,1343 1119,1343 1170,1343 1221,1343 1271,1343 1322,1343 1372,1343 1423,1342 1473,1342 1524,1342 1574,1342 1625,1342 1676,1341"/>
                <TextEquiv>
                    <Unicode>kann mich ja nicht befremden nach allem, was ich schon</Unicode>
                </TextEquiv>
            </TextLine>
            <TextLine id="r1l67" custom="readingOrder {index:66;}">
                <Coords points="1701,1351 2681,1353 2735,1335 2735,1301 1701,1312"/>
                <Baseline points="1715,1347 1765,1347 1815,1347 1866,1347 1916,1347 1967,1347 2017,1347 2067,1347 2118,1347 2168,1347 2219,1347 2269,1347 2319,1347 2370,1346 2420,1346 2471,1345 2521,1344 2571,1343 2622,1342 2672,1341 2723,1339"/>
                <TextEquiv>
                    <Unicode>Akt seines Dramas sucht und ihn dann in der Wirk¬</Unicode>
                </TextEquiv>
            </TextLine>
            <TextLine id="r1l68" custom="readingOrder {index:67;}">
                <Coords points="652,1375 1694,1382 1661,1343 652,1351"/>
                <Baseline points="665,1376 715,1376 766,1376 817,1376 868,1376 919,1377 969,1377 1020,1378 1071,1378 1122,1378 1173,1379 1223,1379 1274,1379 1325,1380 1376,1380 1427,1380 1477,1380 1528,1380 1579,1380 1630,1379 1681,1379"/>
                <TextEquiv>
                    <Unicode>weiß. Aber deine Stimme hat einen Beiklang, den ich heute</Unicode>
                </TextEquiv>
            </TextLine>
            <TextLine id="r1l69" custom="readingOrder {index:68;}">
                <Coords points="1700,1396 2738,1396 2750,1341 1700,1352"/>
                <Baseline points="1713,1390 1764,1390 1815,1389 1866,1389 1918,1389 1969,1389 2020,1388 2071,1388 2123,1388 2174,1388 2225,1387 2276,1387 2328,1387 2379,1386 2430,1386 2481,1386 2533,1385 2584,1385 2635,1385 2686,1385 2738,1385"/>
                <TextEquiv>
                    <Unicode>lichkeit des Lebens von Amadeus und Cäcilie findet.</Unicode>
                </TextEquiv>
            </TextLine>
            <TextLine id="r1l70" custom="readingOrder {index:69;}">
                <Coords points="659,1404 1701,1443 1701,1378 659,1380"/>
                <Baseline points="672,1414 722,1413 773,1413 824,1413 875,1413 926,1413 976,1414 1027,1414 1078,1415 1129,1415 1180,1416 1230,1417 1281,1417 1332,1417 1383,1418 1434,1418 1484,1418 1535,1418 1586,1417 1637,1416 1688,1415"/>
                <TextEquiv>
                    <Unicode>zum ersten Male höre. Und auch diesen Glanz deiner</Unicode>
                </TextEquiv>
            </TextLine>
            <TextLine id="r1l71" custom="readingOrder {index:70;}">
                <Coords points="1693,1429 2481,1444 2707,1435 2743,1388 1693,1390"/>
                <Baseline points="1705,1430 1756,1430 1807,1430 1858,1430 1910,1430 1961,1430 2012,1430 2064,1430 2115,1430 2166,1429 2218,1429 2269,1429 2320,1428 2371,1428 2423,1427 2474,1426 2525,1426 2577,1425 2628,1424 2679,1423 2731,1422"/>
                <TextEquiv>
                    <Unicode>Den Titel des Stückes selbst entnimmt der Antor</Unicode>
                </TextEquiv>
            </TextLine>
            <TextLine id="r1l72" custom="readingOrder {index:71;}">
                <Coords points="646,1466 1390,1449 1372,1415 983,1408 884,1429 646,1399"/>
                <Baseline points="658,1452 695,1451 733,1450 771,1450 809,1450 847,1450 885,1450 922,1450 960,1450 998,1450 1036,1451 1074,1451 1112,1451 1149,1451 1187,1451 1225,1450 1263,1450 1301,1449 1339,1448 1377,1447"/>
                <TextEquiv>
                    <Unicode>Augen habe ich bis heute nicht gekannt!</Unicode>
                </TextEquiv>
            </TextLine>
            <TextLine id="r1l73" custom="readingOrder {index:72;}">
                <Coords points="1696,1473 2741,1471 2740,1413 2484,1444 1696,1437"/>
                <Baseline points="1709,1474 1760,1473 1811,1473 1862,1472 1913,1472 1964,1471 2015,1471 2066,1471 2117,1471 2168,1471 2219,1470 2270,1470 2321,1470 2372,1470 2423,1469 2474,1469 2525,1468 2576,1467 2627,1466 2678,1466 2729,1464"/>
                <TextEquiv>
                    <Unicode>dem Zwischenspiel einer Symphonie, an welcher</Unicode>
                </TextEquiv>
            </TextLine>
            <TextLine id="r1l74" custom="readingOrder {index:73;}">
                <Coords points="714,1481 1694,1497 1694,1448 1647,1433 714,1455"/>
                <Baseline points="727,1486 774,1486 822,1486 869,1486 917,1486 965,1486 1012,1486 1060,1486 1108,1486 1155,1486 1203,1486 1251,1486 1298,1486 1346,1486 1394,1485 1441,1485 1489,1485 1537,1485 1584,1484 1632,1484 1680,1483"/>
                <TextEquiv>
                    <Unicode>Cäcilie: Das glaubst du nur, Amadens. Wäre es</Unicode>
                </TextEquiv>
            </TextLine>
            <TextLine id="r1l75" custom="readingOrder {index:74;}">
                <Coords points="1698,1518 2668,1527 2735,1503 2735,1469 1698,1474"/>
                <Baseline points="1711,1510 1761,1511 1812,1511 1862,1512 1913,1512 1964,1512 2014,1512 2065,1512 2115,1512 2166,1512 2217,1512 2267,1511 2318,1511 2368,1510 2419,1509 2470,1509 2520,1508 2571,1507 2621,1506 2672,1504 2723,1503"/>
                <TextEquiv>
                    <Unicode>Amadens arbeitet, seiner vierten, wie wiederholt ver¬</Unicode>
                </TextEquiv>
            </TextLine>
            <TextLine id="r1l76" custom="readingOrder {index:75;}">
                <Coords points="650,1531 1689,1530 1689,1494 1635,1484 650,1487"/>
                <Baseline points="664,1524 714,1524 765,1524 815,1523 866,1523 917,1523 967,1523 1018,1523 1068,1523 1119,1523 1170,1523 1220,1523 1271,1523 1321,1523 1372,1523 1423,1523 1473,1523 1524,1523 1574,1523 1625,1522 1676,1522"/>
                <TextEquiv>
                    <Unicode>wirklich so, dann müßte es mir mit dir geradeso ergehen.</Unicode>
                </TextEquiv>
            </TextLine>
            <TextLine id="r1l77" custom="readingOrder {index:76;}">
                <Coords points="1703,1558 2745,1567 2722,1502 1703,1517"/>
                <Baseline points="1715,1551 1765,1551 1816,1551 1867,1552 1918,1552 1969,1552 2019,1552 2070,1553 2121,1553 2172,1553 2223,1553 2273,1553 2324,1553 2375,1553 2426,1553 2477,1552 2527,1552 2578,1551 2629,1550 2680,1549 2731,1547"/>
                <TextEquiv>
                    <Unicode>kündet wird. Und es ist ein nicht übler Witz, daß er</Unicode>
                </TextEquiv>
            </TextLine>
            <TextLine id="r1l78" custom="readingOrder {index:77;}">
                <Coords points="654,1552 1694,1565 1665,1524 654,1524"/>
                <Baseline points="666,1562 716,1561 767,1560 818,1559 869,1559 920,1558 970,1558 1021,1559 1072,1559 1123,1559 1174,1560 1224,1560 1275,1561 1326,1561 1377,1562 1428,1562 1478,1562 1529,1562 1580,1562 1631,1561 1682,1560"/>
                <TextEquiv>
                    <Unicode>Und ich merke keinen Unterschied an dir. Ich kann mir</Unicode>
                </TextEquiv>
            </TextLine>
            <TextLine id="r1l79" custom="readingOrder {index:78;}">
                <Coords points="1707,1603 2637,1603 2731,1592 2731,1548 1707,1559"/>
                <Baseline points="1719,1591 1769,1591 1819,1592 1869,1593 1919,1593 1969,1594 2019,1594 2069,1595 2119,1595 2169,1595 2219,1595 2269,1594 2319,1594 2369,1593 2419,1593 2469,1592 2519,1591 2569,1590 2619,1589 2669,1588 2719,1587"/>
                <TextEquiv>
                    <Unicode>den Schlußpunkt zu dieser Vierten findet, nachdem</Unicode>
                </TextEquiv>
            </TextLine>
            <TextLine id="r1l80" custom="readingOrder {index:79;}">
                <Coords points="648,1598 1696,1602 1696,1566 1620,1555 648,1554"/>
                <Baseline points="660,1598 711,1597 762,1597 813,1596 864,1596 915,1596 966,1596 1017,1596 1068,1596 1119,1596 1171,1596 1222,1597 1273,1597 1324,1597 1375,1598 1426,1598 1477,1598 1528,1598 1579,1598 1630,1597 1682,1597"/>
                <TextEquiv>
                    <Unicode>auch richt vorstellen, daß du mir je verändert erscheinen</Unicode>
                </TextEquiv>
            </TextLine>
            <TextLine id="r1l81" custom="readingOrder {index:80;}">
                <Coords points="647,1636 1697,1642 1674,1598 647,1590"/>
                <Baseline points="660,1634 711,1633 762,1633 813,1633 864,1632 916,1632 967,1632 1018,1633 1069,1633 1120,1633 1172,1633 1223,1633 1274,1634 1325,1634 1376,1634 1428,1634 1479,1634 1530,1633 1581,1633 1632,1632 1684,1632"/>
                <TextEquiv>
                    <Unicode>könntest. Bei anderen Frauen magst du Bösewicht — oder</Unicode>
                </TextEquiv>
            </TextLine>
            <TextLine id="r1l82" custom="readingOrder {index:81;}">
                <Coords points="1701,1646 2712,1642 2733,1591 1701,1599"/>
                <Baseline points="1715,1632 1765,1633 1815,1633 1865,1634 1915,1634 1966,1635 2016,1635 2066,1636 2116,1636 2166,1636 2217,1636 2267,1636 2317,1636 2367,1636 2417,1635 2468,1635 2518,1634 2568,1634 2618,1633 2668,1632 2719,1631"/>
                <TextEquiv>
                    <Unicode>er seine Zweite, nämlich Friederike, verloren hat,</Unicode>
                </TextEquiv>
            </TextLine>
            <TextLine id="r1l83" custom="readingOrder {index:82;}">
                <Coords points="657,1669 1686,1674 1686,1635 1603,1630 657,1633"/>
                <Baseline points="669,1670 719,1670 769,1671 819,1671 869,1671 919,1671 969,1671 1020,1671 1070,1671 1120,1671 1170,1671 1220,1671 1270,1671 1320,1671 1371,1671 1421,1671 1471,1671 1521,1671 1571,1670 1621,1670 1672,1669"/>
                <TextEquiv>
                    <Unicode>dummer Junge sein — was gewiß auch manchmal vor¬</Unicode>
                </TextEquiv>
            </TextLine>
            <TextLine id="r1l84" custom="readingOrder {index:83;}">
                <Coords points="1699,1687 2734,1697 2734,1638 2640,1630 1699,1637"/>
                <Baseline points="1712,1677 1762,1676 1812,1676 1863,1675 1913,1675 1964,1675 2014,1675 2065,1675 2115,1675 2166,1675 2216,1675 2266,1675 2317,1675 2367,1675 2418,1675 2468,1675 2519,1675 2569,1674 2620,1674 2670,1673 2721,1672"/>
                <TextEquiv>
                    <Unicode>und seine Erste, Cäcilie, wiedergefunden zu haben</Unicode>
                </TextEquiv>
            </TextLine>
            <TextLine id="r1l85" custom="readingOrder {index:84;}">
                <Coords points="653,1698 1695,1711 1695,1670 1602,1662 653,1667"/>
                <Baseline points="667,1708 717,1707 768,1706 819,1706 870,1705 920,1705 971,1705 1022,1705 1073,1706 1123,1706 1174,1706 1225,1706 1276,1707 1326,1707 1377,1707 1428,1707 1479,1707 1529,1707 1580,1706 1631,1705 1682,1704"/>
                <TextEquiv>
                    <Unicode>kommen wird —: für mich wirst du immer derselbe bleiben;</Unicode>
                </TextEquiv>
            </TextLine>
            <TextLine id="r1l86" custom="readingOrder {index:85;}">
                <Coords points="2532,1715 2550,1715 2562,1723 2578,1716 2588,1722 2615,1715 2635,1723 2664,1716 2692,1722 2693,1691 2659,1688 2644,1674 2608,1676 2603,1681 2590,1672 2577,1677 2561,1674 2551,1684 2532,1686"/>
                <Baseline points="2544,1711 2571,1710 2598,1709 2625,1710 2652,1712 2679,1716"/>
                <TextEquiv>
                    <Unicode>S. L.</Unicode>
                </TextEquiv>
            </TextLine>
            <TextLine id="r1l87" custom="readingOrder {index:86;}">
                <Coords points="1703,1747 1736,1745 1758,1723 1766,1728 1776,1720 1802,1721 1811,1728 1823,1720 1875,1723 1874,1689 1853,1687 1837,1693 1824,1684 1785,1678 1775,1684 1736,1680 1700,1687"/>
                <Baseline points="1714,1722 1743,1717 1773,1715 1802,1713 1832,1713 1862,1714"/>
                <TextEquiv>
                    <Unicode>glaubt.</Unicode>
                </TextEquiv>
            </TextLine>
            <TextLine id="r1l88" custom="readingOrder {index:87;}">
                <Coords points="646,1759 975,1738 1641,1768 1690,1758 1690,1711 646,1720"/>
                <Baseline points="658,1745 709,1744 760,1743 811,1742 862,1742 913,1742 964,1742 1015,1742 1066,1743 1117,1743 1168,1743 1219,1744 1270,1744 1321,1745 1372,1745 1423,1745 1474,1745 1525,1744 1576,1744 1627,1743 1678,1741"/>
                <TextEquiv>
                    <Unicode> und ich fühle, daß dem Amadeus, den ich meine, überhaupt</Unicode>
                </TextEquiv>
            </TextLine>
            <TextLine id="r1l89" custom="readingOrder {index:88;}">
                <Coords points="1745,1755 2704,1766 2730,1704 1745,1724"/>
                <Baseline points="1759,1754 1806,1755 1854,1756 1902,1757 1950,1757 1998,1758 2046,1758 2094,1758 2142,1758 2190,1757 2238,1757 2285,1757 2333,1756 2381,1756 2429,1755 2477,1755 2525,1754 2573,1753 2621,1753 2669,1752 2717,1752"/>
                <TextEquiv>
                    <Unicode>Ueber die Aufnahme, welche das Werk bei seiner</Unicode>
                </TextEquiv>
            </TextLine>
            <TextLine id="r1l90" custom="readingOrder {index:89;}">
                <Coords points="647,1790 710,1797 782,1781 805,1793 844,1782 922,1792 958,1778 987,1799 1005,1783 1075,1779 1075,1751 999,1741 953,1755 779,1752 753,1740 647,1759"/>
                <Baseline points="659,1780 684,1781 709,1781 734,1782 759,1782 784,1782 809,1782 834,1782 860,1782 885,1781 910,1781 935,1780 960,1779 985,1778 1010,1777 1035,1776 1061,1775"/>
                <TextEquiv>
                    <Unicode>nichts geschehen kann.</Unicode>
                </TextEquiv>
            </TextLine>
            <TextLine id="r1l91" custom="readingOrder {index:90;}">
                <Coords points="711,1816 2738,1805 2600,1750 710,1785"/>
                <Baseline points="723,1816 823,1817 923,1817 1023,1817 1123,1817 1223,1816 1323,1815 1423,1814 1523,1812 1623,1811 1723,1809 1823,1807 1923,1805 2023,1804 2123,1802 2223,1800 2323,1799 2423,1798 2523,1797 2623,1796 2724,1796"/>
                <TextEquiv>
                    <Unicode>Amadeus: Könnte ich das nur auch — für dich gestrigen Erstaufführung im Burgtheater gefunden</Unicode>
                </TextEquiv>
            </TextLine>
            <TextLine id="r1l92" custom="readingOrder {index:91;}">
                <Coords points="649,1851 2749,1853 2538,1787 649,1820"/>
                <Baseline points="663,1850 766,1852 870,1854 973,1855 1077,1855 1181,1855 1284,1854 1388,1853 1492,1852 1595,1851 1699,1850 1803,1848 1906,1846 2010,1845 2114,1843 2217,1842 2321,1841 2425,1840 2528,1840 2632,1840 2736,1840"/>
                <TextEquiv>
                    <Unicode>fühlen! Aber diese Sicherheit habe ich nicht: die un= hat, berichtet uns eine Depesche unseres Korrespon¬</Unicode>
                </TextEquiv>
            </TextLine>
            <TextLine id="r1l93" custom="readingOrder {index:92;}">
                <Coords points="1700,1893 1713,1893 1726,1906 1736,1906 1785,1884 1868,1891 1868,1858 1824,1845 1803,1853 1769,1848 1764,1854 1756,1846 1725,1851 1699,1844"/>
                <Baseline points="1714,1883 1742,1882 1770,1881 1799,1880 1827,1880 1856,1883"/>
                <TextEquiv>
                    <Unicode>denen:</Unicode>
                </TextEquiv>
            </TextLine>
            <TextLine id="r1l94" custom="readingOrder {index:93;}">
                <Coords points="656,1889 1695,1895 1695,1851 1620,1845 656,1850"/>
                <Baseline points="668,1890 718,1889 769,1888 819,1888 870,1889 921,1889 971,1890 1022,1891 1073,1893 1123,1893 1174,1895 1225,1896 1275,1896 1326,1897 1377,1896 1427,1896 1478,1894 1529,1893 1579,1890 1630,1886 1681,1882"/>
                <TextEquiv>
                    <Unicode>bedenklichkeit, die Lust. mit der du in eine unbekannte Welt</Unicode>
                </TextEquiv>
            </TextLine>
            <TextLine id="r1l95" custom="readingOrder {index:94;}">
                <Coords points="1759,1927 2693,1932 2734,1924 2734,1867 1759,1888"/>
                <Baseline points="1772,1918 1819,1919 1866,1921 1914,1922 1961,1923 2009,1923 2056,1924 2104,1924 2151,1924 2199,1924 2246,1924 2293,1924 2341,1923 2388,1923 2436,1922 2483,1922 2531,1921 2578,1921 2626,1920 2673,1920 2721,1920"/>
                <TextEquiv>
                    <Unicode>Schnitzlers „Zwischenspiel“ hat infolge</Unicode>
                </TextEquiv>
            </TextLine>
            <TextLine id="r1l96" custom="readingOrder {index:95;}">
                <Coords points="645,1925 1703,1932 1703,1895 1661,1890 645,1888"/>
                <Baseline points="658,1928 709,1927 761,1927 812,1927 864,1927 916,1927 967,1928 1019,1928 1071,1929 1122,1930 1174,1930 1226,1931 1277,1931 1329,1931 1381,1931 1432,1931 1484,1930 1536,1929 1587,1928 1639,1926 1691,1924"/>
                <TextEquiv>
                    <Unicode>hineinschreitest, erfüllt mich geradezu mit Angst um dich.</Unicode>
                </TextEquiv>
            </TextLine>
            <TextLine id="r1l97" custom="readingOrder {index:96;}">
                <Coords points="655,1969 1695,1971 1695,1934 1638,1926 655,1932"/>
                <Baseline points="668,1965 718,1964 769,1964 819,1963 870,1964 921,1964 971,1964 1022,1965 1073,1965 1123,1966 1174,1966 1225,1967 1275,1967 1326,1967 1377,1967 1427,1967 1478,1967 1529,1966 1579,1965 1630,1963 1681,1961"/>
                <TextEquiv>
                    <Unicode>Der Gedanke, daß Menschen herumngehen, von denen du,</Unicode>
                </TextEquiv>
            </TextLine>
            <TextLine id="r1l98" custom="readingOrder {index:97;}">
                <Coords points="1695,1973 2724,1977 2740,1920 1695,1929"/>
                <Baseline points="1707,1964 1760,1964 1814,1965 1867,1966 1921,1966 1975,1967 2028,1967 2082,1967 2136,1967 2189,1967 2243,1967 2296,1967 2350,1967 2404,1967 2457,1966 2511,1966 2565,1965 2618,1964 2672,1963 2726,1962"/>
                <TextEquiv>
                    <Unicode>seiner in der Darstellung verschärft hervortretenden</Unicode>
                </TextEquiv>
            </TextLine>
            <TextLine id="r1l99" custom="readingOrder {index:98;}">
                <Coords points="643,2009 1203,2030 1297,2001 1362,2030 1507,2001 1680,2030 1701,1949 643,1975"/>
                <Baseline points="657,2000 708,2000 760,2000 811,2000 863,2001 915,2001 966,2002 1018,2003 1069,2003 1121,2004 1173,2005 1224,2005 1276,2005 1327,2005 1379,2005 1431,2004 1482,2003 1534,2001 1585,1999 1637,1997 1689,1994"/>
                <TextEquiv>
                    <Unicode>die von deiner Existenz noch nicht wissen und denen du</Unicode>
                </TextEquiv>
            </TextLine>
            <TextLine id="r1l100" custom="readingOrder {index:99;}">
                <Coords points="1702,2011 2617,1998 2744,2024 2744,1979 2695,1967 1702,1973"/>
                <Baseline points="1714,2006 1764,2006 1815,2007 1866,2007 1917,2008 1968,2008 2019,2008 2070,2009 2121,2009 2172,2009 2223,2009 2273,2009 2324,2008 2375,2008 2426,2007 2477,2007 2528,2006 2579,2005 2630,2004 2681,2003 2732,2002"/>
                <TextEquiv>
                    <Unicode>logischen Unklarheit und der wiederholten ver¬</Unicode>
                </TextEquiv>
            </TextLine>
            <TextLine id="r1l101" custom="readingOrder {index:100;}">
                <Coords points="655,2040 702,2055 746,2039 795,2047 813,2033 826,2044 855,2038 889,2051 896,2043 930,2045 930,2007 870,2010 818,2000 756,2008 730,1998 655,2009"/>
                <Baseline points="667,2041 692,2040 717,2039 742,2039 767,2038 792,2038 817,2038 842,2038 867,2038 892,2038 917,2039"/>
                <TextEquiv>
                    <Unicode>gehören wirst ¬</Unicode>
                </TextEquiv>
            </TextLine>
            <TextLine id="r1l102" custom="readingOrder {index:101;}">
                <Coords points="1695,2046 2743,2044 2621,1997 1695,2008"/>
                <Baseline points="1708,2050 1759,2049 1810,2048 1861,2048 1912,2048 1963,2048 2014,2048 2066,2049 2117,2049 2168,2049 2219,2049 2270,2049 2321,2049 2372,2049 2424,2049 2475,2049 2526,2048 2577,2047 2628,2046 2679,2045 2731,2043"/>
                <TextEquiv>
                    <Unicode>blüffenden Wendungen das Publikum nur teilweisen</Unicode>
                </TextEquiv>
            </TextLine>
            <TextLine id="r1l103" custom="readingOrder {index:102;}">
                <Coords points="714,2073 1572,2100 1704,2082 1704,2032 1468,2043 1312,2012 1286,2038 714,2050"/>
                <Baseline points="726,2071 774,2072 822,2073 870,2074 918,2075 967,2075 1015,2076 1063,2076 1111,2076 1159,2076 1208,2076 1256,2076 1304,2075 1352,2075 1400,2075 1449,2074 1497,2073 1545,2073 1593,2072 1641,2071 1690,2071"/>
                <TextEquiv>
                    <Unicode>Cäcilie: Gehören werde ich niemandem ... ich bin</Unicode>
                </TextEquiv>
            </TextLine>
            <TextLine id="r1l104" custom="readingOrder {index:103;}">
                <Coords points="1701,2103 1792,2096 1800,2104 1826,2092 1844,2102 1867,2095 1880,2100 1917,2074 1940,2075 1940,2036 1917,2038 1888,2064 1873,2053 1849,2061 1842,2053 1774,2060 1766,2052 1702,2051"/>
                <Baseline points="1714,2085 1740,2087 1767,2089 1793,2089 1820,2090 1846,2090 1873,2089 1899,2089 1926,2088"/>
                <TextEquiv>
                    <Unicode>befriedigt.</Unicode>
                </TextEquiv>
            </TextLine>
            <TextLine id="r1l105" custom="readingOrder {index:104;}">
                <Coords points="1928,2102 2622,2081 2739,2101 2739,2039 1927,2058"/>
                <Baseline points="1941,2091 1980,2091 2019,2091 2058,2091 2098,2091 2137,2090 2176,2090 2215,2090 2255,2090 2294,2090 2333,2090 2372,2090 2412,2089 2451,2089 2490,2089 2529,2089 2569,2089 2608,2088 2647,2088 2686,2088 2726,2088"/>
                <TextEquiv>
                    <Unicode>Cäcilie blieb in doppeltem Sinne eine</Unicode>
                </TextEquiv>
            </TextLine>
            <TextLine id="r1l106" custom="readingOrder {index:105;}">
                <Coords points="657,2118 688,2124 693,2119 730,2118 740,2110 766,2111 774,2119 800,2115 801,2084 762,2088 757,2082 741,2082 731,2071 718,2076 705,2065 690,2072 658,2074"/>
                <Baseline points="669,2112 698,2110 728,2111 757,2113 787,2114"/>
                <TextEquiv>
                    <Unicode>frei</Unicode>
                </TextEquiv>
            </TextLine>
            <TextLine id="r1l107" custom="readingOrder {index:106;}">
                <Coords points="1697,2133 2747,2121 2731,2066 2334,2108 1697,2104"/>
                <Baseline points="1709,2133 1760,2133 1811,2132 1862,2132 1913,2132 1965,2132 2016,2132 2067,2132 2118,2132 2169,2132 2221,2132 2272,2132 2323,2131 2374,2131 2425,2131 2477,2130 2528,2129 2579,2128 2630,2127 2681,2125 2733,2123"/>
                <TextEquiv>
                    <Unicode>unverstandene Frau. Nach dem Anfangsakt danktei</Unicode>
                </TextEquiv>
            </TextLine>
            <TextLine id="r1l108" custom="readingOrder {index:107;}">
                <Coords points="1094,2148 1455,2164 1470,2149 1696,2151 1696,2107 1670,2094 1460,2113 1276,2090 1213,2119 1094,2096"/>
                <Baseline points="1106,2146 1134,2147 1163,2147 1192,2147 1221,2147 1250,2148 1278,2148 1307,2148 1336,2148 1365,2148 1394,2148 1422,2147 1451,2147 1480,2147 1509,2147 1538,2146 1566,2146 1595,2146 1624,2145 1653,2145 1682,2145"/>
                <TextEquiv>
                    <Unicode>Die zu deinem Schicksal und zu</Unicode>
                </TextEquiv>
            </TextLine>
            <TextLine id="r1l109" custom="readingOrder {index:108;}">
                <Coords points="699,2151 720,2144 774,2158 814,2146 829,2157 868,2145 940,2157 974,2140 1008,2159 1009,2099 986,2096 944,2113 906,2092 887,2107 833,2108 822,2118 773,2120 744,2108 700,2118"/>
                <Baseline points="713,2144 738,2144 764,2144 789,2145 815,2146 841,2148 866,2149 892,2150 918,2150 943,2150 969,2149 995,2147"/>
                <TextEquiv>
                    <Unicode>Amadeus —</Unicode>
                </TextEquiv>
            </TextLine>
            <TextLine id="r1l110" custom="readingOrder {index:109;}">
                <Coords points="1694,2180 2692,2181 2739,2123 1694,2133"/>
                <Baseline points="1708,2174 1761,2174 1815,2174 1868,2174 1922,2174 1976,2174 2029,2174 2083,2174 2137,2174 2190,2174 2244,2173 2297,2173 2351,2173 2405,2172 2458,2172 2512,2171 2566,2170 2619,2169 2673,2167 2727,2165"/>
                <TextEquiv>
                    <Unicode>Regisseur Brandt, nach dem zweiten Aufzug Schnitzler</Unicode>
                </TextEquiv>
            </TextLine>
            <TextLine id="r1l111" custom="readingOrder {index:110;}">
                <Coords points="648,2190 1677,2194 1706,2145 648,2146"/>
                <Baseline points="662,2185 713,2185 765,2185 816,2186 868,2186 919,2186 971,2186 1022,2186 1074,2186 1125,2186 1177,2186 1228,2186 1280,2186 1331,2186 1383,2186 1434,2186 1486,2185 1537,2185 1589,2184 1640,2184 1692,2183"/>
                <TextEquiv>
                    <Unicode>deren Schicksal du doch schon bestimmt bist, dies ist mir</Unicode>
                </TextEquiv>
            </TextLine>
            <TextLine id="r1l112" custom="readingOrder {index:111;}">
                <Coords points="653,2226 2730,2215 2729,2166 653,2190"/>
                <Baseline points="665,2222 767,2223 870,2224 972,2224 1075,2224 1177,2223 1280,2223 1382,2221 1485,2220 1587,2219 1690,2218 1793,2216 1895,2215 1998,2213 2100,2212 2203,2211 2305,2210 2408,2210 2510,2209 2613,2209 2716,2210"/>
                <TextEquiv>
                    <Unicode>unheimlich. Und du bist auch nicht die Cäcilie, die ich ge=spersönlich. Der Schlußakt wurde flau aufgenommen.</Unicode>
                </TextEquiv>
            </TextLine>
            <TextLine id="r1l113" custom="readingOrder {index:112;}">
                <Coords points="1701,2259 2751,2269 2751,2215 2712,2212 1701,2225"/>
                <Baseline points="1714,2255 1765,2255 1816,2255 1867,2254 1918,2254 1970,2254 2021,2253 2072,2253 2123,2253 2174,2252 2226,2252 2277,2252 2328,2252 2379,2251 2430,2251 2482,2252 2533,2252 2584,2252 2635,2253 2686,2253 2738,2254"/>
                <TextEquiv>
                    <Unicode>mit teilweisem Zischen, welches jedoch ein etwas</Unicode>
                </TextEquiv>
            </TextLine>
            <TextLine id="r1l114" custom="readingOrder {index:113;}">
                <Coords points="655,2272 1583,2273 1692,2265 1692,2224 655,2226"/>
                <Baseline points="667,2257 717,2258 768,2258 818,2259 869,2259 920,2260 970,2260 1021,2260 1071,2261 1122,2261 1173,2261 1223,2261 1274,2261 1324,2260 1375,2260 1426,2259 1476,2259 1527,2258 1577,2257 1628,2255 1679,2254"/>
                <TextEquiv>
                    <Unicode>liebt habe — nein! Du bist nur sehr ähnlich einer, die</Unicode>
                </TextEquiv>
            </TextLine>
            <TextLine id="r1l115" custom="readingOrder {index:114;}">
                <Coords points="1702,2300 2747,2307 2747,2258 2648,2253 1702,2258"/>
                <Baseline points="1716,2293 1769,2294 1823,2295 1876,2295 1930,2295 1984,2295 2037,2294 2091,2294 2145,2294 2198,2293 2252,2293 2305,2292 2359,2292 2413,2292 2466,2292 2520,2292 2574,2292 2627,2292 2681,2293 2735,2294"/>
                <TextEquiv>
                    <Unicode>demonstrotiver Applans übertönte. Die bedenklichet</Unicode>
                </TextEquiv>
            </TextLine>
            <TextLine id="r1l116" custom="readingOrder {index:115;}">
                <Coords points="648,2296 1693,2303 1693,2259 1628,2256 648,2260"/>
                <Baseline points="661,2295 711,2295 762,2295 813,2295 864,2295 915,2295 966,2295 1017,2296 1068,2296 1119,2296 1170,2297 1220,2297 1271,2297 1322,2297 1373,2297 1424,2296 1475,2296 1526,2295 1577,2293 1628,2292 1679,2290"/>
                <TextEquiv>
                    <Unicode>mir sehr lieb war, aber doch ganz anders als die. Nein,</Unicode>
                </TextEquiv>
            </TextLine>
            <TextLine id="r1l117" custom="readingOrder {index:116;}">
                <Coords points="658,2329 678,2327 683,2332 717,2335 730,2325 735,2331 761,2326 762,2295 749,2295 738,2305 705,2302 697,2296 692,2299 682,2296 674,2303 658,2303"/>
                <Baseline points="670,2327 696,2327 722,2327 748,2329"/>
                <TextEquiv>
                    <Unicode>du</Unicode>
                </TextEquiv>
            </TextLine>
            <TextLine id="r1l118" custom="readingOrder {index:117;}">
                <Coords points="797,2330 1697,2340 1697,2296 1580,2286 797,2299"/>
                <Baseline points="811,2326 854,2327 898,2327 941,2328 985,2329 1029,2329 1072,2330 1116,2330 1160,2331 1203,2331 1247,2331 1291,2332 1334,2332 1378,2332 1422,2331 1465,2331 1509,2331 1553,2330 1596,2329 1640,2328 1684,2327"/>
                <TextEquiv>
                    <Unicode>st nicht die, die jahrelang meine Frau war;</Unicode>
                </TextEquiv>
            </TextLine>
            <TextLine id="r1l119" custom="readingOrder {index:118;}">
                <Coords points="1702,2340 2420,2321 2739,2351 2739,2283 1702,2299"/>
                <Baseline points="1716,2333 1766,2333 1817,2334 1867,2334 1918,2335 1968,2335 2019,2335 2069,2335 2120,2335 2170,2335 2221,2335 2271,2334 2322,2334 2372,2333 2423,2333 2473,2332 2524,2331 2574,2331 2625,2330 2675,2329 2726,2328"/>
                <TextEquiv>
                    <Unicode>Fürstenszeue rief stellenweise die Absichten des</Unicode>
                </TextEquiv>
            </TextLine>
            <TextLine id="r1l120" custom="readingOrder {index:119;}">
                <Coords points="660,2367 1638,2373 1700,2362 1700,2318 1435,2344 660,2328"/>
                <Baseline points="674,2364 724,2364 775,2364 825,2364 876,2364 927,2364 977,2365 1028,2365 1078,2365 1129,2366 1180,2366 1230,2366 1281,2366 1331,2366 1382,2366 1433,2366 1483,2365 1534,2365 1584,2364 1635,2363 1686,2362"/>
                <TextEquiv>
                    <Unicode>das habe ich in dem Augenblick empfunden, als du herein¬</Unicode>
                </TextEquiv>
            </TextLine>
            <TextLine id="r1l121" custom="readingOrder {index:120;}">
                <Coords points="1700,2380 2726,2391 2765,2380 2765,2339 1699,2341"/>
                <Baseline points="1712,2376 1766,2376 1821,2376 1876,2375 1930,2375 1985,2374 2040,2374 2094,2374 2149,2373 2204,2372 2258,2372 2313,2371 2368,2371 2422,2370 2477,2370 2532,2369 2586,2369 2641,2368 2696,2367 2751,2367"/>
                <TextEquiv>
                    <Unicode>Dichters schädigende unbeabsichtigte Heiterkeit hervor.##</Unicode>
                </TextEquiv>
            </TextLine>
            <TextLine id="r1l122" custom="readingOrder {index:121;}">
                <Coords points="659,2412 1698,2407 1698,2363 659,2358"/>
                <Baseline points="671,2402 721,2401 772,2400 823,2400 873,2399 924,2399 975,2400 1025,2400 1076,2400 1127,2401 1178,2401 1228,2402 1279,2402 1330,2402 1380,2402 1431,2403 1482,2402 1532,2402 1583,2402 1634,2401 1685,2399"/>
                <TextEquiv>
                    <Unicode>tratest. — Nur ein geheimnisvoller Zusammenhang besteht</Unicode>
                </TextEquiv>
            </TextLine>
            <TextLine id="r1l123" custom="readingOrder {index:122;}">
                <Coords points="1703,2429 2738,2420 2745,2375 1703,2379"/>
                <Baseline points="1717,2415 1767,2416 1818,2416 1869,2417 1920,2417 1971,2416 2021,2416 2072,2415 2123,2415 2174,2414 2225,2414 2275,2413 2326,2412 2377,2412 2428,2411 2479,2411 2529,2411 2580,2411 2631,2412 2682,2412 2733,2413"/>
                <TextEquiv>
                    <Unicode>Kainz' Amadeus war voll vibrierender Nervosität,</Unicode>
                </TextEquiv>
            </TextLine>
            <TextLine id="r1l124" custom="readingOrder {index:123;}">
                <Coords points="656,2434 1691,2439 1691,2406 1574,2398 656,2398"/>
                <Baseline points="670,2440 720,2439 770,2438 821,2437 871,2437 922,2436 972,2436 1022,2436 1073,2436 1123,2437 1174,2437 1224,2437 1274,2438 1325,2438 1375,2438 1426,2438 1476,2438 1526,2438 1577,2437 1627,2437 1678,2436"/>
                <TextEquiv>
                    <Unicode>zwischen dem jungen Mädchen, das vor sieben Jahren</Unicode>
                </TextEquiv>
            </TextLine>
            <TextLine id="r1l125" custom="readingOrder {index:124;}">
                <Coords points="1708,2462 2343,2470 2524,2437 2696,2464 2742,2417 1707,2423"/>
                <Baseline points="1720,2457 1770,2458 1820,2458 1871,2459 1921,2459 1972,2459 2022,2458 2073,2458 2123,2457 2174,2457 2224,2456 2274,2455 2325,2454 2375,2454 2426,2453 2476,2452 2527,2452 2577,2452 2628,2452 2678,2453 2729,2454"/>
                <TextEquiv>
                    <Unicode>von feinster Transparenz, voll geistreicher packender</Unicode>
                </TextEquiv>
            </TextLine>
            <TextLine id="r1l126" custom="readingOrder {index:125;}">
                <Coords points="663,2475 1449,2493 1695,2477 1695,2441 663,2452"/>
                <Baseline points="676,2477 726,2475 776,2474 826,2474 877,2473 927,2473 977,2473 1028,2473 1078,2473 1128,2473 1179,2474 1229,2474 1279,2474 1329,2475 1380,2475 1430,2475 1480,2474 1531,2474 1581,2473 1631,2472 1682,2471"/>
                <TextEquiv>
                    <Unicode>eines Abends in meine Arme sank, und der, die heute aus</Unicode>
                </TextEquiv>
            </TextLine>
            <TextLine id="r1l127" custom="readingOrder {index:126;}">
                <Coords points="1854,2504 2754,2515 2753,2435 2709,2461 2557,2465 2517,2436 2341,2474 2214,2452 1854,2472"/>
                <Baseline points="1868,2498 1911,2497 1955,2497 1998,2497 2042,2496 2086,2496 2129,2495 2173,2495 2216,2494 2260,2494 2304,2493 2347,2493 2391,2493 2434,2492 2478,2492 2522,2492 2565,2492 2609,2492 2652,2492 2696,2492 2740,2492"/>
                <TextEquiv>
                    <Unicode>Lotte Witt brachte das Seelenleben</Unicode>
                </TextEquiv>
            </TextLine>
            <TextLine id="r1l128" custom="readingOrder {index:127;}">
                <Coords points="1705,2511 1743,2519 1754,2511 1764,2517 1803,2501 1819,2515 1837,2499 1845,2507 1868,2507 1868,2471 1850,2473 1830,2463 1788,2473 1762,2462 1739,2465 1728,2459 1705,2464"/>
                <Baseline points="1718,2502 1745,2500 1772,2500 1799,2500 1826,2501 1854,2503"/>
                <TextEquiv>
                    <Unicode>Züge;</Unicode>
                </TextEquiv>
            </TextLine>
            <TextLine id="r1l129" custom="readingOrder {index:128;}">
                <Coords points="662,2512 1694,2514 1670,2475 662,2478"/>
                <Baseline points="674,2513 724,2512 774,2511 825,2511 875,2510 925,2510 976,2510 1026,2511 1076,2511 1127,2511 1177,2512 1227,2512 1278,2513 1328,2513 1378,2513 1429,2513 1479,2512 1529,2512 1580,2510 1630,2509 1681,2507"/>
                <TextEquiv>
                    <Unicode>der Fremde in diesem Hause für kurze Zeit eingekehrt ist.</Unicode>
                </TextEquiv>
            </TextLine>
            <TextLine id="r1l130" custom="readingOrder {index:129;}">
                <Coords points="1706,2544 2551,2528 2751,2555 2751,2503 2701,2496 1706,2510"/>
                <Baseline points="1719,2540 1772,2539 1826,2538 1879,2538 1933,2537 1987,2537 2040,2536 2094,2536 2148,2536 2201,2535 2255,2535 2308,2535 2362,2535 2416,2535 2469,2535 2523,2535 2577,2535 2630,2535 2684,2535 2738,2535"/>
                <TextEquiv>
                    <Unicode>Cäciliens bewundernswert zum Ausdruck, vielleicht</Unicode>
                </TextEquiv>
            </TextLine>
            <TextLine id="r1l131" custom="readingOrder {index:130;}">
                <Coords points="654,2557 1694,2548 1693,2517 1629,2509 654,2523"/>
                <Baseline points="667,2549 717,2548 768,2548 819,2548 869,2548 920,2549 971,2549 1021,2549 1072,2549 1123,2549 1174,2549 1224,2549 1275,2549 1326,2549 1376,2548 1427,2548 1478,2547 1528,2547 1579,2545 1630,2544 1681,2543"/>
                <TextEquiv>
                    <Unicode>Aber diese sieben Jahre habe ich mit einer anderen ver¬</Unicode>
                </TextEquiv>
            </TextLine>
            <TextLine id="r1l132" custom="readingOrder {index:131;}">
                <Coords points="1706,2595 2017,2575 2539,2608 2759,2588 2759,2531 1706,2543"/>
                <Baseline points="1720,2584 1771,2583 1822,2583 1873,2583 1925,2582 1976,2582 2027,2581 2079,2581 2130,2581 2181,2580 2233,2580 2284,2579 2335,2579 2386,2579 2438,2578 2489,2578 2540,2578 2592,2578 2643,2578 2694,2578 2746,2579"/>
                <TextEquiv>
                    <Unicode>sogar etwas zu vornehm. Den Fürsten gab Korffs</Unicode>
                </TextEquiv>
            </TextLine>
            <TextLine id="r1l133" custom="readingOrder {index:132;}">
                <Coords points="656,2596 1677,2589 1695,2548 656,2552"/>
                <Baseline points="669,2583 719,2584 770,2584 820,2585 871,2585 922,2585 972,2585 1023,2586 1074,2586 1124,2585 1175,2585 1226,2585 1276,2585 1327,2585 1378,2584 1428,2584 1479,2584 1530,2583 1580,2583 1631,2582 1682,2582"/>
                <TextEquiv>
                    <Unicode>lebt, — mit einer stillen, gütigen Frau, mit einer Art von</Unicode>
                </TextEquiv>
            </TextLine>
            <TextLine id="r1l134" custom="readingOrder {index:133;}">
                <Coords points="648,2632 1612,2635 1700,2624 1700,2585 648,2593"/>
                <Baseline points="661,2622 712,2621 763,2621 814,2620 866,2620 917,2620 968,2620 1019,2619 1071,2619 1122,2619 1173,2619 1224,2620 1276,2620 1327,2619 1378,2619 1429,2619 1481,2619 1532,2619 1583,2618 1634,2618 1686,2617"/>
                <TextEquiv>
                    <Unicode>Engel vielleicht, der nun entschwunden ist. Die, die heute</Unicode>
                </TextEquiv>
            </TextLine>
            <TextLine id="r1l135" custom="readingOrder {index:134;}">
                <Coords points="1702,2634 1775,2647 1923,2626 1985,2645 2016,2626 2151,2640 2208,2611 2208,2583 1702,2590"/>
                <Baseline points="1714,2622 1739,2622 1764,2621 1790,2621 1815,2621 1840,2621 1866,2621 1891,2621 1916,2622 1942,2622 1967,2622 1993,2622 2018,2623 2043,2623 2069,2623 2094,2623 2119,2622 2145,2621 2170,2621 2196,2620"/>
                <TextEquiv>
                    <Unicode>mit vollendeter Noblesse.</Unicode>
                </TextEquiv>
            </TextLine>
            <TextLine id="r1l136" custom="readingOrder {index:135;}">
                <Coords points="656,2657 1410,2651 1517,2677 1698,2658 1698,2625 656,2628"/>
                <Baseline points="668,2659 718,2658 769,2656 820,2655 871,2655 922,2654 973,2654 1024,2654 1075,2653 1126,2653 1177,2654 1227,2654 1278,2654 1329,2654 1380,2654 1431,2655 1482,2655 1533,2655 1584,2655 1635,2656 1686,2656"/>
                <TextEquiv>
                    <Unicode>kam, hat eine Stimme, die ich nie gehört. Blicke, die mir</Unicode>
                </TextEquiv>
            </TextLine>
            <TextLine id="r1l137" custom="readingOrder {index:136;}">
                <Coords points="1512,2691 1530,2689 1546,2699 1587,2684 1608,2700 1623,2698 1636,2706 1670,2699 1714,2707 1712,2647 1665,2662 1619,2654 1557,2661 1539,2642 1513,2642"/>
                <Baseline points="1524,2691 1549,2689 1574,2689 1599,2689 1624,2690 1649,2691 1674,2692 1700,2691"/>
                <TextEquiv>
                    <Unicode>— keine</Unicode>
                </TextEquiv>
            </TextLine>
            <TextLine id="r1l138" custom="readingOrder {index:137;}">
                <Coords points="661,2688 728,2709 1519,2698 1519,2659 1412,2651 878,2675 661,2657"/>
                <Baseline points="674,2695 715,2694 757,2693 798,2693 840,2693 882,2693 923,2693 965,2693 1007,2693 1048,2693 1090,2694 1132,2694 1173,2694 1215,2694 1257,2694 1298,2694 1340,2694 1382,2693 1423,2693 1465,2692 1507,2690"/>
                <TextEquiv>
                    <Unicode>fremd sind, eine Schönheit, die ich nicht kenne,</Unicode>
                </TextEquiv>
            </TextLine>
            <TextLine id="r1l139" custom="readingOrder {index:138;}">
                <Coords points="649,2731 1699,2734 1699,2695 1590,2685 649,2684"/>
                <Baseline points="661,2729 712,2729 763,2729 814,2729 866,2729 917,2730 968,2730 1019,2730 1071,2730 1122,2731 1173,2731 1224,2731 1276,2731 1327,2731 1378,2730 1429,2730 1481,2729 1532,2728 1583,2727 1634,2725 1686,2724"/>
                <TextEquiv>
                    <Unicode>bessere, glaub ich, als jene andere, eher eine grausamere —</Unicode>
                </TextEquiv>
            </TextLine>
            <TextLine id="r1l140" custom="readingOrder {index:139;}">
                <Coords points="650,2786 1140,2767 1192,2796 1230,2770 1453,2797 1676,2774 1700,2727 650,2735"/>
                <Baseline points="664,2766 715,2766 766,2766 817,2766 868,2766 920,2766 971,2767 1022,2767 1073,2768 1124,2768 1176,2769 1227,2769 1278,2769 1329,2770 1380,2770 1432,2770 1483,2769 1534,2769 1585,2768 1636,2767 1688,2766"/>
                <TextEquiv>
                    <Unicode>und doch eins, glaub' ich, die mehr geschaffen ist zu be¬</Unicode>
                </TextEquiv>
            </TextLine>
            <TextLine id="r1l141" custom="readingOrder {index:140;}">
                <Coords points="661,2828 679,2825 689,2832 717,2813 738,2821 774,2809 782,2817 790,2811 800,2816 834,2805 833,2771 778,2770 768,2776 755,2763 739,2776 732,2771 659,2771"/>
                <Baseline points="672,2808 701,2806 731,2804 760,2803 790,2803 820,2804"/>
                <TextEquiv>
                    <Unicode>glücken.“</Unicode>
                </TextEquiv>
            </TextLine>
            <TextLine id="r1l142" custom="readingOrder {index:141;}">
                <Coords points="718,2856 1711,2872 1711,2823 1677,2812 1454,2796 718,2815"/>
                <Baseline points="730,2851 778,2852 826,2852 875,2853 923,2854 972,2854 1020,2855 1068,2855 1117,2855 1165,2855 1214,2855 1262,2855 1310,2855 1359,2855 1407,2855 1456,2855 1504,2855 1552,2855 1601,2855 1649,2855 1698,2854"/>
                <TextEquiv>
                    <Unicode>Halb sträubt sich Cäcilie, halb willigt sie ein, der</Unicode>
                </TextEquiv>
            </TextLine>
            <TextLine id="r1l143" custom="readingOrder {index:142;}">
                <Coords points="649,2910 1714,2897 1714,2868 1629,2852 1121,2868 649,2834"/>
                <Baseline points="661,2896 715,2895 770,2895 825,2895 879,2895 934,2895 989,2896 1043,2897 1098,2898 1153,2898 1207,2899 1262,2900 1317,2900 1371,2901 1426,2901 1481,2901 1535,2900 1590,2899 1645,2897 1700,2895"/>
                <TextEquiv>
                    <Unicode>jüngsten Liebeswerbung Amadens Gehör zu schenken,</Unicode>
                </TextEquiv>
            </TextLine>
            <TextLine id="r1l144" custom="readingOrder {index:143;}">
                <Coords points="658,2946 1692,2952 1708,2900 658,2912"/>
                <Baseline points="672,2934 723,2935 774,2936 825,2936 876,2937 927,2938 978,2939 1029,2939 1080,2940 1131,2941 1183,2941 1234,2942 1285,2942 1336,2942 1387,2942 1438,2942 1489,2941 1540,2941 1591,2940 1642,2939 1694,2937"/>
                <TextEquiv>
                    <Unicode>wieder einmal, nicht nur dem Namen nach seine</Unicode>
                </TextEquiv>
            </TextLine>
            <TextLine id="r1l145" custom="readingOrder {index:144;}">
                <Coords points="658,2984 1664,2988 1716,2975 1716,2923 966,2957 658,2934"/>
                <Baseline points="672,2973 723,2975 775,2976 826,2978 878,2979 929,2979 981,2980 1032,2980 1084,2981 1135,2981 1187,2981 1238,2981 1290,2981 1341,2980 1393,2980 1444,2979 1496,2978 1547,2977 1599,2976 1650,2974 1702,2973"/>
                <TextEquiv>
                    <Unicode>Gattin zu sein. Amadens glaubt min, seine Gattin</Unicode>
                </TextEquiv>
            </TextLine>
            <TextLine id="r1l146" custom="readingOrder {index:145;}">
                <Coords points="659,3022 1634,3029 1712,3013 1712,2966 659,2981"/>
                <Baseline points="672,3018 723,3018 774,3019 825,3020 877,3020 928,3021 979,3021 1031,3021 1082,3021 1133,3022 1185,3022 1236,3022 1287,3021 1338,3021 1390,3021 1441,3020 1492,3020 1544,3019 1595,3018 1646,3017 1698,3016"/>
                <TextEquiv>
                    <Unicode>sich wieder zurückerobert zu haben, doch ihr stolzer</Unicode>
                </TextEquiv>
            </TextLine>
            <TextLine id="r1l147" custom="readingOrder {index:146;}">
                <Coords points="652,3067 1681,3072 1720,3061 1720,3017 652,3030"/>
                <Baseline points="665,3059 717,3060 769,3060 821,3061 873,3061 925,3061 977,3061 1029,3061 1081,3061 1133,3061 1185,3060 1237,3060 1289,3060 1341,3060 1393,3060 1445,3060 1497,3060 1549,3060 1601,3060 1653,3061 1706,3061"/>
                <TextEquiv>
                    <Unicode>Charakter, der freilich an Widersprüchen nicht arm ist,</Unicode>
                </TextEquiv>
            </TextLine>
            <TextLine id="r1l148" custom="readingOrder {index:147;}">
                <Coords points="658,3099 1708,3115 1708,3060 658,3063"/>
                <Baseline points="672,3100 723,3101 774,3102 825,3103 876,3103 928,3103 979,3103 1030,3103 1081,3103 1132,3103 1184,3102 1235,3102 1286,3101 1337,3101 1388,3101 1440,3100 1491,3100 1542,3100 1593,3100 1644,3101 1696,3101"/>
                <TextEquiv>
                    <Unicode>ist ein eiserner Panzer, an welchem alle Vorschläge</Unicode>
                </TextEquiv>
            </TextLine>
            <TextLine id="r1l149" custom="readingOrder {index:148;}">
                <Coords points="655,3141 1716,3149 1716,3112 1591,3102 655,3099"/>
                <Baseline points="669,3144 720,3144 772,3144 823,3144 875,3144 927,3143 978,3143 1030,3143 1082,3143 1133,3142 1185,3142 1237,3142 1288,3142 1340,3142 1392,3142 1443,3142 1495,3142 1547,3142 1598,3142 1650,3142 1702,3143"/>
                <TextEquiv>
                    <Unicode>Amadens abpralken. Und als er sie an die jüngste</Unicode>
                </TextEquiv>
            </TextLine>
            <TextLine id="r1l150" custom="readingOrder {index:149;}">
                <Coords points="647,3213 714,3187 1632,3199 1705,3191 1705,3147 647,3161"/>
                <Baseline points="661,3188 712,3187 764,3185 815,3184 867,3183 918,3183 970,3182 1021,3182 1073,3182 1124,3182 1176,3183 1228,3183 1279,3183 1331,3184 1382,3184 1434,3185 1485,3185 1537,3186 1588,3186 1640,3186 1692,3186"/>
                <TextEquiv>
                    <Unicode>selige Stunde gemahnt, höhnt sie ihm frivol entgegen:</Unicode>
                </TextEquiv>
            </TextLine>
            <TextLine id="r1l151" custom="readingOrder {index:150;}">
                <Coords points="655,3237 1256,3238 1308,3207 1352,3238 1707,3240 1707,3190 655,3195"/>
                <Baseline points="669,3227 720,3227 771,3226 822,3226 874,3225 925,3225 976,3224 1028,3223 1079,3223 1130,3222 1182,3222 1233,3222 1284,3222 1335,3222 1387,3222 1438,3222 1489,3223 1541,3224 1592,3225 1643,3226 1695,3227"/>
                <TextEquiv>
                    <Unicode>„War ich denn wirklich dein?" Ich war es nicht,</Unicode>
                </TextEquiv>
            </TextLine>
            <TextLine id="r1l152" custom="readingOrder {index:151;}">
                <Coords points="658,3259 1703,3279 1703,3229 658,3231"/>
                <Baseline points="671,3265 722,3265 773,3266 824,3266 875,3265 926,3265 977,3265 1028,3265 1079,3265 1130,3265 1181,3265 1232,3265 1283,3265 1334,3265 1385,3265 1436,3265 1487,3265 1538,3266 1589,3266 1640,3267 1691,3268"/>
                <TextEquiv>
                    <Unicode>oder bist dn so bescheiden geworden, mit einem mal,</Unicode>
                </TextEquiv>
            </TextLine>
            <TextLine id="r1l153" custom="readingOrder {index:152;}">
                <Coords points="659,3322 1712,3321 1712,3282 1592,3261 659,3278"/>
                <Baseline points="671,3309 722,3308 773,3307 825,3307 876,3306 928,3306 979,3306 1031,3305 1082,3305 1134,3305 1185,3305 1236,3305 1288,3305 1339,3305 1391,3306 1442,3306 1494,3306 1545,3306 1597,3306 1648,3305 1700,3305"/>
                <TextEquiv>
                    <Unicode>daß dir ein Glück genügte, das zur selben Stunde</Unicode>
                </TextEquiv>
            </TextLine>
            <TextLine id="r1l154" custom="readingOrder {index:153;}">
                <Coords points="651,3357 1678,3365 1706,3313 651,3318"/>
                <Baseline points="665,3349 716,3349 767,3348 819,3348 870,3348 921,3347 973,3347 1024,3347 1075,3347 1127,3347 1178,3347 1229,3347 1281,3347 1332,3348 1383,3348 1435,3348 1486,3348 1537,3348 1589,3348 1640,3348 1692,3348"/>
                <TextEquiv>
                    <Unicode>vielleicht auch ein anderer hätte holen</Unicode>
                </TextEquiv>
            </TextLine>
            <TextLine id="r1l155" custom="readingOrder {index:154;}">
                <Coords points="654,3394 1652,3401 1632,3352 654,3358"/>
                <Baseline points="668,3388 716,3388 765,3388 813,3388 862,3388 910,3388 959,3388 1007,3389 1056,3389 1104,3389 1153,3389 1201,3389 1250,3389 1298,3390 1347,3390 1395,3390 1444,3389 1492,3389 1541,3389 1589,3388 1638,3388"/>
                <TextEquiv>
                    <Unicode>können, wenn er nur dagewesen wäre ...“</Unicode>
                </TextEquiv>
            </TextLine>
            <TextLine id="r1l156" custom="readingOrder {index:155;}">
                <Coords points="730,3443 1715,3448 1716,3399 730,3401"/>
                <Baseline points="742,3436 790,3437 838,3437 886,3437 934,3438 982,3438 1030,3438 1078,3438 1126,3438 1174,3438 1222,3438 1270,3438 1318,3438 1366,3438 1414,3438 1462,3438 1510,3439 1558,3439 1606,3440 1654,3441 1702,3441"/>
                <TextEquiv>
                    <Unicode>Das Gerücht dringt an Amadens' Ohr, daß seine</Unicode>
                </TextEquiv>
            </TextLine>
            <TextLine id="r1l157" custom="readingOrder {index:156;}">
                <Coords points="657,3497 1722,3479 1696,3442 657,3429"/>
                <Baseline points="669,3479 721,3479 773,3479 825,3479 877,3480 929,3480 981,3480 1033,3481 1085,3481 1137,3481 1189,3482 1241,3482 1293,3482 1345,3482 1397,3482 1449,3482 1501,3482 1553,3482 1605,3481 1657,3481 1709,3480"/>
                <TextEquiv>
                    <Unicode>Gattin die Scheidung einleiten will, um Fürstin</Unicode>
                </TextEquiv>
            </TextLine>
            <TextLine id="r1l158" custom="readingOrder {index:157;}">
                <Coords points="661,3535 1133,3526 1133,3489 1014,3484 959,3499 928,3481 905,3494 661,3483"/>
                <Baseline points="674,3519 700,3519 726,3519 752,3519 778,3520 805,3520 831,3520 857,3520 883,3520 910,3520 936,3520 962,3520 988,3520 1015,3520 1041,3520 1067,3520 1093,3520 1120,3520"/>
                <TextEquiv>
                    <Unicode>Sigismund zu werden.</Unicode>
                </TextEquiv>
            </TextLine>
            <TextLine id="r1l159" custom="readingOrder {index:158;}">
                <Coords points="1124,3530 1681,3533 1712,3528 1713,3481 1124,3491"/>
                <Baseline points="1138,3522 1166,3522 1194,3522 1222,3522 1250,3523 1278,3523 1306,3523 1334,3523 1362,3523 1390,3523 1419,3523 1447,3523 1475,3523 1503,3524 1531,3524 1559,3524 1587,3524 1615,3524 1643,3524 1671,3524 1700,3524"/>
                <TextEquiv>
                    <Unicode>In einer allerdings etwas</Unicode>
                </TextEquiv>
            </TextLine>
            <TextLine id="r1l160" custom="readingOrder {index:159;}">
                <Coords points="655,3578 1689,3578 1720,3529 655,3531"/>
                <Baseline points="669,3563 720,3563 772,3563 824,3563 876,3563 928,3563 980,3563 1032,3563 1084,3563 1136,3563 1188,3563 1239,3563 1291,3564 1343,3564 1395,3564 1447,3564 1499,3563 1551,3563 1603,3563 1655,3563 1707,3562"/>
                <TextEquiv>
                    <Unicode>verspäteten edlen Aufwallung sendet Amadens dem</Unicode>
                </TextEquiv>
            </TextLine>
            <TextLine id="r1l161" custom="readingOrder {index:160;}">
                <Coords points="658,3608 1688,3615 1721,3569 658,3577"/>
                <Baseline points="671,3604 722,3604 774,3604 826,3605 878,3605 930,3605 982,3605 1034,3605 1086,3606 1138,3606 1190,3606 1241,3606 1293,3606 1345,3606 1397,3605 1449,3605 1501,3605 1553,3604 1605,3604 1657,3603 1709,3602"/>
                <TextEquiv>
                    <Unicode>Fürsten seine Zeugen, trotzdem diese ihn davon</Unicode>
                </TextEquiv>
            </TextLine>
            <TextLine id="r1l162" custom="readingOrder {index:161;}">
                <Coords points="664,3664 1680,3653 1721,3593 664,3628"/>
                <Baseline points="677,3650 728,3648 780,3647 831,3645 883,3645 935,3644 986,3644 1038,3643 1089,3643 1141,3644 1193,3644 1244,3644 1296,3644 1347,3645 1399,3645 1451,3645 1502,3645 1554,3644 1605,3644 1657,3643 1709,3642"/>
                <TextEquiv>
                    <Unicode>zurückhalten wollen unter Hinweis auf des Fürsten</Unicode>
                </TextEquiv>
            </TextLine>
            <TextLine id="r1l163" custom="readingOrder {index:162;}">
                <Coords points="661,3695 1719,3710 1719,3630 661,3654"/>
                <Baseline points="673,3694 724,3692 776,3690 828,3688 879,3687 931,3685 983,3685 1034,3684 1086,3684 1138,3683 1190,3683 1241,3684 1293,3684 1345,3684 1396,3685 1448,3685 1500,3686 1551,3687 1603,3687 1655,3688 1707,3689"/>
                <TextEquiv>
                    <Unicode>Frömmigkeit, dessen Vater, wie es in dem Stücke heißt,</Unicode>
                </TextEquiv>
            </TextLine>
            <TextLine id="r1l164" custom="readingOrder {index:163;}">
                <Coords points="669,3730 1716,3739 1687,3697 1578,3690 669,3706"/>
                <Baseline points="681,3734 732,3731 783,3728 834,3727 885,3726 936,3725 987,3724 1038,3724 1089,3724 1140,3725 1191,3725 1242,3726 1293,3726 1344,3727 1395,3727 1446,3728 1497,3728 1548,3727 1599,3727 1650,3726 1702,3725"/>
                <TextEquiv>
                    <Unicode>„einer der Führer der klerikalen Parteien im Herren¬</Unicode>
                </TextEquiv>
            </TextLine>
            <TextLine id="r1l165" custom="readingOrder {index:164;}">
                <Coords points="665,3778 1713,3765 1697,3729 665,3729"/>
                <Baseline points="678,3771 729,3769 780,3768 831,3767 882,3767 933,3766 984,3766 1035,3766 1086,3767 1137,3767 1189,3767 1240,3768 1291,3768 1342,3768 1393,3768 1444,3768 1495,3767 1546,3766 1597,3766 1648,3764 1700,3762"/>
                <TextEquiv>
                    <Unicode>haus und im Präsidium der Antiduell=Liga, ist“.</Unicode>
                </TextEquiv>
            </TextLine>
            <TextLine id="r1l166" custom="readingOrder {index:165;}">
                <Coords points="663,3807 1716,3825 1716,3766 992,3751 663,3779"/>
                <Baseline points="676,3813 727,3812 778,3811 830,3810 881,3809 932,3809 984,3808 1035,3808 1086,3807 1138,3807 1189,3807 1240,3807 1292,3807 1343,3807 1394,3807 1446,3807 1497,3807 1548,3807 1600,3806 1651,3806 1703,3805"/>
                <TextEquiv>
                    <Unicode>Bevor jedoch die Zeugen ihn erreichen, erscheint der</Unicode>
                </TextEquiv>
            </TextLine>
            <TextLine id="r1l167" custom="readingOrder {index:166;}">
                <Coords points="660,3846 1721,3844 1720,3792 660,3810"/>
                <Baseline points="673,3856 724,3854 776,3852 828,3850 880,3849 931,3848 983,3847 1035,3847 1087,3847 1138,3848 1190,3848 1242,3848 1294,3849 1345,3849 1397,3850 1449,3850 1501,3850 1552,3850 1604,3850 1656,3849 1708,3848"/>
                <TextEquiv>
                    <Unicode>durchlauchtigste Herr bei dem ihm von früher be¬</Unicode>
                </TextEquiv>
            </TextLine>
            <TextLine id="r1l168" custom="readingOrder {index:167;}">
                <Coords points="664,3896 1696,3908 1727,3903 1727,3843 664,3852"/>
                <Baseline points="676,3896 727,3894 779,3893 831,3892 883,3891 935,3890 987,3889 1038,3889 1090,3889 1142,3889 1194,3889 1246,3889 1298,3889 1350,3890 1401,3890 1453,3891 1505,3891 1557,3892 1609,3892 1661,3892 1713,3893"/>
                <TextEquiv>
                    <Unicode>freundeten Kapellmeister selbst, um ihn — wer lacht</Unicode>
                </TextEquiv>
            </TextLine>
            <TextLine id="r1l169" custom="readingOrder {index:168;}">
                <Coords points="664,3942 1369,3926 1727,3956 1727,3905 1607,3894 664,3896"/>
                <Baseline points="677,3936 728,3935 780,3935 832,3934 884,3934 936,3933 988,3933 1039,3932 1091,3932 1143,3932 1195,3931 1247,3931 1299,3931 1351,3931 1402,3931 1454,3932 1506,3932 1558,3933 1610,3934 1662,3935 1714,3936"/>
                <TextEquiv>
                    <Unicode>da nicht!? — um die Hand seiner — Frau zu</Unicode>
                </TextEquiv>
            </TextLine>
            <TextLine id="r1l170" custom="readingOrder {index:169;}">
                <Coords points="664,3979 1343,3966 1716,3998 1716,3933 664,3940"/>
                <Baseline points="676,3976 727,3974 778,3973 830,3973 881,3972 933,3972 984,3972 1035,3972 1087,3973 1138,3973 1190,3973 1241,3974 1292,3974 1344,3975 1395,3975 1447,3975 1498,3976 1549,3976 1601,3976 1652,3975 1704,3975"/>
                <TextEquiv>
                    <Unicode>bitten, nämlich um seine Einwilligung zur</Unicode>
                </TextEquiv>
            </TextLine>
            <TextLine id="r1l171" custom="readingOrder {index:170;}">
                <Coords points="670,4015 779,4041 1508,4009 1731,4045 1731,3988 1619,3973 671,3978"/>
                <Baseline points="684,4014 735,4014 787,4014 839,4014 890,4014 942,4013 994,4013 1045,4013 1097,4013 1149,4013 1201,4013 1252,4013 1304,4013 1356,4013 1407,4013 1459,4014 1511,4014 1562,4015 1614,4016 1666,4017 1718,4018"/>
                <TextEquiv>
                    <Unicode>Scheidung. Die Schroffheit, mit welcher Amadeus</Unicode>
                </TextEquiv>
            </TextLine>
            <TextLine id="r1l172" custom="readingOrder {index:171;}">
                <Coords points="664,4056 1724,4080 1724,4023 1509,4007 664,4017"/>
                <Baseline points="676,4056 727,4057 779,4058 831,4058 883,4058 934,4058 986,4058 1038,4058 1090,4058 1141,4058 1193,4057 1245,4057 1297,4057 1348,4057 1400,4057 1452,4057 1504,4058 1555,4058 1607,4059 1659,4060 1711,4061"/>
                <TextEquiv>
                    <Unicode>den unter so sonderbaren Umständen bei ihm er¬</Unicode>
                </TextEquiv>
            </TextLine>
            <TextLine id="r1l173" custom="readingOrder {index:172;}">
                <Coords points="668,4126 1565,4102 1604,4131 1731,4121 1731,4046 1563,4076 668,4058"/>
                <Baseline points="681,4103 732,4102 784,4102 836,4101 888,4100 940,4100 991,4100 1043,4100 1095,4100 1147,4100 1199,4100 1250,4100 1302,4101 1354,4101 1406,4102 1458,4103 1509,4104 1561,4105 1613,4106 1665,4107 1717,4108"/>
                <TextEquiv>
                    <Unicode>scheinenden Nebenbuhler anfangs empfängt, weicht,"</Unicode>
                </TextEquiv>
            </TextLine>
            <TextEquiv>
                <Unicode>emnen
mich nach allem Schmerzlichen und Süßen, nach allem
er seiner verflossenen Friederike geschrieben, dieser ab¬
Schönen und nach allem Kläglichen, was das Leben
gerungen, um Amadens vor einem eventuellen Duelt
bringt. Ich sehne mich nach Stürmen, nach Gefahr, —
zu bewahren. Nun glaubt er Cäciliens sicher zu sein,
vielleicht nach mehr:
doch sie, eine Art Hedda Gabler=Natur, scheidet von
Amadens: Nein, Cäcilie, das versucht du dir ein¬
zubilden!
ihm, indem sie ihm sagt, daß ihr allerdings wehe
Cäcilie: O nein!
ums Herz sei, daß sie aber Eines stark fühle: „Wir
Amadeus: Gewiß, Cäctlie. Du weißt eben noch
sind einander so viel gewesen, daß wir uns die Er¬
wenig und stellst dir vieles einfacher und reinlicher vor,
innerung darau erhalten müssen. Wenn das ein
als es ist. Aber es gibt Dinge, die du nie ertrügst, und
Abenteuer war, sind wir auch unser vergangenes
manche, die zu begehen du nicht fähig wärst. — Ich kenne
Glück nicht wert. War es ein Abschied, so sind wir
dich. Cäcilie.
vielleicht doch zu einem künftigen bestimmt ...
Cäcilie: Du kennst mich? ... Du weißt nur, was
vielleicht
ich als deine Geliebte, deine Gattin war. Und da du für
So molluskenhaft die Gestalt Amadeus, so kernfest,
mich die ganze Welt bedeutet hast, in dir all meine Sehnsticht,
all meine Zärtlichkeit beschlossen war, so konnten wir
wenngleich voll unlösbarer Widersprüche ist der
beide früher nicht ahnen, wozu ich bestimmt wäre, wenn
Charakter Cäciliens. Ein neues Frauenrätsel, au
sich die wirkliche Welt vor mir auftäte. — Ich bin schon
dessen Entstehung unzweifelhaft Ibsenscher Einfluß
Oder viel¬
heute nicht mehr, die ich war, Amadens ...
mitwirkte. Wie dem immer sei, und fordert auch die
leicht war ich immer dieselbe und habe es nur nicht ge¬
Argumentation und Struktur des Werkes zu mancherlei
wußt; und es ist jetzt etwas von mir abgefallen, das mich
Einwendungen heraus, so versteht es Schnitzler doch
früher umhüllt hat ... Ja, so muß es sein: denn jetzt
wieder, durch die unendliche Feinheit, mit der er sein!
fühle ich alle Wünswe, die früher an mir herabgeglitten
sind wie an einem fühllosen eisernen Panzer, ... jetzt
Problem versicht, durch die zarten, duftigen Farben,
fühle ich sie über meinen Leib, über meine Seele gleiten,
welche er aufträgt, durch den, wenn auch mitunter
und sie machen mich beben und glühen. Die Erde scheint
maechiavellistischen Geist zu blenden, zu interessieren
mir voll Abentenern, der Himmel wie von Flammen
und zu fesseln. Und das ist ja schließlich eine Haupt¬
strahlend, und mir ist, als sähe ich mich selbst, wie ich mit
sache. Für den feinen Humor, ja auch für manch
ausgebreiteten Armen dastehe und warte.
ätzend=satirisches Element sorgt die Nebensigur eines!
Amadeus (wie einer Entfliehenden nachrufend):
 des Komponisten, des
räsonnierenden Freundes
Cäcilie!
[Theaterdichters Albertus Rhon, der
Cäcilie: Was ist dir?
Amadens: Es ist nichts ... Was du da sprichst,
immer nach einem passenden Schluß für den dritten
kann mich ja nicht befremden nach allem, was ich schon
Akt seines Dramas sucht und ihn dann in der Wirk¬
weiß. Aber deine Stimme hat einen Beiklang, den ich heute
lichkeit des Lebens von Amadeus und Cäcilie findet.
zum ersten Male höre. Und auch diesen Glanz deiner
Den Titel des Stückes selbst entnimmt der Antor
Augen habe ich bis heute nicht gekannt!
dem Zwischenspiel einer Symphonie, an welcher
Cäcilie: Das glaubst du nur, Amadens. Wäre es
Amadens arbeitet, seiner vierten, wie wiederholt ver¬
wirklich so, dann müßte es mir mit dir geradeso ergehen.
kündet wird. Und es ist ein nicht übler Witz, daß er
Und ich merke keinen Unterschied an dir. Ich kann mir
den Schlußpunkt zu dieser Vierten findet, nachdem
auch richt vorstellen, daß du mir je verändert erscheinen
könntest. Bei anderen Frauen magst du Bösewicht — oder
er seine Zweite, nämlich Friederike, verloren hat,
dummer Junge sein — was gewiß auch manchmal vor¬
und seine Erste, Cäcilie, wiedergefunden zu haben
kommen wird —: für mich wirst du immer derselbe bleiben;
S. L.
glaubt.
 und ich fühle, daß dem Amadeus, den ich meine, überhaupt
Ueber die Aufnahme, welche das Werk bei seiner
nichts geschehen kann.
Amadeus: Könnte ich das nur auch — für dich gestrigen Erstaufführung im Burgtheater gefunden
fühlen! Aber diese Sicherheit habe ich nicht: die un= hat, berichtet uns eine Depesche unseres Korrespon¬
denen:
bedenklichkeit, die Lust. mit der du in eine unbekannte Welt
Schnitzlers „Zwischenspiel“ hat infolge
hineinschreitest, erfüllt mich geradezu mit Angst um dich.
Der Gedanke, daß Menschen herumngehen, von denen du,
seiner in der Darstellung verschärft hervortretenden
die von deiner Existenz noch nicht wissen und denen du
logischen Unklarheit und der wiederholten ver¬
gehören wirst ¬
blüffenden Wendungen das Publikum nur teilweisen
Cäcilie: Gehören werde ich niemandem ... ich bin
befriedigt.
Cäcilie blieb in doppeltem Sinne eine
frei
unverstandene Frau. Nach dem Anfangsakt danktei
Die zu deinem Schicksal und zu
Amadeus —
Regisseur Brandt, nach dem zweiten Aufzug Schnitzler
deren Schicksal du doch schon bestimmt bist, dies ist mir
unheimlich. Und du bist auch nicht die Cäcilie, die ich ge=spersönlich. Der Schlußakt wurde flau aufgenommen.
mit teilweisem Zischen, welches jedoch ein etwas
liebt habe — nein! Du bist nur sehr ähnlich einer, die
demonstrotiver Applans übertönte. Die bedenklichet
mir sehr lieb war, aber doch ganz anders als die. Nein,
du
st nicht die, die jahrelang meine Frau war;
Fürstenszeue rief stellenweise die Absichten des
das habe ich in dem Augenblick empfunden, als du herein¬
Dichters schädigende unbeabsichtigte Heiterkeit hervor.##
tratest. — Nur ein geheimnisvoller Zusammenhang besteht
Kainz' Amadeus war voll vibrierender Nervosität,
zwischen dem jungen Mädchen, das vor sieben Jahren
von feinster Transparenz, voll geistreicher packender
eines Abends in meine Arme sank, und der, die heute aus
Lotte Witt brachte das Seelenleben
Züge;
der Fremde in diesem Hause für kurze Zeit eingekehrt ist.
Cäciliens bewundernswert zum Ausdruck, vielleicht
Aber diese sieben Jahre habe ich mit einer anderen ver¬
sogar etwas zu vornehm. Den Fürsten gab Korffs
lebt, — mit einer stillen, gütigen Frau, mit einer Art von
Engel vielleicht, der nun entschwunden ist. Die, die heute
mit vollendeter Noblesse.
kam, hat eine Stimme, die ich nie gehört. Blicke, die mir
— keine
fremd sind, eine Schönheit, die ich nicht kenne,
bessere, glaub ich, als jene andere, eher eine grausamere —
und doch eins, glaub' ich, die mehr geschaffen ist zu be¬
glücken.“
Halb sträubt sich Cäcilie, halb willigt sie ein, der
jüngsten Liebeswerbung Amadens Gehör zu schenken,
wieder einmal, nicht nur dem Namen nach seine
Gattin zu sein. Amadens glaubt min, seine Gattin
sich wieder zurückerobert zu haben, doch ihr stolzer
Charakter, der freilich an Widersprüchen nicht arm ist,
ist ein eiserner Panzer, an welchem alle Vorschläge
Amadens abpralken. Und als er sie an die jüngste
selige Stunde gemahnt, höhnt sie ihm frivol entgegen:
„War ich denn wirklich dein?" Ich war es nicht,
oder bist dn so bescheiden geworden, mit einem mal,
daß dir ein Glück genügte, das zur selben Stunde
vielleicht auch ein anderer hätte holen
können, wenn er nur dagewesen wäre ...“
Das Gerücht dringt an Amadens' Ohr, daß seine
Gattin die Scheidung einleiten will, um Fürstin
Sigismund zu werden.
In einer allerdings etwas
verspäteten edlen Aufwallung sendet Amadens dem
Fürsten seine Zeugen, trotzdem diese ihn davon
zurückhalten wollen unter Hinweis auf des Fürsten
Frömmigkeit, dessen Vater, wie es in dem Stücke heißt,
„einer der Führer der klerikalen Parteien im Herren¬
haus und im Präsidium der Antiduell=Liga, ist“.
Bevor jedoch die Zeugen ihn erreichen, erscheint der
durchlauchtigste Herr bei dem ihm von früher be¬
freundeten Kapellmeister selbst, um ihn — wer lacht
da nicht!? — um die Hand seiner — Frau zu
bitten, nämlich um seine Einwilligung zur
Scheidung. Die Schroffheit, mit welcher Amadeus
den unter so sonderbaren Umständen bei ihm er¬
scheinenden Nebenbuhler anfangs empfängt, weicht,"</Unicode>
            </TextEquiv>
        </TextRegion>
    </Page>
</PcGts>
