3484 4352
1356 184 1796 274 box 25/1
303 186 1206 298 20. Zuischenspiel
711 351 1322 427 Wde# Burgtheater.
524 416 1691 496 Arthur Schnitzlers „Zwischenspiel“. Komödie
964 456 1253 508 n drei Akten.
645 509 1661 564 In der neuen Komödie von Schnitzler steckt ein Pariser
517 563 1675 616 Lustspiel. Da ist ein Kapellmeister Monsieur Adams, der seine
526 597 1673 640 Frau und den seine Frau, eine Sängerin, nie betrügt, weil sie
524 635 1671 700 sich vorgenommen haben, sich immer gleich die Wahrheit zu ge¬
527 699 1685 751 stehen. Die Eheleute sind die Vertrauten ihrer außerehelichen
519 735 1679 803 erotischen Vergnügungen. In einem Pariser Schwank könnte
521 794 1671 845 diese ergötzliche Vertraulichkeit, das amüsante Beplandern ihrer
525 837 1660 886 kleinen Abenteuer als Würze einer doch schon etwas mono¬
527 872 1674 924 tonen Ehe begreiflich sein. Dieser Kapellmeister hält es im ersten
520 919 1677 964 Akt mit einer Gräfin, die Sängerin mit einem Fürsten. Da wäre
529 963 1677 1031 nun schon ein Pariser Schwankaktschluß da, indem die beiden
531 1012 1672 1051 einander durch ihre Abenteuer wieder interessant würden und sich
529 1058 1669 1103 wieder in die Arme sänken. Nun ist aber der Kapellmeister
524 1108 1678 1156 Schnitzlers ein tiefernster Komponist, den der Dichter sogar mit
526 1152 1669 1199 dem Vornamen Amadeus auszeichnet. Die vermutliche Chanson¬
531 1199 1684 1271 nette ist zur seriösen Opernsängerin erhöht und die Beplauderung
526 1248 1670 1307 der erotischen Seitensprünge wird gar nicht leichtherzig=pariserisch
530 1283 1670 1340 durchgeführt, sondern mit jenem zu Herzen gehenden Halbernst,
534 1332 1150 1395 dessen Note Schnitzler so gut trifft.
642 1378 1720 1448 Der Zuschauer fühlt, daß die Frau bei diesem unechten —
527 1433 1660 1486 Wahrheitsvertrag eigentlich insgeheim, dem Gatten un¬
529 1473 1665 1531 merklich, von zehrender Trauer gefaßt wird. Ihren sicheren
525 1531 1672 1588 Instinkten muß sie die törichte Klugheit eines Freiheitsvertrages
535 1577 1675 1615 in der Ehe doch erst aufzwingen! Das gibt natürlich einen viel
523 1624 1668 1679 feineren als einen Schwankaktschluß. Der Zuschauer, der nur ein
526 1667 1676 1718 klein wenig Expositionslangweile empfunden hat, erwartet jetzt
528 1708 1578 1757 ein zartes, mit delikater Psychologie verschleiertes Lustspiel.
637 1755 1673 1800 Der zweite Akt spielt ein paar Monate später Der Ehe¬
517 1808 1675 1852 bruch mit der Gräfin ist schon beendet, die Sängerin kommt eben
519 1855 1670 1904 von Berlin mit ihrem Fürsten zurück. Die Gatten sind zu bloßen
530 1904 1683 1945 Freunden geworden, die es zustande bringen, miteinander über ihre
525 1943 1678 1997 kurzen Abenteuer zu schwatzen. Beiläufig gesagt, eine Annahme
520 1995 1679 2054 von so schaler Konstruiertheit, wie man sie auch nur im französischen
538 2042 1679 2102 Schwank gern hinnimmt. Da erfährt die Sängerin die
531 2085 1672 2152 komische Tatsache, daß der Graf einen Liebhaber der Gräfin ge¬
526 2128 1669 2183 fordert habe, aber einen schon vor elf Monaten abgetanen.
535 2182 1684 2246 (Nebenbei: Was wäre dieser Graf, der immer erst den schon ver¬
2002 2219 2779 2295 rzteRim MUnH
1523 2208 1926 2302 ameswamn. peurn
1751 2295 2888 2347 Heiterkeit ziehen. Auch diesen lächelnden Schluß müßte aber ein
604 2290 1734 2338 flossenen Liebhaber fordert, für eine Maran=Rolle!) Dagegen
1758 2328 2885 2393 Franzose schreiben. Wenn ein Deutscher irgendwie den Ernst
592 2338 1727 2398 vertraut die Sängerin ihrem Manne an, daß ihr Fürst auch schon
1756 2374 2877 2437 dieses erotischen Humors ausdrücken wollte, so müßte er
606 2385 1730 2433 so ziemlich abgetan sei und daß sie dem sinnlichen Duft eines
1751 2407 2895 2481 den Zuschauer mit einer Variation des Wortes von Multatuli
597 2434 1728 2486 Kollegen von der Berliner Oper zu erliegen fürchte oder hoffe.
1758 2470 2832 2526 entlassen: „Die Ehre des Menschen wohnt über dem Nabel.“
609 2479 1731 2539 Das gestehen sich die beiden ungeniert, denn ihre Ehe ist ja schon
1855 2520 2887 2572 In einer einzigen Szene des dritten Aktes hat Schnitzler
596 2523 1733 2579 aus. Es ist nur mehr dies bißchen ewige Freundschaft da. „Wir
1754 2560 2888 2624 den Ton seines Lustspiels getroffen. Das ist jene, in der der Fürst
606 2565 1732 2613 lassen uns nicht scheiden, wir scheiden,“ hatte der Kapellmeister
1759 2613 2886 2663 Sigismund bei dem innerlich geschiedenen Gatten um die Hand
608 2614 1743 2666 schon im ersten Akt gesagt. Aber daß es aus ist, ist gar nicht
1747 2655 2900 2710 seiner Frau anhält. Nach dem nächtlichen Zwischenspiel. Da erfährt
599 2664 1734 2710 wahr, und im zweiten Akt packt den Musiker wieder die immer
1751 2710 2888 2766 nun der staunende Kapellmeister, daß seine Frau mit dem Fürsten
596 2706 1742 2765 nicht erloschene Leidenschaft für seine Frau so fulminant, daß sie
1750 2746 2894 2812 nur geflirtet hat. Diese fröhliche, von Herrn Korff übrigens
598 2748 1736 2814 ihm wieder erliegt. Der innerlich Geschiedene verführt in dieser
599 2800 1740 2847 Nacht seine eigene Frau. Der Gatte als sein eigener Ehebrecher!
1757 2796 2888 2852 meisterhaft gespielte Szene war auch die einzige, in der das
1759 2848 2893 2896 Publikum aus einem Gefühl achtungsvoller Langeweile zu einem
599 2847 1726 2907 Wenn das kein Pariser Lustspiel ist! Was die Frau in dieser
1761 2888 2892 2952 kleinen bißchen Lachen kam. Mit einem Wort: die Komödie Schnitzlers
601 2888 1737 2943 legitim=illegitimen Nacht erlebt, hätte ein Franzose freilich besser
1759 2934 2899 2992 hat zu viel werden wollen und deshalb wurde sie zu wenig. Schnitzler
601 2937 1729 2996 andeuten können. Der hätte sie einfach, belustigt oder bestürzt,
1758 2985 2883 3042 hat es nicht nötig, sein Talent künstlich hinaufzuschrauben. Er braucht
602 2983 1738 3033 erstaunt oder erfreut, für einen Moment aus dem Schlafzimmer
604 3032 994 3092 herauskommen lassen.
1748 3041 2891 3095 auf die allzeit prompten Bewunderer nicht zu achten, die gestern
1769 3066 2903 3134 erst korporativ die Musik entdeckt haben und heute schon ein
715 3069 1742 3127 Nein, sagt Schnitzler im letzten Akt, mein Stück ist kein
1766 3122 2410 3179 Andantino auf der Kniegeige spielen.
606 3124 1736 3177 Lustspiel! Statt daß die mongtelang ausgehungerten Gatten
1863 3161 2889 3216 Was wäre die Schnitzlersche Komödie ohne Kainz? Nur
600 3173 1741 3227 durch das erotische Wiedersehen der letzten Nacht heiter und
1759 3215 2900 3282 das vermagerte Gesicht dieses einzigen Künstlers anzusehen, dieses
610 3227 1736 3277 leichter gestimmt würden, kriegt vor allem die Frau ganz regel¬
1760 3252 2901 3333 zuckende Gesicht, in dem alle Leidenschaften des Denkens zu spielen
600 3267 1736 3316 rechte Ibsen=Zustände. Das Frauenzimmer düstert ganz unerträgliche
1758 3317 2895 3364 scheinen, war ein unerhörter künstlerischer Genuß. Und ebenso
607 3312 1744 3367 Spintisierereien vor sich hin und bereut besonders, man weiß
1750 3345 2884 3411 überraschungsreich wie dieses stets veränderte Antlitz des Künstlers
609 3369 1742 3418 nicht warum, das eheliche Zwischenspiel. Mit jedem, der ihr
1766 3406 2886 3462 ist seine Sprache. Wenn Kainz diesen Kapellmeister Adams gibt
599 3407 1743 3454 gefällt, würde sich die freie Seele diese erlösende Nacht gestattet
1759 3455 2892 3509 dann vergibt man dem Dichter den Vornamen Amadens. Dieser
610 3459 1736 3512 haben, nur mit dem nicht, bei dem sie schon so oft gelegen und
1753 3497 2886 3550 Musiker dürste sogar van . .. heißen. Fräulein Witt ist, bei
600 3503 1743 3555 der ihr auch als Mensch, als Kamerad, als Vater ihres Kindes
1760 3540 2888 3604 aller Anerkennung ihrer Mühen, keine Partnerin für Kainz. Neben
598 3556 1743 3602 lieb ist. Keinem anderen würde die Sängerin, die doch keine
1764 3593 2884 3640 Kainz ist Herr Treßler zu nennen, der einen ewig über¬
611 3585 1739 3644 Choristin ist, am nächsten Morgen kurzweg adien sagen. Ihren
1757 3631 2895 3681 legenen Schriftsteller durch die Leichtigkeit und Diskretion seines
604 3639 1744 3704 Mann schickt sie in der Früh, fast aus dem Bett noch, in die
1760 3689 2892 3739 Spiels erträglich machte. Die Gestalt des von Aphorismen
614 3684 1745 3747 weite Welt. Diese plötzliche Verdrehtheit, diese unmotivierte
1768 3724 2891 3782 strotzenden Schriftstellers ist aber schon allzu abgeschabt, der Scherz,
612 3735 1743 3786 Komödie von seelischer Interessantheit mag in der begüterten,
1758 3774 2885 3823 sich mittelst eines Schriftstellers über den Tölpel Publikum zu
611 3791 1741 3832 israelitischen Bourgeoisie überzeugen, dort, wo es keine bedeutenden
1762 3806 2900 3880 belustigen, ist auch schon einigermaßen bekannt. Und wie ver¬
608 3828 1734 3875 Frauen gibt, wo sich aber jedes bessere Mädchen, genau nach
1756 3861 2892 3926 schlissen ist schon die Originalität dieses Literaten, der sich über
610 3869 1736 3929 den neuesten literarischen Erscheinungen, mit seelischer Bedeutung
1759 3917 2895 3963 die schlechte Regie der Wirklichkeit beklagt! Doch gibt es noch
606 3916 1741 3963 drapiert. Naturwüchsig würde zu dieser Pariser Komödie des
1759 3965 2887 4011 ein ebenso altes Cliché in dem Stück: ein Kind, das symbolisch¬
614 3967 1746 4019 Ehebruchs in der eigenen Ehe nur ein französischer Schluß
1770 4001 2895 4057 tiefsinnig mit einem Kindertheater spielt. An dieser Wurstelsym¬
616 4007 1749 4063 passen: Nehmt das Erotische doch nicht immer tragisch! Nehmt
1767 4052 2811 4105 bolik zehrt die Jungwiener Literatur nun schon lange genug.
604 4048 1750 4110 es doch nicht immer so schwer und ewigkeitsbedeutend! Aus
2341 4099 2872 4142 Stefan Großmann.
614 4101 1744 4147 diesem Zwischenspiel könnten die Gatten nur einen Gewinn an
