3436 4352
536 93 676 157 wi
293 85 1193 195 20Schensniel
1361 97 1799 204 box 25/2
1718 983 1889 1091 Theater.
2369 987 2488 1084 367
1099 1077 2484 1160 laune verliebt. Hat also immer im Haus, was sein Herz an Wünschen, Leiden¬
1101 1157 2482 1229 schaften, Gefahren begehrt, fühlt sich zwischen diesen selbst gemalten Lebens¬
1098 1217 2481 1267 coulissen behaglich und scheut jeden Blick in die Wirklichkeit, die ihm nur dashäß¬
1105 1279 2480 1351 liche Land der Philister ist. Sein Wille schlummert undregt sich, nicht allzu ener¬
1098 1338 2482 1406 gisch, höchstens, wenn ein Schauspiel oder Libretto anzubringen ist; die Kraft
1102 1397 2483 1476 seiner Vorstellung (die selbe Kraft, die ihm Butter aufs Brot schafft) bautihm
1097 1452 2491 1551 über Felsklüften Eispaläste, hilft ihm durch Dickicht und Morast, gaukeltihm
1096 1531 2471 1598 Ehegefahr vor, aus der er, neben dem guten, nie in Versuchung geführten Ma¬
1102 1581 2473 1662 riechen, auf feuchtem Kopfkissen lächelnd erwacht. Das wäre nichts für den Gro¬
1101 1630 2477 1705 ßen, aus dessen Seele die Welt sich in Tönen wiedergebiert. Der will vom Leben
1102 1714 2475 1767 mehrals den farbigen Abglanz. Will den Golfstrom der Affekte auf sich wirken
1094 1764 2483 1849 lassen. Jede erhaschbare Wonne durchkosten, aufrecht durch alle Qual schreiten
1087 1833 2471 1901 und, ohne Heuchlerscheu, ohne Schamanflug sogar, der Genossin zurufen:
1087 1880 2477 1966 So bin ich, bin, der ich sein muß; und erlaube nicht nur, nein: wünsche, daß
1091 1964 2482 2037 auch Du stets dem Trieb Deiner Natur folgen mögest. Nur keine banale Ehe
1094 2015 2470 2075 mit Zwist, Eifersucht, Aussöhnung, äußerem oder auch nur innerem Zwang!
1085 2069 2484 2146 In Freiheit schreiten wir, Hand in Hand, unsere Bahn; und nie kann die
1089 2115 2474 2213 Stunde kommen, in der wir einander auch nur ein Herzensfältchen verbergen.
1205 2211 2480 2269 Sechs Jahre lang gehts; die ersten Jahre, die für die Haltbarkeit eines
1090 2258 2474 2327 Ehebandes nicht viel beweisen. Beide leben in der Liebe zur Musik; und Ama¬
1092 2310 2469 2390 deus ist Caeciliens bester Lehrer. Ist ihr auf der Ehrenleiter auch schon um
1093 2378 2473 2433 ein paar Sprossen voraus; sie hat in Wien noch gegen älteres Rollenbesitz¬
1093 2437 2471 2508 recht zu kämpfen und seine Symphonien haben draußen im Reich schon eine
1090 2493 2474 2580 Gemeinde geworben. Auch tollt und schäkertein Knäbchen durchs Haus. Was
1084 2557 2480 2638 fehlt noch in dieser Glückssumme? Erfolg im geliebten Beruf, ein gesundes
1086 2619 2480 2690 Kind, Freunde aus naher Gefühlszone; in der kleinen Schaar ist auch der
1089 2681 2468 2770 junge Fürst Sigismund, des Kapellmeisters begabter Schüler, der nicht ins
1088 2742 2476 2807 Kloster gegangen, doch ein ernster Jüngling geblieben ist. (Kein Frömmler
1090 2794 2477 2861 und Feind frohen Lebens; eine Lust, ihm zuzuhören, wenn er Walzer spielt
1082 2865 2474 2918 und paraphrasirt.) Was fehlt noch? Nichts einstweilen der Frau. Freiheit,
1080 2924 2474 3005 volle Aufrichtigkeit, ungeschmälertes Persönlichkeitrecht: die großen Worte
1089 2983 2465 3045 des Titanen klangen so süß; und welches Weibchen wünscht sich nicht eine Ehe,
1089 3049 2471 3126 wie keine noch war: eine, die ihr die Weihen der Individualität erhält und
1083 3119 2475 3186 das Männchen doch fest an sie kettet? Nicht immer wards Caecilien ja ganz
1085 3179 2471 3249 leicht. Ihr Amadeus ist jung, hübsch, Opernkapellmeister und hat den Ruf des
1083 3234 2461 3296 Genies, bei dem die Frauen sich in der Hoffnung auf ungeahnte Schauder¬
1082 3293 2483 3360 spasmen bäumen. Von allen Seiten winken ihm soignirte Finger; und bald
