<?xml version="1.0" encoding="UTF-8" standalone="yes"?>
<PcGts xmlns="http://schema.primaresearch.org/PAGE/gts/pagecontent/2013-07-15" xmlns:xsi="http://www.w3.org/2001/XMLSchema-instance" xsi:schemaLocation="http://schema.primaresearch.org/PAGE/gts/pagecontent/2013-07-15 http://schema.primaresearch.org/PAGE/gts/pagecontent/2013-07-15/pagecontent.xsd">
    <Metadata>
        <Creator>prov=University of Rostock/Institute of Mathematics/CITlab/Gundram Leifert/gundram.leifert@uni-rostock.de:name=ONB_Newseye_GT_M1+(htr_id=10810)::::v=2.4.2
prov=University of Rostock/Institute of Mathematics/CITlab/Tobias Gruening/tobias.gruening@uni-rostock.de:name=de.uros.citlab.module.baseline2polygon.B2PSeamMultiOriented:v=2.4.2
prov=University of Rostock/Institute of Mathematics/CITlab/Tobias Gruening/tobias.gruening@uni-rostock.de:name=/mnt/transkribus/LA/DEA/URO/LA_news_onb_att.pb:de.uros.citlab.segmentation.CITlab_LA_ML:v=2.4.2
Transkribus</Creator>
        <Created>2019-10-07T11:19:34.340+02:00</Created>
        <LastChange>2019-10-08T03:07:10.184+02:00</LastChange>
        <TranskribusMetadata docId="223968" pageId="9496372" pageNr="57" tsid="16499807" status="IN_PROGRESS" userId="40391" imgUrl="https://files.transkribus.eu/Get?id=TZTVKEEXYFPKCHZLCYULDIGV&amp;fileType=view" xmlUrl="https://files.transkribus.eu/Get?id=PVQNKJVNKBKEWINCZSXFFCWG" imageId="6186599"/>
    </Metadata>
    <Page imageFilename="223968_0057.jpeg" imageWidth="3436" imageHeight="4352">
        <ReadingOrder>
            <OrderedGroup id="ro_1711439501560" caption="Regions reading order">
                <RegionRefIndexed index="0" regionRef="r1"/>
            </OrderedGroup>
        </ReadingOrder>
        <TextRegion orientation="0.0" id="r1" custom="readingOrder {index:0;}">
            <Coords points="242,229 242,4157 2110,4157 2110,229"/>
            <TextLine id="r1l1" custom="readingOrder {index:0;}">
                <Coords points="1305,254 1428,271 1597,262 1637,281 1672,264 1738,269 1738,196 1719,192 1580,198 1490,227 1467,206 1364,207 1305,191"/>
                <Baseline points="1311,254 1337,253 1363,253 1389,254 1416,254 1442,254 1468,255 1495,255 1521,256 1547,256 1574,256 1600,256 1626,256 1653,256 1679,255 1705,254 1732,252"/>
                <TextEquiv>
                    <Unicode>box 25/1</Unicode>
                </TextEquiv>
            </TextLine>
            <TextLine id="r1l2" custom="readingOrder {index:1;}">
                <Coords points="235,259 501,292 1148,284 1149,214 1122,203 816,223 725,196 669,223 495,199 417,241 352,203 236,219"/>
                <Baseline points="242,249 287,255 332,260 377,264 422,267 467,270 512,272 557,274 602,275 647,275 692,276 737,276 782,276 827,275 872,275 917,274 962,274 1007,274 1052,273 1097,273 1142,274"/>
                <TextEquiv>
                    <Unicode>20. Zuischenspiel</Unicode>
                </TextEquiv>
            </TextLine>
            <TextLine id="r1l3" custom="readingOrder {index:2;}">
                <Coords points="1087,546 1106,547 1121,555 1136,557 1144,555 1154,545 1163,553 1190,548 1191,501 1170,496 1164,503 1156,498 1142,505 1135,500 1112,509 1088,509"/>
                <Baseline points="1094,540 1124,538 1154,540 1184,542"/>
                <TextEquiv>
                    <Unicode>Die</Unicode>
                </TextEquiv>
            </TextLine>
            <TextLine id="r1l4" custom="readingOrder {index:3;}">
                <Coords points="1206,548 2050,545 2075,500 1825,491 1770,515 1719,488 1558,506 1321,480 1205,507"/>
                <Baseline points="1212,543 1254,543 1297,544 1340,544 1383,544 1426,544 1468,544 1511,543 1554,543 1597,542 1640,542 1682,541 1725,540 1768,539 1811,538 1854,537 1896,536 1939,535 1982,534 2025,533 2068,532"/>
                <TextEquiv>
                    <Unicode>none Komödie von Arthur Schnitzler:</Unicode>
                </TextEquiv>
            </TextLine>
            <TextLine id="r1l5" custom="readingOrder {index:4;}">
                <Coords points="1041,595 2038,590 2081,544 1040,559"/>
                <Baseline points="1048,588 1099,587 1150,586 1202,586 1253,586 1304,585 1356,585 1407,585 1458,584 1510,584 1561,584 1612,583 1664,583 1715,582 1766,581 1818,580 1869,580 1920,579 1972,577 2023,576 2075,574"/>
                <TextEquiv>
                    <Unicode>„Zwischenspiel“ gelangte gestern im Wiener Bürg¬</Unicode>
                </TextEquiv>
            </TextLine>
            <TextLine id="r1l6" custom="readingOrder {index:5;}">
                <Coords points="1050,633 2091,617 2090,589 2019,580 1049,596"/>
                <Baseline points="1056,628 1107,628 1158,629 1210,629 1261,629 1313,629 1364,628 1415,628 1467,627 1518,627 1570,626 1621,625 1672,624 1724,623 1775,622 1827,621 1878,620 1929,618 1981,617 2032,616 2084,614"/>
                <TextEquiv>
                    <Unicode>theater zur überhaupt ersten Aufführung. Unser</Unicode>
                </TextEquiv>
            </TextLine>
            <TextLine id="r1l7" custom="readingOrder {index:6;}">
                <Coords points="1040,671 2060,669 2082,623 1040,639"/>
                <Baseline points="1047,664 1098,665 1149,667 1201,668 1252,669 1304,669 1355,669 1406,669 1458,668 1509,668 1561,667 1612,666 1663,665 1715,663 1766,662 1818,661 1869,660 1920,658 1972,657 2023,656 2075,655"/>
                <TextEquiv>
                    <Unicode>[Wiener Korrespondent schreibt uns über das Werk:</Unicode>
                </TextEquiv>
            </TextLine>
            <TextLine id="r1l8" custom="readingOrder {index:7;}">
                <Coords points="1104,705 2078,701 2077,671 2012,661 1103,675"/>
                <Baseline points="1110,704 1158,706 1206,708 1254,709 1302,710 1350,710 1398,710 1446,710 1494,710 1542,709 1590,708 1638,708 1686,706 1734,705 1782,704 1830,703 1878,701 1926,700 1974,698 2022,697 2071,695"/>
                <TextEquiv>
                    <Unicode>Wieder einmal kommt Schnitzler in völlig neuer</Unicode>
                </TextEquiv>
            </TextLine>
            <TextLine id="r1l9" custom="readingOrder {index:8;}">
                <Coords points="1032,763 1891,760 2066,745 2086,711 1032,723"/>
                <Baseline points="1039,751 1091,751 1143,751 1195,750 1247,750 1299,750 1351,749 1403,749 1455,748 1507,747 1559,747 1611,746 1663,745 1715,744 1767,744 1819,743 1871,742 1923,741 1975,740 2027,739 2079,738"/>
                <TextEquiv>
                    <Unicode>Gestalt mit einer Art Sittenbild, das sozusagen mit</Unicode>
                </TextEquiv>
            </TextLine>
            <TextLine id="r1l10" custom="readingOrder {index:9;}">
                <Coords points="1027,798 1984,796 2080,785 2080,752 1026,767"/>
                <Baseline points="1033,793 1085,793 1137,792 1189,791 1241,790 1293,789 1345,789 1397,788 1449,787 1501,787 1553,787 1605,786 1657,786 1709,785 1761,784 1813,784 1865,783 1917,783 1969,782 2021,781 2074,780"/>
                <TextEquiv>
                    <Unicode>einem Tropfen Sardonschen Oeles gesalbt ist. Niemals</Unicode>
                </TextEquiv>
            </TextLine>
            <TextLine id="r1l11" custom="readingOrder {index:10;}">
                <Coords points="1039,849 2090,818 2089,788 1969,782 1038,807"/>
                <Baseline points="1045,832 1096,832 1148,832 1200,832 1252,832 1304,832 1356,831 1408,831 1460,830 1512,830 1564,829 1615,828 1667,827 1719,826 1771,825 1823,824 1875,823 1927,821 1979,820 2031,819 2083,818"/>
                <TextEquiv>
                    <Unicode>noch war Schnitzler so sehr jenseits von Anatol und</Unicode>
                </TextEquiv>
            </TextLine>
            <TextLine id="r1l12" custom="readingOrder {index:11;}">
                <Coords points="1031,858 1119,893 1933,884 2069,867 2094,833 1030,840"/>
                <Baseline points="1037,874 1089,873 1142,873 1194,872 1247,872 1299,871 1352,871 1404,870 1457,870 1509,870 1562,869 1614,869 1667,868 1719,868 1772,867 1824,866 1877,865 1929,865 1982,863 2034,862 2087,861"/>
                <TextEquiv>
                    <Unicode>Mizzi Schlager als in seiner jüngsten Komödie, welcher</Unicode>
                </TextEquiv>
            </TextLine>
            <TextLine id="r1l13" custom="readingOrder {index:12;}">
                <Coords points="1028,905 1847,921 2081,909 2094,876 1028,886"/>
                <Baseline points="1035,914 1087,914 1140,914 1192,914 1245,913 1298,913 1350,913 1403,912 1456,912 1508,911 1561,910 1614,909 1666,909 1719,908 1772,907 1824,906 1877,905 1930,905 1982,904 2035,903 2088,902"/>
                <TextEquiv>
                    <Unicode>er den beziehungsreichen, sehr zutreffenden Titel</Unicode>
                </TextEquiv>
            </TextLine>
            <TextLine id="r1l14" custom="readingOrder {index:13;}">
                <Coords points="1042,965 2011,961 2086,911 1232,909 1041,940"/>
                <Baseline points="1048,960 1099,958 1151,956 1202,955 1254,953 1306,952 1357,952 1409,951 1460,950 1512,950 1564,949 1615,948 1667,948 1718,948 1770,947 1822,947 1873,946 1925,945 1976,944 2028,943 2080,942"/>
                <TextEquiv>
                    <Unicode>„Zwischenspiel“ gab, obwohl das bei allem Anlauf zur</Unicode>
                </TextEquiv>
            </TextLine>
            <TextLine id="r1l15" custom="readingOrder {index:14;}">
                <Coords points="1035,1008 2019,999 2078,959 1034,962"/>
                <Baseline points="1042,998 1093,997 1145,995 1196,994 1248,994 1299,992 1351,992 1402,991 1454,990 1505,990 1557,989 1608,988 1660,988 1711,987 1763,987 1814,987 1866,986 1917,986 1969,985 2020,985 2072,984"/>
                <TextEquiv>
                    <Unicode>Vertiefung der Charaktere doch nur skizzeuhaft angelegte</Unicode>
                </TextEquiv>
            </TextLine>
            <TextLine id="r1l16" custom="readingOrder {index:15;}">
                <Coords points="1042,1037 1860,1047 2024,1037 2081,991 1042,1010"/>
                <Baseline points="1048,1039 1099,1038 1150,1036 1202,1035 1253,1034 1304,1033 1356,1032 1407,1032 1458,1031 1510,1031 1561,1031 1612,1030 1664,1030 1715,1029 1766,1029 1818,1028 1869,1028 1920,1027 1972,1026 2023,1024 2075,1023"/>
                <TextEquiv>
                    <Unicode>Stück auf dem Theaterzettel ebenso gut „Komödie“</Unicode>
                </TextEquiv>
            </TextLine>
            <TextLine id="r1l17" custom="readingOrder {index:16;}">
                <Coords points="1030,1079 2079,1065 2041,1025 1030,1064"/>
                <Baseline points="1037,1083 1088,1081 1140,1080 1192,1078 1244,1077 1295,1076 1347,1075 1399,1074 1451,1073 1502,1072 1554,1072 1606,1071 1658,1071 1709,1070 1761,1070 1813,1069 1865,1069 1916,1068 1968,1068 2020,1067 2072,1066"/>
                <TextEquiv>
                    <Unicode>Zwischenspiel in drei Akten heißen könnte. Der große</Unicode>
                </TextEquiv>
            </TextLine>
            <TextLine id="r1l18" custom="readingOrder {index:17;}">
                <Coords points="1028,1108 2090,1115 2051,1069 1028,1094"/>
                <Baseline points="1035,1120 1087,1120 1139,1119 1192,1118 1244,1117 1297,1117 1349,1116 1401,1116 1454,1115 1506,1115 1559,1114 1611,1114 1663,1113 1716,1113 1768,1113 1821,1112 1873,1112 1925,1111 1978,1111 2030,1110 2083,1110"/>
                <TextEquiv>
                    <Unicode>und tiefe Kenner der Frauenseele spricht auch fast</Unicode>
                </TextEquiv>
            </TextLine>
            <TextLine id="r1l19" custom="readingOrder {index:18;}">
                <Coords points="1034,1172 2099,1143 2098,1113 1999,1110 1563,1113 1528,1140 1034,1117"/>
                <Baseline points="1041,1163 1093,1162 1146,1160 1198,1159 1251,1158 1303,1157 1356,1156 1408,1155 1461,1154 1513,1154 1566,1153 1619,1152 1671,1152 1724,1151 1776,1151 1829,1150 1881,1150 1934,1150 1986,1149 2039,1148 2092,1148"/>
                <TextEquiv>
                    <Unicode>aus jeder Szene des „Zwischenspiel“ in welchem</Unicode>
                </TextEquiv>
            </TextLine>
            <TextLine id="r1l20" custom="readingOrder {index:19;}">
                <Coords points="1587,1193 1628,1207 1719,1190 1851,1202 1927,1181 1966,1203 2043,1200 2086,1188 2086,1155 1587,1168"/>
                <Baseline points="1593,1192 1618,1192 1644,1192 1669,1193 1695,1193 1721,1192 1746,1192 1772,1192 1798,1192 1823,1192 1849,1192 1874,1191 1900,1191 1926,1191 1951,1191 1977,1190 2003,1190 2028,1190 2054,1190 2080,1190"/>
                <TextEquiv>
                    <Unicode>aber immer wieder</Unicode>
                </TextEquiv>
            </TextLine>
            <TextLine id="r1l21" custom="readingOrder {index:20;}">
                <Coords points="1412,1197 1473,1214 1482,1214 1504,1198 1522,1205 1531,1198 1554,1197 1553,1168 1540,1166 1532,1171 1516,1162 1510,1169 1495,1172 1475,1160 1467,1163 1458,1159 1411,1170"/>
                <Baseline points="1419,1197 1444,1195 1470,1193 1495,1193 1521,1192 1547,1191"/>
                <TextEquiv>
                    <Unicode>alten.</Unicode>
                </TextEquiv>
            </TextLine>
            <TextLine id="r1l22" custom="readingOrder {index:21;}">
                <Coords points="1040,1199 1080,1214 1143,1204 1179,1215 1217,1202 1265,1207 1286,1190 1333,1212 1362,1211 1389,1194 1389,1171 1317,1161 1270,1176 1256,1165 1166,1172 1152,1160 1126,1175 1115,1164 1039,1175"/>
                <Baseline points="1047,1203 1072,1204 1098,1204 1124,1204 1150,1204 1176,1202 1202,1201 1227,1200 1253,1198 1279,1197 1305,1196 1331,1195 1357,1195 1383,1195"/>
                <TextEquiv>
                    <Unicode>Schnitzler der</Unicode>
                </TextEquiv>
            </TextLine>
            <TextLine id="r1l23" custom="readingOrder {index:22;}">
                <Coords points="1037,1246 2061,1242 2091,1204 1037,1213"/>
                <Baseline points="1044,1245 1096,1243 1148,1242 1200,1241 1252,1241 1304,1239 1356,1239 1408,1238 1460,1237 1512,1236 1564,1236 1616,1235 1668,1235 1720,1234 1772,1234 1824,1233 1876,1233 1928,1233 1980,1232 2032,1232 2084,1232"/>
                <TextEquiv>
                    <Unicode>neu bleibenden und fesselnden Geschichte von der</Unicode>
                </TextEquiv>
            </TextLine>
            <TextLine id="r1l24" custom="readingOrder {index:23;}">
                <Coords points="1032,1278 1164,1308 1326,1276 1782,1295 2091,1264 2025,1232 1031,1249"/>
                <Baseline points="1038,1287 1090,1286 1142,1285 1194,1284 1247,1283 1299,1282 1351,1281 1404,1281 1456,1280 1508,1279 1561,1278 1613,1278 1665,1277 1717,1276 1770,1275 1822,1275 1874,1274 1927,1273 1979,1272 2031,1271 2084,1269"/>
                <TextEquiv>
                    <Unicode>brüchigen Ehe eine originelle Seite abzugewinnen ver¬</Unicode>
                </TextEquiv>
            </TextLine>
            <TextLine id="r1l25" custom="readingOrder {index:24;}">
                <Coords points="1040,1330 2093,1318 2074,1275 1163,1308 1040,1282"/>
                <Baseline points="1047,1331 1101,1329 1156,1327 1211,1325 1265,1324 1320,1323 1375,1322 1429,1321 1484,1320 1539,1320 1593,1319 1648,1319 1703,1318 1757,1317 1812,1316 1867,1315 1921,1314 1976,1313 2031,1311 2086,1308"/>
                <TextEquiv>
                    <Unicode>steht. Freilich ist Schnitzler diesmal mehr der geist¬</Unicode>
                </TextEquiv>
            </TextLine>
            <TextLine id="r1l26" custom="readingOrder {index:25;}">
                <Coords points="1045,1374 1812,1378 2049,1359 2079,1314 1045,1329"/>
                <Baseline points="1052,1369 1103,1368 1154,1367 1205,1366 1256,1365 1307,1364 1358,1364 1409,1363 1460,1363 1511,1362 1562,1362 1613,1361 1664,1361 1715,1360 1766,1359 1817,1359 1868,1357 1919,1356 1970,1355 2021,1353 2072,1351"/>
                <TextEquiv>
                    <Unicode>reiche, tiefgründige, wohl auch tiefsinnige „Debatter“</Unicode>
                </TextEquiv>
            </TextLine>
            <TextLine id="r1l27" custom="readingOrder {index:26;}">
                <Coords points="1044,1412 2084,1408 2055,1354 1044,1379"/>
                <Baseline points="1051,1409 1102,1408 1153,1407 1204,1407 1256,1406 1307,1405 1358,1404 1410,1404 1461,1403 1512,1402 1564,1401 1615,1401 1666,1400 1717,1400 1769,1399 1820,1399 1871,1398 1923,1398 1974,1398 2025,1398 2077,1398"/>
                <TextEquiv>
                    <Unicode>als der packende Dramatiker. In dem Zwischenspiel,</Unicode>
                </TextEquiv>
            </TextLine>
            <TextLine id="r1l28" custom="readingOrder {index:27;}">
                <Coords points="1045,1449 2063,1451 2096,1408 1045,1425"/>
                <Baseline points="1052,1450 1103,1449 1155,1448 1207,1447 1259,1447 1311,1446 1363,1445 1414,1445 1466,1444 1518,1444 1570,1443 1622,1443 1674,1442 1726,1442 1777,1441 1829,1440 1881,1439 1933,1439 1985,1437 2037,1436 2089,1435"/>
                <TextEquiv>
                    <Unicode>welches mit einem sanften Adagio anhebt, um dann</Unicode>
                </TextEquiv>
            </TextLine>
            <TextLine id="r1l29" custom="readingOrder {index:28;}">
                <Coords points="1042,1489 2016,1494 2097,1449 1103,1451 1042,1477"/>
                <Baseline points="1049,1491 1101,1490 1153,1490 1205,1489 1257,1489 1309,1488 1361,1487 1413,1487 1465,1486 1517,1485 1570,1484 1622,1483 1674,1483 1726,1482 1778,1480 1830,1480 1882,1478 1934,1477 1986,1476 2038,1475 2091,1474"/>
                <TextEquiv>
                    <Unicode>allmählig zu einem Furioso zu gelangen, dessen</Unicode>
                </TextEquiv>
            </TextLine>
            <TextLine id="r1l30" custom="readingOrder {index:29;}">
                <Coords points="1047,1524 1834,1541 2055,1527 2097,1492 1047,1499"/>
                <Baseline points="1054,1532 1105,1531 1157,1529 1209,1528 1261,1527 1313,1526 1364,1525 1416,1524 1468,1523 1520,1522 1572,1522 1623,1521 1675,1520 1727,1519 1779,1519 1831,1518 1882,1517 1934,1517 1986,1516 2038,1515 2090,1515"/>
                <TextEquiv>
                    <Unicode>Dissonanzen aber Schnitzler in reine Harmonien aufzu¬</Unicode>
                </TextEquiv>
            </TextLine>
            <TextLine id="r1l31" custom="readingOrder {index:30;}">
                <Coords points="1045,1587 2062,1568 2100,1527 1044,1535"/>
                <Baseline points="1051,1572 1103,1571 1155,1571 1207,1570 1259,1570 1311,1569 1363,1568 1415,1568 1467,1567 1519,1566 1572,1565 1624,1565 1676,1564 1728,1563 1780,1562 1832,1561 1884,1561 1936,1560 1988,1559 2040,1558 2093,1557"/>
                <TextEquiv>
                    <Unicode>lösen versteht, hat nicht der Dramatiker, sondern der</Unicode>
                </TextEquiv>
            </TextLine>
            <TextLine id="r1l32" custom="readingOrder {index:31;}">
                <Coords points="1041,1610 2048,1613 2090,1565 1041,1590"/>
                <Baseline points="1048,1614 1099,1613 1151,1611 1203,1609 1255,1609 1306,1608 1358,1608 1410,1608 1462,1607 1513,1607 1565,1607 1617,1607 1669,1607 1720,1606 1772,1606 1824,1605 1876,1603 1927,1601 1979,1598 2031,1596 2083,1591"/>
                <TextEquiv>
                    <Unicode>Sophist die Oberhand. Das „Zwischenspiel“ ist</Unicode>
                </TextEquiv>
            </TextLine>
            <TextLine id="r1l33" custom="readingOrder {index:32;}">
                <Coords points="1043,1657 2060,1650 2089,1599 1042,1632"/>
                <Baseline points="1049,1655 1100,1653 1152,1652 1204,1651 1255,1650 1307,1650 1359,1649 1410,1649 1462,1649 1514,1649 1566,1648 1617,1648 1669,1648 1721,1647 1772,1646 1824,1646 1876,1645 1927,1643 1979,1642 2031,1639 2083,1637"/>
                <TextEquiv>
                    <Unicode>nämlich ebenso sophismen= als genstreich. Aus der</Unicode>
                </TextEquiv>
            </TextLine>
            <TextLine id="r1l34" custom="readingOrder {index:33;}">
                <Coords points="1037,1695 1529,1702 1579,1675 1646,1700 1708,1673 2023,1701 2095,1655 1037,1670"/>
                <Baseline points="1044,1698 1096,1696 1148,1694 1200,1693 1253,1692 1305,1690 1357,1690 1409,1689 1462,1688 1514,1688 1566,1688 1618,1687 1671,1687 1723,1687 1775,1686 1827,1686 1880,1685 1932,1684 1984,1684 2036,1682 2089,1681"/>
                <TextEquiv>
                    <Unicode>einfachen Kenntnisnahme der überaus winzigen</Unicode>
                </TextEquiv>
            </TextLine>
            <TextLine id="r1l35" custom="readingOrder {index:34;}">
                <Coords points="1044,1747 1671,1726 1742,1762 1868,1729 2044,1752 2090,1705 1044,1707"/>
                <Baseline points="1051,1741 1102,1740 1154,1739 1205,1738 1257,1736 1309,1735 1360,1735 1412,1733 1464,1733 1515,1732 1567,1731 1619,1730 1670,1730 1722,1729 1774,1729 1825,1728 1877,1728 1929,1728 1980,1728 2032,1728 2084,1728"/>
                <TextEquiv>
                    <Unicode>Handlung vermag man das allerdings nicht zu</Unicode>
                </TextEquiv>
            </TextLine>
            <TextLine id="r1l36" custom="readingOrder {index:35;}">
                <Coords points="1037,1776 1078,1790 1107,1783 1119,1790 1144,1778 1183,1789 1228,1780 1256,1786 1279,1779 1279,1751 1266,1758 1251,1745 1218,1749 1170,1739 1139,1749 1111,1744 1067,1752 1036,1745"/>
                <Baseline points="1043,1780 1068,1779 1094,1778 1119,1777 1145,1777 1170,1777 1196,1776 1221,1776 1247,1775 1273,1773"/>
                <TextEquiv>
                    <Unicode>entnehmen.</Unicode>
                </TextEquiv>
            </TextLine>
            <TextLine id="r1l37" custom="readingOrder {index:36;}">
                <Coords points="1110,1825 2002,1821 2083,1807 2083,1768 1109,1792"/>
                <Baseline points="1116,1818 1164,1817 1212,1816 1260,1815 1308,1815 1356,1814 1404,1814 1452,1813 1500,1813 1548,1812 1596,1811 1644,1811 1692,1810 1740,1809 1788,1809 1836,1808 1884,1807 1932,1805 1980,1804 2028,1803 2077,1801"/>
                <TextEquiv>
                    <Unicode>Die handelnden, d. h. also die nicht handelnden</Unicode>
                </TextEquiv>
            </TextLine>
            <TextLine id="r1l38" custom="readingOrder {index:37;}">
                <Coords points="1044,1856 2102,1844 2055,1809 1043,1811"/>
                <Baseline points="1050,1861 1102,1860 1154,1860 1206,1859 1259,1858 1311,1858 1363,1857 1415,1857 1468,1857 1520,1856 1572,1856 1624,1855 1677,1855 1729,1854 1781,1853 1833,1852 1886,1851 1938,1850 1990,1849 2042,1847 2095,1845"/>
                <TextEquiv>
                    <Unicode>Personen sind der Hosopernkapellmeister und Komponist</Unicode>
                </TextEquiv>
            </TextLine>
            <TextLine id="r1l39" custom="readingOrder {index:38;}">
                <Coords points="1046,1902 2098,1889 2037,1851 1046,1868"/>
                <Baseline points="1053,1903 1104,1902 1156,1901 1208,1900 1260,1900 1312,1899 1364,1898 1416,1898 1468,1898 1520,1898 1572,1897 1623,1897 1675,1897 1727,1896 1779,1896 1831,1895 1883,1894 1935,1893 1987,1892 2039,1891 2091,1889"/>
                <TextEquiv>
                    <Unicode>Amadens Adams und seine Gattin, die Opernsängerin</Unicode>
                </TextEquiv>
            </TextLine>
            <TextLine id="r1l40" custom="readingOrder {index:39;}">
                <Coords points="1042,1948 2032,1942 2099,1930 2099,1898 1042,1911"/>
                <Baseline points="1049,1943 1101,1942 1153,1942 1205,1941 1257,1941 1310,1940 1362,1940 1414,1939 1466,1939 1518,1938 1571,1938 1623,1937 1675,1937 1727,1936 1779,1936 1832,1935 1884,1934 1936,1933 1988,1932 2040,1932 2093,1931"/>
                <TextEquiv>
                    <Unicode>Cäcilie Adams=Ortenburg. Die Beiden leben mehr</Unicode>
                </TextEquiv>
            </TextLine>
            <TextLine id="r1l41" custom="readingOrder {index:40;}">
                <Coords points="1037,1973 2037,1985 2099,1942 1037,1959"/>
                <Baseline points="1044,1984 1096,1984 1148,1983 1201,1982 1253,1982 1306,1981 1358,1981 1410,1980 1463,1980 1515,1979 1568,1979 1620,1978 1672,1978 1725,1977 1777,1977 1830,1976 1882,1975 1934,1975 1987,1974 2039,1973 2092,1972"/>
                <TextEquiv>
                    <Unicode>neben= als miteinander, denn Cäctlie weiß, bekümmerten</Unicode>
                </TextEquiv>
            </TextLine>
            <TextLine id="r1l42" custom="readingOrder {index:41;}">
                <Coords points="1050,2030 2088,2006 2079,1967 1049,1991"/>
                <Baseline points="1056,2031 1107,2028 1158,2026 1209,2025 1261,2023 1312,2022 1363,2021 1414,2021 1466,2020 1517,2020 1568,2019 1619,2019 1671,2018 1722,2018 1773,2017 1824,2017 1876,2016 1927,2015 1978,2013 2029,2012 2081,2009"/>
                <TextEquiv>
                    <Unicode>Herzens um Amadens aufkeimende Liebe zu ihrer</Unicode>
                </TextEquiv>
            </TextLine>
            <TextLine id="r1l43" custom="readingOrder {index:42;}">
                <Coords points="1039,2061 2100,2058 2099,2013 1776,2004 1039,2040"/>
                <Baseline points="1046,2070 1098,2068 1150,2066 1203,2064 1255,2063 1307,2062 1360,2062 1412,2061 1464,2061 1517,2060 1569,2060 1621,2059 1674,2059 1726,2058 1778,2057 1831,2056 1883,2055 1935,2054 1988,2052 2040,2050 2093,2047"/>
                <TextEquiv>
                    <Unicode>Kollegin, der Gräfin Friederike Moosheim. Aber</Unicode>
                </TextEquiv>
            </TextLine>
            <TextLine id="r1l44" custom="readingOrder {index:43;}">
                <Coords points="1049,2117 2094,2106 2093,2065 1932,2052 1048,2079"/>
                <Baseline points="1055,2108 1106,2107 1158,2106 1209,2105 1261,2104 1313,2103 1364,2103 1416,2102 1467,2102 1519,2101 1571,2101 1622,2101 1674,2100 1725,2100 1777,2099 1829,2099 1880,2098 1932,2097 1983,2096 2035,2094 2087,2093"/>
                <TextEquiv>
                    <Unicode>auch sie selber läßt sich ganz offenkundig von dem</Unicode>
                </TextEquiv>
            </TextLine>
            <TextLine id="r1l45" custom="readingOrder {index:44;}">
                <Coords points="1040,2154 2094,2143 2093,2109 2005,2096 1039,2113"/>
                <Baseline points="1047,2149 1099,2148 1151,2146 1203,2145 1255,2144 1307,2143 1359,2142 1411,2142 1463,2141 1515,2141 1567,2141 1619,2140 1671,2140 1723,2140 1775,2139 1827,2139 1879,2138 1931,2137 1983,2136 2035,2135 2087,2133"/>
                <TextEquiv>
                    <Unicode>jungen Fürsten Sigismund den Hof machen.</Unicode>
                </TextEquiv>
            </TextLine>
            <TextLine id="r1l46" custom="readingOrder {index:45;}">
                <Coords points="1061,2189 1999,2190 2099,2178 2099,2151 1061,2154"/>
                <Baseline points="1068,2193 1119,2190 1170,2188 1221,2186 1273,2184 1324,2183 1375,2182 1426,2181 1478,2181 1529,2181 1580,2180 1631,2180 1683,2180 1734,2180 1785,2180 1836,2179 1888,2179 1939,2178 1990,2177 2041,2176 2093,2175"/>
                <TextEquiv>
                    <Unicode>Cäcilie liebt im Grunde ihren Gatten, und hofft, ihn</Unicode>
                </TextEquiv>
            </TextLine>
            <TextLine id="r1l47" custom="readingOrder {index:46;}">
                <Coords points="1049,2245 1845,2238 2108,2198 2107,2168 1048,2192"/>
                <Baseline points="1055,2237 1107,2234 1159,2232 1211,2229 1264,2227 1316,2226 1368,2225 1421,2224 1473,2223 1525,2223 1578,2223 1630,2222 1682,2222 1734,2222 1787,2221 1839,2221 1891,2220 1944,2219 1996,2218 2048,2217 2101,2215"/>
                <TextEquiv>
                    <Unicode>sich wieder zurückzuerohern, betrachtet darum die rein</Unicode>
                </TextEquiv>
            </TextLine>
            <TextLine id="r1l48" custom="readingOrder {index:47;}">
                <Coords points="1054,2282 2034,2271 2097,2224 1053,2245"/>
                <Baseline points="1060,2276 1111,2274 1163,2271 1214,2270 1266,2268 1317,2267 1369,2266 1420,2266 1472,2265 1523,2264 1575,2264 1627,2263 1678,2263 1730,2263 1781,2262 1833,2262 1884,2261 1936,2261 1987,2260 2039,2259 2091,2258"/>
                <TextEquiv>
                    <Unicode>platonischen Beziehungen zum Fürsten als Mittel</Unicode>
                </TextEquiv>
            </TextLine>
            <TextLine id="r1l49" custom="readingOrder {index:48;}">
                <Coords points="1044,2313 2097,2297 2096,2271 1926,2256 1044,2287"/>
                <Baseline points="1051,2322 1105,2319 1160,2315 1215,2312 1269,2310 1324,2309 1379,2307 1433,2306 1488,2305 1543,2305 1597,2304 1652,2304 1707,2303 1761,2303 1816,2302 1871,2301 1925,2299 1980,2297 2035,2295 2090,2292"/>
                <TextEquiv>
                    <Unicode>zum Zweck. Er aber ist so sehr verstrickt in die Netze</Unicode>
                </TextEquiv>
            </TextLine>
            <TextLine id="r1l50" custom="readingOrder {index:49;}">
                <Coords points="1055,2359 2101,2334 2092,2301 1054,2320"/>
                <Baseline points="1061,2358 1112,2356 1164,2354 1215,2352 1267,2351 1319,2349 1370,2348 1422,2348 1474,2347 1525,2346 1577,2345 1629,2344 1680,2344 1732,2343 1784,2342 1835,2342 1887,2341 1939,2340 1990,2339 2042,2337 2094,2336"/>
                <TextEquiv>
                    <Unicode>der schönen Friederike, daß er seiner Gattin den Vor¬</Unicode>
                </TextEquiv>
            </TextLine>
            <TextLine id="r1l51" custom="readingOrder {index:50;}">
                <Coords points="1041,2404 2019,2397 2096,2364 1040,2359"/>
                <Baseline points="1047,2401 1099,2399 1151,2397 1203,2395 1255,2394 1307,2392 1359,2391 1412,2390 1464,2389 1516,2388 1568,2387 1620,2386 1672,2385 1724,2384 1777,2384 1829,2383 1881,2382 1933,2381 1985,2380 2037,2379 2090,2377"/>
                <TextEquiv>
                    <Unicode>schlag macht, lediglich einen herzlichen Freundschafts¬</Unicode>
                </TextEquiv>
            </TextLine>
            <TextLine id="r1l52" custom="readingOrder {index:51;}">
                <Coords points="1048,2448 2099,2423 2098,2390 1935,2385 1047,2404"/>
                <Baseline points="1054,2440 1105,2439 1157,2437 1209,2436 1261,2435 1313,2434 1365,2433 1417,2432 1469,2431 1521,2430 1573,2429 1624,2428 1676,2428 1728,2427 1780,2426 1832,2425 1884,2424 1936,2423 1988,2422 2040,2421 2092,2420"/>
                <TextEquiv>
                    <Unicode>verkehr mit ihm zu pflegen und auf alles andere zu</Unicode>
                </TextEquiv>
            </TextLine>
            <TextLine id="r1l53" custom="readingOrder {index:52;}">
                <Coords points="1047,2493 1880,2480 2054,2470 2098,2434 1047,2449"/>
                <Baseline points="1054,2482 1105,2480 1157,2478 1209,2477 1261,2475 1313,2474 1365,2473 1417,2472 1469,2472 1521,2471 1573,2471 1624,2470 1676,2469 1728,2469 1780,2468 1832,2467 1884,2467 1936,2465 1988,2464 2040,2462 2092,2460"/>
                <TextEquiv>
                    <Unicode>verzichten. Cäcilie widersetzt sich aber diesem Vor¬</Unicode>
                </TextEquiv>
            </TextLine>
            <TextLine id="r1l54" custom="readingOrder {index:53;}">
                <Coords points="1051,2538 2081,2523 2099,2470 1050,2492"/>
                <Baseline points="1058,2524 1109,2522 1161,2519 1213,2517 1265,2516 1316,2514 1368,2514 1420,2513 1472,2513 1523,2513 1575,2512 1627,2512 1679,2512 1730,2512 1782,2511 1834,2510 1886,2509 1937,2508 1989,2507 2041,2504 2093,2501"/>
                <TextEquiv>
                    <Unicode>schlage mit dem Argumente, daß sich schon das leichteste</Unicode>
                </TextEquiv>
            </TextLine>
            <TextLine id="r1l55" custom="readingOrder {index:54;}">
                <Coords points="1047,2579 1140,2550 1219,2574 2100,2543 2099,2514 2029,2506 1047,2533"/>
                <Baseline points="1054,2566 1108,2564 1163,2561 1218,2560 1272,2559 1327,2557 1382,2556 1436,2556 1491,2555 1546,2555 1600,2555 1655,2554 1710,2554 1764,2553 1819,2552 1874,2551 1928,2550 1983,2548 2038,2547 2093,2544"/>
                <TextEquiv>
                    <Unicode>der Geheimnisse wie ein Schleier zwischen beide senken</Unicode>
                </TextEquiv>
            </TextLine>
            <TextLine id="r1l56" custom="readingOrder {index:55;}">
                <Coords points="1050,2623 1201,2594 2099,2599 2098,2545 1050,2578"/>
                <Baseline points="1056,2609 1107,2606 1159,2603 1211,2601 1263,2599 1315,2598 1366,2597 1418,2596 1470,2595 1522,2594 1574,2594 1625,2593 1677,2593 1729,2592 1781,2592 1833,2592 1884,2591 1936,2591 1988,2590 2040,2589 2092,2589"/>
                <TextEquiv>
                    <Unicode>würde. Ihr Gatte widerlegt ihr Bedenken mit</Unicode>
                </TextEquiv>
            </TextLine>
            <TextLine id="r1l57" custom="readingOrder {index:56;}">
                <Coords points="1059,2668 1201,2642 1395,2648 1431,2642 1430,2612 1350,2597 1328,2610 1246,2600 1211,2615 1185,2607 1131,2617 1101,2604 1057,2622"/>
                <Baseline points="1065,2647 1090,2647 1116,2646 1142,2644 1167,2643 1193,2642 1219,2640 1245,2638 1270,2637 1296,2636 1322,2635 1347,2634 1373,2634 1399,2634 1425,2635"/>
                <TextEquiv>
                    <Unicode>folgenden Worten:</Unicode>
                </TextEquiv>
            </TextLine>
            <TextLine id="r1l58" custom="readingOrder {index:57;}">
                <Coords points="1119,2690 2054,2678 2092,2646 1772,2623 1118,2653"/>
                <Baseline points="1125,2683 1173,2681 1221,2680 1269,2679 1317,2678 1365,2677 1413,2676 1461,2676 1509,2675 1557,2674 1605,2674 1653,2673 1701,2673 1749,2672 1797,2671 1845,2670 1893,2668 1941,2666 1989,2665 2037,2662 2085,2660"/>
                <TextEquiv>
                    <Unicode>„Geheimnisse dürfte es zwischen uns nicht geben ...</Unicode>
                </TextEquiv>
            </TextLine>
            <TextLine id="r1l59" custom="readingOrder {index:58;}">
                <Coords points="1050,2710 2073,2711 2100,2669 1050,2691"/>
                <Baseline points="1057,2718 1108,2716 1160,2715 1212,2714 1264,2714 1316,2714 1367,2713 1419,2713 1471,2714 1523,2714 1575,2714 1626,2714 1678,2713 1730,2713 1782,2712 1834,2711 1885,2710 1937,2708 1989,2706 2041,2703 2093,2699"/>
                <TextEquiv>
                    <Unicode>Aber warum sollte es auch Geheimnisse zwischen uns</Unicode>
                </TextEquiv>
            </TextLine>
            <TextLine id="r1l60" custom="readingOrder {index:59;}">
                <Coords points="1278,2757 2106,2755 2106,2707 1277,2718"/>
                <Baseline points="1284,2743 1324,2745 1365,2746 1406,2747 1447,2748 1488,2749 1528,2749 1569,2749 1610,2749 1651,2749 1692,2749 1732,2748 1773,2747 1814,2747 1855,2746 1896,2745 1936,2744 1977,2742 2018,2742 2059,2741 2100,2739"/>
                <TextEquiv>
                    <Unicode>Wir würden uns über alles aussprechen,</Unicode>
                </TextEquiv>
            </TextLine>
            <TextLine id="r1l61" custom="readingOrder {index:60;}">
                <Coords points="1059,2765 1071,2769 1098,2756 1119,2761 1128,2752 1137,2761 1160,2751 1176,2759 1195,2747 1215,2756 1225,2748 1236,2754 1252,2749 1251,2718 1198,2720 1171,2710 1140,2724 1123,2716 1101,2727 1079,2716 1069,2722 1057,2718"/>
                <Baseline points="1065,2755 1090,2752 1116,2750 1142,2749 1167,2749 1193,2749 1219,2748 1245,2746"/>
                <TextEquiv>
                    <Unicode>geben?</Unicode>
                </TextEquiv>
            </TextLine>
            <TextLine id="r1l62" custom="readingOrder {index:61;}">
                <Coords points="1478,2788 2080,2783 2105,2753 1848,2738 1478,2754"/>
                <Baseline points="1485,2783 1515,2783 1546,2784 1577,2784 1607,2784 1638,2783 1669,2783 1699,2783 1730,2783 1761,2782 1792,2782 1822,2781 1853,2780 1884,2779 1914,2779 1945,2778 1976,2777 2006,2777 2037,2776 2068,2775 2099,2775"/>
                <TextEquiv>
                    <Unicode>ja gewissermaßen über mehr. Da</Unicode>
                </TextEquiv>
            </TextLine>
            <TextLine id="r1l63" custom="readingOrder {index:62;}">
                <Coords points="1055,2797 1135,2784 1199,2796 1222,2782 1303,2779 1344,2792 1449,2781 1448,2759 1374,2746 1054,2763"/>
                <Baseline points="1061,2789 1086,2788 1111,2786 1137,2785 1162,2784 1188,2783 1213,2782 1238,2781 1264,2781 1289,2780 1315,2780 1340,2780 1365,2780 1391,2780 1416,2781 1442,2781"/>
                <TextEquiv>
                    <Unicode>geradeso wie bisher -</Unicode>
                </TextEquiv>
            </TextLine>
            <TextLine id="r1l64" custom="readingOrder {index:63;}">
                <Coords points="1059,2825 1986,2827 2102,2811 2102,2778 1059,2796"/>
                <Baseline points="1066,2824 1117,2822 1169,2821 1220,2819 1272,2818 1323,2818 1375,2818 1426,2818 1478,2818 1529,2818 1581,2818 1632,2819 1684,2819 1735,2818 1787,2818 1838,2817 1890,2816 1941,2815 1993,2813 2044,2811 2096,2808"/>
                <TextEquiv>
                    <Unicode>wäre natürlich die Voraussetzung unserer weiteren Be¬</Unicode>
                </TextEquiv>
            </TextLine>
            <TextLine id="r1l65" custom="readingOrder {index:64;}">
                <Coords points="1522,2848 1663,2863 1733,2846 1866,2863 1990,2840 2077,2854 2107,2838 2107,2812 2014,2806 1957,2834 1889,2812 1522,2825"/>
                <Baseline points="1529,2853 1557,2853 1586,2853 1614,2853 1643,2853 1672,2853 1700,2853 1729,2853 1757,2853 1786,2853 1815,2852 1843,2852 1872,2851 1900,2851 1929,2850 1958,2850 1986,2848 2015,2848 2043,2846 2072,2845 2101,2844"/>
                <TextEquiv>
                    <Unicode>rückhaltlose Wahrheit... Mit</Unicode>
                </TextEquiv>
            </TextLine>
            <TextLine id="r1l66" custom="readingOrder {index:65;}">
                <Coords points="1058,2870 1132,2858 1196,2868 1287,2847 1372,2873 1490,2847 1490,2828 1364,2815 1280,2831 1128,2821 1057,2832"/>
                <Baseline points="1065,2859 1091,2859 1117,2859 1143,2859 1169,2859 1195,2858 1221,2858 1247,2857 1274,2857 1300,2856 1326,2856 1352,2855 1378,2854 1404,2853 1430,2853 1456,2852 1483,2851"/>
                <TextEquiv>
                    <Unicode>ziehungen: Wahrheit -</Unicode>
                </TextEquiv>
            </TextLine>
            <TextLine id="r1l67" custom="readingOrder {index:66;}">
                <Coords points="1056,2902 2085,2892 2094,2855 1056,2868"/>
                <Baseline points="1062,2896 1113,2894 1164,2893 1215,2892 1267,2891 1318,2890 1369,2890 1420,2889 1472,2889 1523,2889 1574,2889 1625,2888 1677,2888 1728,2887 1779,2887 1830,2886 1882,2885 1933,2883 1984,2882 2035,2880 2087,2878"/>
                <TextEquiv>
                    <Unicode>unseren Freuden und mit unseren Schmerzen kämen wir</Unicode>
                </TextEquiv>
            </TextLine>
            <TextLine id="r1l68" custom="readingOrder {index:67;}">
                <Coords points="1058,2942 2101,2931 2101,2877 1058,2910"/>
                <Baseline points="1064,2935 1115,2933 1167,2930 1218,2929 1270,2928 1321,2927 1373,2926 1424,2925 1476,2925 1527,2925 1579,2924 1631,2924 1682,2924 1734,2923 1785,2923 1837,2922 1888,2921 1940,2920 1991,2918 2043,2916 2095,2913"/>
                <TextEquiv>
                    <Unicode>zueinander, wären Freunde wie bisher, vielleicht bessere</Unicode>
                </TextEquiv>
            </TextLine>
            <TextLine id="r1l69" custom="readingOrder {index:68;}">
                <Coords points="1054,2963 2099,2957 2085,2925 1960,2911 1053,2941"/>
                <Baseline points="1060,2968 1111,2967 1163,2966 1214,2965 1266,2964 1318,2963 1369,2962 1421,2961 1472,2960 1524,2960 1576,2959 1627,2958 1679,2958 1730,2957 1782,2957 1834,2956 1885,2956 1937,2955 1988,2954 2040,2953 2092,2953"/>
                <TextEquiv>
                    <Unicode>als je und würden uns die Hände reichen, auch über Ab¬</Unicode>
                </TextEquiv>
            </TextLine>
            <TextLine id="r1l70" custom="readingOrder {index:69;}">
                <Coords points="1069,3010 2107,3005 2106,2960 1068,2989"/>
                <Baseline points="1075,3005 1126,3003 1177,3001 1228,2999 1280,2998 1331,2997 1382,2996 1433,2996 1485,2995 1536,2995 1587,2995 1638,2995 1690,2995 1741,2995 1792,2994 1843,2994 1895,2994 1946,2993 1997,2992 2048,2991 2100,2990"/>
                <TextEquiv>
                    <Unicode>gründe. So behielten wir alles, was uns bisher gehört</Unicode>
                </TextEquiv>
            </TextLine>
            <TextLine id="r1l71" custom="readingOrder {index:70;}">
                <Coords points="1063,3034 1752,3049 2101,3031 2101,3006 1063,3012"/>
                <Baseline points="1069,3042 1120,3040 1171,3038 1222,3036 1274,3035 1325,3034 1376,3033 1427,3032 1479,3032 1530,3031 1581,3031 1632,3031 1684,3030 1735,3030 1786,3030 1837,3029 1889,3028 1940,3027 1991,3026 2042,3025 2094,3024"/>
                <TextEquiv>
                    <Unicode>hat: unsere Arbeit, unser Kind, unser Heim — alles, was</Unicode>
                </TextEquiv>
            </TextLine>
            <TextLine id="r1l72" custom="readingOrder {index:71;}">
                <Coords points="1060,3083 2114,3061 2066,3030 1843,3025 1738,3053 1060,3050"/>
                <Baseline points="1067,3075 1119,3074 1171,3074 1223,3073 1275,3072 1327,3072 1379,3072 1431,3071 1483,3071 1535,3071 1587,3070 1639,3070 1691,3069 1743,3069 1795,3068 1847,3068 1899,3067 1951,3066 2003,3065 2055,3064 2107,3063"/>
                <TextEquiv>
                    <Unicode>wir gemeinsamt haben müssen, damit es seinen ganzen</Unicode>
                </TextEquiv>
            </TextLine>
            <TextLine id="r1l73" custom="readingOrder {index:72;}">
                <Coords points="1063,3120 1128,3140 1153,3123 1196,3131 1242,3117 1306,3128 1349,3115 1365,3128 1474,3100 1473,3073 1460,3071 1441,3082 1363,3083 1350,3070 1277,3084 1062,3082"/>
                <Baseline points="1069,3114 1095,3113 1122,3112 1148,3112 1175,3111 1201,3111 1228,3110 1254,3110 1281,3110 1307,3109 1334,3109 1360,3109 1387,3109 1413,3108 1440,3108 1467,3108"/>
                <TextEquiv>
                    <Unicode>Wert für uns behält.“</Unicode>
                </TextEquiv>
            </TextLine>
            <TextLine id="r1l74" custom="readingOrder {index:73;}">
                <Coords points="1125,3164 2042,3165 2109,3119 1125,3131"/>
                <Baseline points="1131,3159 1179,3159 1228,3158 1276,3158 1325,3157 1374,3156 1422,3156 1471,3155 1519,3154 1568,3154 1617,3153 1665,3153 1714,3152 1762,3151 1811,3151 1860,3150 1908,3150 1957,3149 2005,3149 2054,3148 2103,3147"/>
                <TextEquiv>
                    <Unicode>Amadeus besiegt die Bedenken Cäciliens und sie</Unicode>
                </TextEquiv>
            </TextLine>
            <TextLine id="r1l75" custom="readingOrder {index:74;}">
                <Coords points="1064,3204 2090,3203 2107,3145 1064,3181"/>
                <Baseline points="1070,3202 1121,3201 1173,3201 1224,3200 1276,3200 1327,3200 1379,3200 1430,3199 1482,3199 1533,3199 1585,3199 1636,3198 1688,3198 1739,3197 1791,3197 1842,3196 1894,3195 1945,3194 1997,3193 2048,3192 2100,3190"/>
                <TextEquiv>
                    <Unicode>gehen auseinander, um auf andere Art beisammen zu</Unicode>
                </TextEquiv>
            </TextLine>
            <TextLine id="r1l76" custom="readingOrder {index:75;}">
                <Coords points="1060,3251 2092,3247 2103,3200 1060,3203"/>
                <Baseline points="1067,3243 1118,3242 1170,3241 1221,3241 1273,3241 1324,3240 1376,3240 1427,3241 1479,3241 1530,3241 1582,3241 1633,3241 1685,3240 1736,3240 1788,3240 1839,3239 1891,3238 1942,3237 1994,3235 2045,3233 2097,3231"/>
                <TextEquiv>
                    <Unicode>bleiben. Der Sommer verflieht, und Amadens steht</Unicode>
                </TextEquiv>
            </TextLine>
            <TextLine id="r1l77" custom="readingOrder {index:76;}">
                <Coords points="1052,3269 1096,3295 1945,3261 2024,3286 2106,3242 1052,3253"/>
                <Baseline points="1059,3283 1111,3282 1163,3281 1215,3280 1267,3280 1319,3280 1371,3280 1423,3280 1475,3280 1527,3281 1579,3281 1631,3281 1683,3281 1735,3281 1787,3281 1839,3280 1891,3279 1943,3277 1995,3276 2047,3273 2099,3270"/>
                <TextEquiv>
                    <Unicode>im Herbste vereinsamter da als jemals. Denn</Unicode>
                </TextEquiv>
            </TextLine>
            <TextLine id="r1l78" custom="readingOrder {index:77;}">
                <Coords points="1053,3324 2077,3325 2100,3275 1053,3297"/>
                <Baseline points="1059,3325 1110,3324 1162,3324 1214,3323 1265,3323 1317,3322 1369,3322 1420,3322 1472,3321 1524,3321 1576,3320 1627,3320 1679,3319 1731,3318 1782,3318 1834,3317 1886,3316 1937,3315 1989,3313 2041,3312 2093,3310"/>
                <TextEquiv>
                    <Unicode>zwischen ihm und seiner Freundin, der Sängerin</Unicode>
                </TextEquiv>
            </TextLine>
            <TextLine id="r1l79" custom="readingOrder {index:78;}">
                <Coords points="1064,3378 2070,3364 2101,3323 1064,3333"/>
                <Baseline points="1071,3371 1122,3369 1173,3367 1224,3365 1275,3365 1327,3363 1378,3362 1429,3362 1480,3361 1531,3360 1583,3360 1634,3359 1685,3359 1736,3359 1787,3358 1839,3358 1890,3357 1941,3356 1992,3356 2043,3354 2095,3353"/>
                <TextEquiv>
                    <Unicode>Friederike, war es zum definitiven Bruch gekommen.</Unicode>
                </TextEquiv>
            </TextLine>
            <TextLine id="r1l80" custom="readingOrder {index:79;}">
                <Coords points="1052,3395 1159,3419 2114,3391 2113,3360 2038,3356 1052,3383"/>
                <Baseline points="1059,3411 1111,3410 1163,3408 1216,3407 1268,3406 1321,3405 1373,3403 1425,3403 1478,3402 1530,3401 1583,3401 1635,3400 1687,3400 1740,3399 1792,3399 1845,3398 1897,3397 1949,3397 2002,3396 2054,3396 2107,3395"/>
                <TextEquiv>
                    <Unicode>Mehr wie je sehnt sich sein Herz nach dem stillen</Unicode>
                </TextEquiv>
            </TextLine>
            <TextLine id="r1l81" custom="readingOrder {index:80;}">
                <Coords points="1064,3449 2104,3450 2077,3400 1064,3413"/>
                <Baseline points="1071,3450 1122,3449 1173,3448 1224,3447 1276,3446 1327,3445 1378,3444 1430,3443 1481,3443 1532,3442 1584,3442 1635,3441 1686,3441 1737,3440 1789,3440 1840,3439 1891,3439 1943,3439 1994,3438 2045,3438 2097,3437"/>
                <TextEquiv>
                    <Unicode>Frieden seiner Ehe, und die Wiederherstellung der</Unicode>
                </TextEquiv>
            </TextLine>
            <TextLine id="r1l82" custom="readingOrder {index:81;}">
                <Coords points="1061,3494 2101,3480 2100,3437 1061,3468"/>
                <Baseline points="1068,3490 1119,3489 1170,3488 1221,3487 1273,3487 1324,3486 1375,3486 1427,3485 1478,3485 1529,3484 1581,3483 1632,3483 1683,3482 1734,3482 1786,3481 1837,3480 1888,3479 1940,3478 1991,3477 2042,3475 2094,3474"/>
                <TextEquiv>
                    <Unicode>alten Ordnung ist das Ziel, welchem er nachstrebt.</Unicode>
                </TextEquiv>
            </TextLine>
            <TextLine id="r1l83" custom="readingOrder {index:82;}">
                <Coords points="1055,3533 2060,3532 2102,3480 1055,3498"/>
                <Baseline points="1062,3534 1113,3531 1165,3529 1217,3528 1268,3527 1320,3526 1372,3525 1423,3525 1475,3524 1527,3524 1579,3524 1630,3523 1682,3523 1734,3523 1785,3522 1837,3521 1889,3520 1940,3519 1992,3518 2044,3516 2096,3514"/>
                <TextEquiv>
                    <Unicode>Cäcilie aber, die eben von einem an glänzenden Er¬</Unicode>
                </TextEquiv>
            </TextLine>
            <TextLine id="r1l84" custom="readingOrder {index:83;}">
                <Coords points="1844,3570 1861,3563 1897,3570 1907,3562 1925,3574 1940,3564 1989,3565 2002,3552 2022,3562 2100,3566 2099,3528 2058,3532 2048,3523 2019,3522 2002,3532 1983,3524 1948,3534 1900,3523 1844,3529"/>
                <Baseline points="1851,3561 1877,3560 1904,3560 1931,3559 1958,3559 1985,3559 2012,3558 2039,3558 2066,3558 2093,3557"/>
                <TextEquiv>
                    <Unicode>Oper in</Unicode>
                </TextEquiv>
            </TextLine>
            <TextLine id="r1l85" custom="readingOrder {index:84;}">
                <Coords points="1053,3570 1785,3580 1845,3560 1813,3525 1712,3522 1053,3538"/>
                <Baseline points="1060,3571 1098,3571 1137,3571 1176,3571 1215,3571 1254,3570 1293,3570 1332,3570 1371,3569 1410,3569 1449,3568 1487,3568 1526,3567 1565,3567 1604,3566 1643,3565 1682,3565 1721,3564 1760,3563 1799,3563 1838,3562"/>
                <TextEquiv>
                    <Unicode>folgen reichen Gastspiel an der kgl.</Unicode>
                </TextEquiv>
            </TextLine>
            <TextLine id="r1l86" custom="readingOrder {index:85;}">
                <Coords points="1062,3619 2079,3613 2109,3571 1061,3582"/>
                <Baseline points="1068,3608 1119,3609 1171,3610 1223,3610 1275,3610 1326,3610 1378,3610 1430,3609 1482,3608 1533,3607 1585,3606 1637,3605 1689,3604 1740,3603 1792,3602 1844,3601 1896,3601 1947,3600 1999,3599 2051,3599 2103,3599"/>
                <TextEquiv>
                    <Unicode>Berlin nach Wien zurückkehrt (Schnitzler gibt der</Unicode>
                </TextEquiv>
            </TextLine>
            <TextLine id="r1l87" custom="readingOrder {index:86;}">
                <Coords points="1053,3645 1841,3662 2064,3652 2115,3617 1053,3619"/>
                <Baseline points="1060,3653 1112,3652 1164,3652 1217,3651 1269,3650 1322,3650 1374,3649 1427,3649 1479,3648 1532,3648 1584,3648 1636,3647 1689,3647 1741,3646 1794,3646 1846,3645 1899,3645 1951,3644 2004,3644 2056,3643 2109,3643"/>
                <TextEquiv>
                    <Unicode>Sache einen besonderen „Aktualitätsreiz“, indem er</Unicode>
                </TextEquiv>
            </TextLine>
            <TextLine id="r1l88" custom="readingOrder {index:87;}">
                <Coords points="1059,3691 1996,3699 2109,3655 1059,3661"/>
                <Baseline points="1066,3693 1117,3693 1169,3693 1221,3692 1273,3692 1325,3692 1377,3691 1428,3690 1480,3690 1532,3689 1584,3689 1636,3688 1688,3687 1740,3687 1791,3686 1843,3685 1895,3685 1947,3684 1999,3684 2051,3684 2103,3683"/>
                <TextEquiv>
                    <Unicode>die Künstlerin erzählen läßt, der Kaiser habe sie in</Unicode>
                </TextEquiv>
            </TextLine>
            <TextLine id="r1l89" custom="readingOrder {index:88;}">
                <Coords points="1055,3732 2108,3719 2107,3683 1055,3707"/>
                <Baseline points="1062,3736 1114,3735 1166,3735 1218,3734 1270,3733 1322,3732 1374,3732 1426,3731 1478,3730 1530,3729 1582,3728 1634,3727 1686,3727 1738,3726 1790,3726 1842,3725 1894,3725 1946,3725 1998,3725 2050,3726 2102,3726"/>
                <TextEquiv>
                    <Unicode>die Loge befohlen und ihr gesagt: er hätte noch</Unicode>
                </TextEquiv>
            </TextLine>
            <TextLine id="r1l90" custom="readingOrder {index:89;}">
                <Coords points="1053,3767 2114,3767 2102,3725 1053,3749"/>
                <Baseline points="1059,3779 1111,3778 1163,3777 1216,3776 1268,3775 1321,3775 1373,3774 1425,3774 1478,3773 1530,3773 1583,3772 1635,3772 1687,3771 1740,3770 1792,3769 1845,3768 1897,3767 1949,3766 2002,3764 2054,3762 2107,3761"/>
                <TextEquiv>
                    <Unicode>keine bessere Carmen gesehen), läßt sich nicht im ersten</Unicode>
                </TextEquiv>
            </TextLine>
            <TextLine id="r1l91" custom="readingOrder {index:90;}">
                <Coords points="1063,3812 1878,3822 2060,3815 2108,3772 1063,3787"/>
                <Baseline points="1070,3821 1121,3820 1173,3819 1224,3818 1276,3817 1327,3816 1379,3815 1430,3815 1482,3814 1533,3814 1585,3813 1637,3813 1688,3812 1740,3811 1791,3810 1843,3810 1894,3809 1946,3807 1997,3806 2049,3805 2101,3802"/>
                <TextEquiv>
                    <Unicode>Ansturm bekehren und setzt dem Drängen des ver¬</Unicode>
                </TextEquiv>
            </TextLine>
            <TextLine id="r1l92" custom="readingOrder {index:91;}">
                <Coords points="1052,3844 1990,3860 2079,3857 2114,3819 1052,3822"/>
                <Baseline points="1059,3859 1111,3858 1163,3857 1216,3856 1268,3855 1321,3854 1373,3853 1425,3853 1478,3852 1530,3852 1583,3852 1635,3851 1687,3851 1740,3851 1792,3851 1845,3850 1897,3850 1949,3849 2002,3849 2054,3848 2107,3847"/>
                <TextEquiv>
                    <Unicode>liebten oder doch verliebt tuenden Gatten auseinander,</Unicode>
                </TextEquiv>
            </TextLine>
            <TextLine id="r1l93" custom="readingOrder {index:92;}">
                <Coords points="1052,3903 2059,3903 2110,3892 2110,3859 1052,3872"/>
                <Baseline points="1059,3899 1111,3897 1163,3896 1215,3895 1267,3894 1320,3894 1372,3893 1424,3893 1476,3892 1528,3892 1581,3892 1633,3892 1685,3891 1737,3891 1789,3891 1842,3890 1894,3890 1946,3889 1998,3888 2050,3887 2103,3885"/>
                <TextEquiv>
                    <Unicode>wie wenig Sinn eine Wiederholung der ersten Akte</Unicode>
                </TextEquiv>
            </TextLine>
            <TextLine id="r1l94" custom="readingOrder {index:93;}">
                <Coords points="1058,3936 2106,3929 2105,3894 1992,3887 1058,3905"/>
                <Baseline points="1065,3940 1116,3939 1168,3938 1220,3937 1271,3936 1323,3936 1375,3936 1426,3936 1478,3935 1530,3935 1582,3935 1633,3935 1685,3935 1737,3934 1788,3934 1840,3933 1892,3932 1943,3930 1995,3928 2047,3926 2099,3923"/>
                <TextEquiv>
                    <Unicode>ihrer Ehe hätte und macht ihn dabei absichtlich im</Unicode>
                </TextEquiv>
            </TextLine>
            <TextLine id="r1l95" custom="readingOrder {index:94;}">
                <Coords points="1066,3985 2062,3985 2116,3945 1066,3951"/>
                <Baseline points="1073,3981 1124,3980 1176,3979 1228,3979 1280,3978 1332,3977 1384,3977 1435,3976 1487,3976 1539,3976 1591,3975 1643,3975 1695,3975 1747,3974 1798,3974 1850,3973 1902,3973 1954,3972 2006,3971 2058,3969 2110,3968"/>
                <TextEquiv>
                    <Unicode>höchsten Grade eifersüchtig. Eine wunderschöne, tief¬</Unicode>
                </TextEquiv>
            </TextLine>
            <TextLine id="r1l96" custom="readingOrder {index:95;}">
                <Coords points="1063,4034 1247,4005 1307,4036 1515,4007 1576,4030 1620,4000 2031,4023 2114,4009 2114,3981 1063,3994"/>
                <Baseline points="1069,4024 1123,4023 1178,4022 1233,4020 1287,4019 1342,4019 1397,4018 1451,4017 1506,4016 1561,4016 1615,4015 1670,4015 1725,4014 1779,4013 1834,4013 1889,4013 1943,4012 1998,4012 2053,4011 2108,4011"/>
                <TextEquiv>
                    <Unicode>gefühlte Szene, in der Cäcilie und Amadeus</Unicode>
                </TextEquiv>
            </TextLine>
            <TextLine id="r1l97" custom="readingOrder {index:96;}">
                <Coords points="1070,4071 1950,4078 2112,4062 2112,4011 1321,4035 1256,4009 1070,4040"/>
                <Baseline points="1077,4063 1128,4062 1179,4062 1231,4061 1282,4061 1334,4060 1385,4060 1436,4059 1488,4058 1539,4057 1591,4056 1642,4056 1693,4055 1745,4054 1796,4053 1848,4053 1899,4052 1950,4051 2002,4051 2053,4050 2105,4050"/>
                <TextEquiv>
                    <Unicode>ihre Sache mit ebenso viel Geist als Temperament</Unicode>
                </TextEquiv>
            </TextLine>
            <TextLine id="r1l98" custom="readingOrder {index:97;}">
                <Coords points="1315,4109 1767,4098 1813,4120 1865,4105 1864,4070 1829,4057 1681,4076 1539,4059 1449,4072 1409,4052 1315,4067"/>
                <Baseline points="1322,4098 1348,4098 1375,4098 1402,4098 1429,4098 1456,4098 1482,4099 1509,4099 1536,4099 1563,4099 1590,4099 1616,4099 1643,4098 1670,4098 1697,4098 1724,4097 1750,4097 1777,4097 1804,4096 1831,4096 1858,4095"/>
                <TextEquiv>
                    <Unicode>(Fortsetzung in der 1. Beilage.)</Unicode>
                </TextEquiv>
            </TextLine>
            <TextLine id="r1l99" custom="readingOrder {index:98;}">
                <Coords points="1360,4160 1511,4161 1568,4141 1782,4149 1781,4114 1733,4104 1719,4116 1654,4097 1638,4109 1607,4098 1578,4116 1551,4102 1469,4115 1409,4103 1379,4131 1360,4127"/>
                <Baseline points="1367,4147 1392,4146 1418,4145 1443,4144 1469,4143 1494,4143 1520,4142 1545,4141 1571,4141 1596,4141 1622,4140 1647,4139 1673,4139 1698,4138 1724,4137 1749,4136 1775,4135"/>
                <TextEquiv>
                    <Unicode>Hierzu 3 Beilagen.</Unicode>
                </TextEquiv>
            </TextLine>
            <TextEquiv>
                <Unicode>box 25/1
20. Zuischenspiel
Die
none Komödie von Arthur Schnitzler:
„Zwischenspiel“ gelangte gestern im Wiener Bürg¬
theater zur überhaupt ersten Aufführung. Unser
[Wiener Korrespondent schreibt uns über das Werk:
Wieder einmal kommt Schnitzler in völlig neuer
Gestalt mit einer Art Sittenbild, das sozusagen mit
einem Tropfen Sardonschen Oeles gesalbt ist. Niemals
noch war Schnitzler so sehr jenseits von Anatol und
Mizzi Schlager als in seiner jüngsten Komödie, welcher
er den beziehungsreichen, sehr zutreffenden Titel
„Zwischenspiel“ gab, obwohl das bei allem Anlauf zur
Vertiefung der Charaktere doch nur skizzeuhaft angelegte
Stück auf dem Theaterzettel ebenso gut „Komödie“
Zwischenspiel in drei Akten heißen könnte. Der große
und tiefe Kenner der Frauenseele spricht auch fast
aus jeder Szene des „Zwischenspiel“ in welchem
aber immer wieder
alten.
Schnitzler der
neu bleibenden und fesselnden Geschichte von der
brüchigen Ehe eine originelle Seite abzugewinnen ver¬
steht. Freilich ist Schnitzler diesmal mehr der geist¬
reiche, tiefgründige, wohl auch tiefsinnige „Debatter“
als der packende Dramatiker. In dem Zwischenspiel,
welches mit einem sanften Adagio anhebt, um dann
allmählig zu einem Furioso zu gelangen, dessen
Dissonanzen aber Schnitzler in reine Harmonien aufzu¬
lösen versteht, hat nicht der Dramatiker, sondern der
Sophist die Oberhand. Das „Zwischenspiel“ ist
nämlich ebenso sophismen= als genstreich. Aus der
einfachen Kenntnisnahme der überaus winzigen
Handlung vermag man das allerdings nicht zu
entnehmen.
Die handelnden, d. h. also die nicht handelnden
Personen sind der Hosopernkapellmeister und Komponist
Amadens Adams und seine Gattin, die Opernsängerin
Cäcilie Adams=Ortenburg. Die Beiden leben mehr
neben= als miteinander, denn Cäctlie weiß, bekümmerten
Herzens um Amadens aufkeimende Liebe zu ihrer
Kollegin, der Gräfin Friederike Moosheim. Aber
auch sie selber läßt sich ganz offenkundig von dem
jungen Fürsten Sigismund den Hof machen.
Cäcilie liebt im Grunde ihren Gatten, und hofft, ihn
sich wieder zurückzuerohern, betrachtet darum die rein
platonischen Beziehungen zum Fürsten als Mittel
zum Zweck. Er aber ist so sehr verstrickt in die Netze
der schönen Friederike, daß er seiner Gattin den Vor¬
schlag macht, lediglich einen herzlichen Freundschafts¬
verkehr mit ihm zu pflegen und auf alles andere zu
verzichten. Cäcilie widersetzt sich aber diesem Vor¬
schlage mit dem Argumente, daß sich schon das leichteste
der Geheimnisse wie ein Schleier zwischen beide senken
würde. Ihr Gatte widerlegt ihr Bedenken mit
folgenden Worten:
„Geheimnisse dürfte es zwischen uns nicht geben ...
Aber warum sollte es auch Geheimnisse zwischen uns
Wir würden uns über alles aussprechen,
geben?
ja gewissermaßen über mehr. Da
geradeso wie bisher -
wäre natürlich die Voraussetzung unserer weiteren Be¬
rückhaltlose Wahrheit... Mit
ziehungen: Wahrheit -
unseren Freuden und mit unseren Schmerzen kämen wir
zueinander, wären Freunde wie bisher, vielleicht bessere
als je und würden uns die Hände reichen, auch über Ab¬
gründe. So behielten wir alles, was uns bisher gehört
hat: unsere Arbeit, unser Kind, unser Heim — alles, was
wir gemeinsamt haben müssen, damit es seinen ganzen
Wert für uns behält.“
Amadeus besiegt die Bedenken Cäciliens und sie
gehen auseinander, um auf andere Art beisammen zu
bleiben. Der Sommer verflieht, und Amadens steht
im Herbste vereinsamter da als jemals. Denn
zwischen ihm und seiner Freundin, der Sängerin
Friederike, war es zum definitiven Bruch gekommen.
Mehr wie je sehnt sich sein Herz nach dem stillen
Frieden seiner Ehe, und die Wiederherstellung der
alten Ordnung ist das Ziel, welchem er nachstrebt.
Cäcilie aber, die eben von einem an glänzenden Er¬
Oper in
folgen reichen Gastspiel an der kgl.
Berlin nach Wien zurückkehrt (Schnitzler gibt der
Sache einen besonderen „Aktualitätsreiz“, indem er
die Künstlerin erzählen läßt, der Kaiser habe sie in
die Loge befohlen und ihr gesagt: er hätte noch
keine bessere Carmen gesehen), läßt sich nicht im ersten
Ansturm bekehren und setzt dem Drängen des ver¬
liebten oder doch verliebt tuenden Gatten auseinander,
wie wenig Sinn eine Wiederholung der ersten Akte
ihrer Ehe hätte und macht ihn dabei absichtlich im
höchsten Grade eifersüchtig. Eine wunderschöne, tief¬
gefühlte Szene, in der Cäcilie und Amadeus
ihre Sache mit ebenso viel Geist als Temperament
(Fortsetzung in der 1. Beilage.)
Hierzu 3 Beilagen.</Unicode>
            </TextEquiv>
        </TextRegion>
    </Page>
</PcGts>
