3484 4384
1329 232 1781 323 box 25/2
268 235 1185 331 20. Zuischensner
1609 1461 2811 1509 unmöglich geworden ist. Sie fühlt, daß sie selbst nicht mehr die ist,
1615 1508 2815 1558 die sie war,g daß sie selbst sich verbrannt hat, als sie mit dem Feuer
392 1485 1377 1591 Jae“ Schnitzlers „Zwischenspiel“.
1613 1542 2810 1590 spielte. „Wir sind einander so viel gewesen,“ sagt sie, „daß wir uns
1612 1583 2815 1634 die Erinnerung daran erhalten müssen. Wenn das“ (daß sie sich nach allem,
474 1568 1614 1632 Man trifft zuweilen überzarte Mädchengestalten, die mit ihrer
1613 1618 2815 1671 was vorgefallen, ihm noch einmal hingegeben hat,) „ein Abenteuer war, sind
395 1617 1604 1659 weißen, durchsichtigen Haut, ihren blutleeren Lippen und jenem fiebrigen
1608 1655 2802 1716 wir auch unser vergangenes Glück nicht wert. War es ein Abschied,
392 1651 1612 1715 Glanz in den großen Augen, aus dem die Fackel eines frühen Todes
1674 1703 2810 1758 sind wir vielleicht doch zu einem künftigen bestimmt ... viel¬
1641 1702 1702 1747 0
384 1692 1599 1757 vorleuchtet, so wesenlos erscheinen, daß man unwillkürlich geneigt ist,
1603 1740 2509 1786 leicht.“ — So nimmt sie ihr Kind und geht davon.
382 1732 1597 1783 in ihrer Nähe leise zu sprechen und auf den Fußspitzen einherzugehen.
1689 1759 2802 1828 Dieser kritische Zustand zweier Menschenherzen mochte einen Dichter
467 1790 1592 1854 Von dieser Art ist der jüngste Sprößling der Schnitzlerschen Muse¬
1612 1810 2809 1857 von der Feinsinnigkeit Schnitzlers wohl reizen. Aber er hätte ihn zum
391 1827 1600 1887 Kein Tropfen Bühnenblut rollt in seinen Adern, man sieht
1610 1852 2804 1910 Gegenstand einer Novelle machen sollen. Auf der Bühne wirkt das
388 1872 1600 1923 auf den ersten Blick, daß ihm kein langes Leben beschieden
1608 1891 2802 1945 alles so unklar, und dabei wirkt es zynisch. Man kann keine
392 1904 1607 1966 sein wird, aber man fühlt sich doch merkwürdig angezogen
1613 1925 2809 1985 Sympathie haben für diesen Mann, der sich so frivol über die heiligen
394 1940 1606 1997 von seiner Zartheit, man möchte ihn dem grellen Bühnenlicht,
1609 1968 2806 2015 Forderungen der Ehe hinwegsetzt, und auch nicht für die Frau, die sich
386 1975 1604 2029 für das er nicht geschaffen ist, entreißen und ihn mit sich nehmen in
1616 2011 2807 2056 nicht einmal bemüßigt fühlt, wenigstens den Versuch zu machen, ihre
394 2023 1608 2067 ein stilles Winkelchen, um im milden Schein eines rosig gedämpften
1609 2045 2796 2100 Stellung im Herzen des Vaters ihres Kindes zu behaupten. Manches,
382 2059 1606 2103 Lampenlichtes seine gefährliche Schönheit zu genießen. Schnitzler ist in
1607 2077 2810 2131 was da gesprochen wird, wirkt auf der Bühne geradezu verletzend, und
385 2101 1600 2147 diesem Stücke ganz Seelenmaler, ganz Stimmungsmensch. Er verzichtet
1612 2128 2809 2178 wenn der Fürst Sigismund, mit dem Frau Cäcilie flirtet, gar erscheint,
385 2135 1599 2193 dabei auf alles, was auf der Bühne wirken kann, auf Handlung, auf
1612 2151 2811 2217 um von ihrem Gatten ihre Hand zu erbitten, so ist sogar ein bedenk¬
386 2177 1598 2234 Situationen, auf Steigerung, ja selbst auf sogenannte Geistesblitze.
1609 2198 2806 2255 licher Einschuß unfreiwilliger Komik dabei. Kurz, als psychologische
385 2217 1603 2274 Aber in dem Bestreben, alles zu verinnerlichen, hat er die Forderungen
1613 2240 2807 2284 Studie ist dieses „Zwischenspiel“ unzweifelhaft interessant, als Theater¬
386 2258 1604 2328 des Theaters vergessen, das nun einmal seine eigene Logik hat, seine
1603 2277 2809 2343 stück ist es verfehlt, schon aus dem Grunde, weil es beinahe unmöglich
385 2296 1029 2360 eigene Optik, seine eigene Sprache.
1613 2315 2104 2382 ist, diese Rollen zu spielen.
477 2338 1599 2406 Er stellt zwei Menschen vor uns hin, zwei freie, selbständige
1669 2337 2803 2404 Die Darstellung wußte denn auch nur zum Teil etwas damit anzu¬
396 2369 1604 2437 Menschen, Künstlernaturen, die nach siebenjähriger glücklicher Ehe dem
1600 2380 2803 2449 fangen. Frl. Triesch half sich damit, daß sie die unklare Gestalt der
399 2422 1602 2489 Wahn verfallen, daß der Frühling ihrer Liebe zu schwinden beginnt.
1601 2435 2813 2487 Cäcilie auf die kluge, feinfühlige Frau hinausspielte, die dem leicht¬
392 2461 1594 2521 Sie beschließen, ihre ehelichen Beziehungen aufzugeben und als Freunde,
1609 2469 2800 2523 fertigen Seitensprung des Mannes mit scheinbarem Gleichmut zuschaut,
398 2508 1604 2560 als gute, ehrliche Kameraden neben einander weiter zu leben und weiter
1612 2508 2812 2566 während in ihrem Innern das so schwer gekränkte Frauenherz sich auf¬
395 2546 1601 2589 zu streben. Alles soll bleiben, wie bisher, sie wollen sich alles sein
1611 2548 2802 2599 bäumt. Aber so wundervoll sie diese Aufgabe auch löste, die Forderungen,
394 2574 1602 2631 und sich alles sagen, nur in ihrem Liebesleben soll in Zukunft jeder
1608 2575 2810 2641 die der Dichter in diese Gestalt hineingelegt hat, erfüllte sie damit nur
397 2620 1596 2674 seine eigenen Wege gehen. Ist es der Frau Ernst mit dieser frevel¬
1603 2627 2809 2678 zum Teil. Herr Bassermann als Kapell=eister Amadeus aber schien
393 2657 1604 2708 haften Uebereinkunft? Der Dichter läßt uns darüber im unklaren. Er
1616 2668 2800 2719 mir mit seinen breiten Bewegungen und seiner breiten Sprache,
1604 2706 1695 2752 die
393 2692 1596 2751 zeigt nur, daß sie den neuen Weg nicht geht, daß sie nur mit einer un¬
1687 2711 2806 2758 oft an das Geschrei eigensinniger Kinder erinnert, gar nicht
391 2740 1594 2788 bestimmten Sehnsucht nach ihm ausblickt, daß sie mit dem Gedanken nur
1607 2742 2807 2793 am Platze. So meisterlich dieser Künstler zu charakterisieren
390 2790 1595 2832 spielt, daß sie ihn beschreiten könnte. Der Mann dagegen nutzt die
1611 2779 2795 2825 versteht, so tief er sich in seine Gestalten hineinzuleben weiß, ein Lieb¬
389 2817 1598 2873 ihm gewährte Freiheit, er wandelt sorglos die gefährliche Bahn. Aber
1600 2809 2806 2882 haber ist er nicht. Und wenn diesem leichtfertigen Bohémien von
393 2845 1596 2902 bald wird er inne, daß er in eine Sackgasse geraten tst. Er sehnt sich
1612 2859 2805 2914 Wiener Kapellmeister auch noch der Zauber hinreißender persönlicher
394 2893 1594 2941 zurück nach dem stillen Glück, das er so leichtfertig aufs Spiel gesetzt
1602 2890 2804 2953 Liebenswürdigkeit abgeht, dann wird er unleidlich, und dann kann man
390 2923 1605 2968 hat. Er wirbt aufs neue um die Liebe seines Weibes. Und im er¬
1612 2935 2797 2994 auch die Frau ganz und gar nicht verstehen, die ihn nach all seinen
397 2969 1594 3020 sten Sturm der wiedererwachten Leidenschaft wird sie noch einmal sein.
1615 2975 2803 3016 Verirrungen noch einmal erhört. Aber, wie gesagt, vielleicht ist diese
395 2999 2815 3083 Aber bald wird ihr kiar, daß ein Glück von Dauer für sie beide nun Rolle überhaupt nicht zu spielen, auch Kainz in Wien hat nicht mit
2814 1459 3320 1520 ihr fertig werden können.
2815 1495 3339 1559 „Zwischenspiel“ in Schnitzlers
2809 1534 3360 1611 nicht geben, aber vielleicht wird
2889 1629 3365 1711 * Der Streit um den S
2813 1676 3364 1754 Schulbeginn im Sommer nich
2807 1731 3351 1792 in den vier untersten Volkssc
2814 1780 3353 1828 zahlreicher Eltern, namentlic
2809 1808 3354 1867 die Stadtverordneten trugen
2809 1853 3350 1915 als sie dem Ausschußantrag
2811 1890 3361 1944 zur Erwägung anheimzuge
2805 1928 3365 1988 Schwierigkeit hingewiesen, di
2805 1973 3362 2027 ebenso darauf, daß bei eine
2799 2001 3362 2070 bezirken sich 93 bezw. 96
2808 2053 3162 2102 Schulbeginn (um
3145 2045 3354 2099 7 resp. 8
2800 2076 3360 2140 Bezirken dürfte die Abstimm
2917 2115 3369 2178 Aus der Freimaur#
2801 2152 3354 2215 Hier starb im Alter von 78
2815 2194 3360 2258 Schriftsteller und frühere Ver
2812 2242 3357 2300 Leiche wird nach Jena zur
2804 2276 3369 2346 Wunsch des Verstorbenen dür
2807 2320 3358 2374 angelegt werden. Findel ge
2804 2346 3367 2416 der deutsch=latholischen (freir
2809 2387 3362 2456 erzogen war er ein gefürcht
2927 2422 3364 2484 Christiana, 26. Nov
2813 2461 3361 2527 stand Henrik Ibsens sei nicht
2799 2503 3361 2568 sei zwar in der letzten Zeit schwi
2809 2549 3363 2615 einige Stunden auf und zeige I
2915 2587 3372 2648 * Leipzig, 26. November.
2814 2618 3353 2676 Schauspiel von J. Wiegand,
2810 2669 3370 2729 haus (Dir. A. Hartmann) seine
2807 2710 3358 2768 schwächlicher und mißlungener
2805 2739 3364 2796 Leben der Zarin Katharina di
2817 2785 3361 2842 fanden sich mit der Aufgabe da
2820 2824 3368 2886 Beifall an den Aktschlüssen wohl
2817 2859 3344 2916 als „Katharina“, die in dem
2802 2890 3367 2953 Willen, sonst aber stark das Herz
2808 2938 3368 2992 sogar anzuerkennen. Ein kritisch
2810 2983 3286 3048 das Opus wohl abgelehnt.
