3484 4384
278 168 1183 268 20. Zuischensniel
1361 149 1791 263 box 25/3
2043 152 3135 211 in Berlin. Budapest, Chicago. Christiania. Genf. Kopenhagen,
2019 197 3136 248 London, Madrid, Mailand, Minneapolis. New-Vork. Paris, Rom,
2204 239 2961 313 San Francisco, Stockholm. St. Petersburg.
2384 277 2794 337 (Quellenangabe ohne Gewahr.)
2016 326 3124 431 Ausschnitt aus Der Bühnenbote, Karlsruhe
2231 410 2396 512 2- 72.
2025 442 2181 511 vom:
2140 563 3056 693 Wiener Theaterbrief.
2035 655 3298 754 ()) Prager Theaterbrief. Prag, 22. November 1905.
1931 743 3280 822 „Zwischenspiel“, Komödie in 3 Akten von Arthur
1924 810 2714 894 Schnitzler. Regie: Kurt Stern.
2045 865 3282 951 Eine interessante Premier — eine Komödie Schnitzlers,
1925 917 3289 1016 wer geht nicht mit gerechtfertigter Erwartung ins Theater?!
1924 970 3294 1060 Es war ein Erfolg der nicht nur einem guten Bühnenwerke,
1929 1042 3293 1132 sondern einem Drama von literarischer Bedentung galt. Das
1925 1097 3301 1174 Meisterhafte in Schnitzlers Komödie ist die Sprache, der Dialog,
1935 1154 3299 1232 in dem er von keinem Anderen unserer Modernen übertröffen
1937 1241 3289 1295 wird. So leicht, so einfach klingt die Rede dim Ohre des Zu¬
1936 1295 3249 1354 schauers, und doch so tief, so reich an prächtigen Gedanken. —
1937 1325 3312 1413 In Künstlerkreisen spielt sich die Handlung ab, Kapellmeister
1944 1397 3303 1473 Amadeus Adams, der fünf Jahre lang in glücklichen Verhält¬
1936 1472 3262 1540 nissen mit seiner Frau Cäcilie — einer Operettensängerin —
1937 1509 3308 1598 gelebt, will sich scheiden lassen, da es ihm scheint, sie könnten
1939 1565 3303 1652 kein ehrliches Leben mehr miteinander führen. Doch kaum wo
1930 1651 3306 1713 diese Stimme in seinem Innnern wach wird, da ergreift ihn
1927 1680 3306 1781 ein Gefühl, das ihm sagt, er könne von „Cäcilie nicht lassen
2009 1753 3303 1821 er kann sich nicht hineindenken, ohne ihr zu leben, und
1931 1815 3296 1877 doch ist es sein innigster Wunsch, frei und ungebunden leben
1938 1868 3291 1941 zu können. Aus dem Ehebündnis wird ein Freundschaftsver¬
1938 1921 3305 2004 hältnis zweier Kameraden. Jeder geht seiner Wege, jeder
1942 1983 3295 2064 handelt und lebt wie es ihm beliebt — doch kein Geheimnis
1939 2026 3309 2118 herrscht zwischen Beiden. Der Sommer trennt die Kameraden;
1930 2107 3323 2190 und als Cäcilie heimkehrt, da sieht Amadeus in ihr eine An¬
1909 2222 3296 2325 dere. Aus ihren Augen ein, von ihm nie gesehenes Feuer.
1940 2273 3288 2351 Der Ton ihrer Stimme klingt ihm so süß — da erfaßt ihn
1938 2340 3297 2411 ein Neid, daß einem Andern dies Weib gehöre, daß es ein
1925 2391 3293 2464 Anderer lieben soll und von neuem entbrennt eine hinreißende
1925 2460 3242 2535 Liebe für Cäcilie; doch Cacilie glaubt nicht an seine treue, -
1926 2526 3271 2581 ser liebe sie jetzt nur weil sie ihm als eine Andere erschien —
1941 2576 3304 2636 doch die Zukunft würde die früheren Verhältnisse wiederbringen.
1939 2631 3298 2702 Eine Wahrheit, Aufrichtigkeit herrschte nie in ihrem Zusammen¬
1936 2661 3306 2758 sein. — Da scheidet Amadeus von Cäcilie, ein Schluß der an
1937 2753 2494 2832 Ibsens „Nora“ erinnert.
2041 2802 3304 2881 Die Aufführung unter der Regie des Herrn Stern war
1927 2880 3298 2946 eine gute, künstlerische, wie sie Schnitzler gebührt. Herr
1945 2937 3312 2998 Steil suchte der schwierigen Rolle des Amadeus mit allen
1925 2985 3298 3060 Mitteln — Spiel und Sprache, gerecht zu werden, was ihm
1947 3043 3140 3104 besonders trefflich am Ende des zweiten Aktes gelang.
2053 3075 3299 3182 Obwohl er keine lange Künstlerlocken trug, verriet doch
1911 3149 3291 3254 4Kleidung und Maske den Musiker. So was ist Studiam.
1937 3210 3290 3287 Frau Buska als Cäcilie gab sich redlich Mühe, ihre Darstel¬
1945 3266 3309 3361 lung, der ich manchmal mehr Terperament wünschte, ist sonst
1943 3348 2366 3420 gewiß lobenswert.
2053 3390 3303 3467 Einen wohlverdienten Beifall bei offener Szene erntete
2993 3444 3309 3521 das war ein
1915 3449 2938 3536 Herr Lengbach, als Fürst Sigismund,
1938 3504 3302 3593 charakterisieren, unancieren, wie ich es selten sah. Herr Faber,
1948 3583 3300 3653 entfaltete in der Rolle des Rhon einen feinen köstlichen Hu¬
1948 3623 3293 3697 mor. Lobend zu nennen sind: Fel. Wolf und Frl. Nied. Die
1940 3684 3304 3767 Dekorationen entworfen und eingerichtet von Herrn Parcioval¬
1934 3738 3298 3824 'de Vry, war ohne aufdringlich zu werden künstlerisch durch¬
1935 3809 2151 3891 geführt.
2802 3823 3269 3931 K. B. Sch. (Prag).
