3436 4352
1359 200 1829 299 box 25/2
301 218 1309 321 20. Zuischensniel
783 1487 1747 1560 des Programms in das Wort „Neuromaniter“ z
207 1528 1760 1616 einzig mögliche Lösung, und kein sammenfaßt, so hat das insofern seine Berechtigung, al
796 1583 1755 1650 alle die fünf genannten Dichter neue Töne in ihre
218 1617 787 1674 die Banalität zutrauen, daß er
804 1628 1761 1687 Schöpfungen angeschlagen haben, in denen die modern
209 1651 790 1708 Leutchen sich gerührt in die Arme
805 1671 1760 1732 Seele mit der Empfindungs= und Sehnsuchtswelt, di
203 1703 789 1761 ist nichts einzuwenden. Was ich
799 1720 1777 1777 wir als romantisch zu benennen pflegen, eine eigenarlig
196 1743 781 1808 er vielmehr: wogegen sich mein
800 1760 1765 1812 Mischung eingegangen ist. Wir wünschen dem Aben
212 1785 786 1857 jener anfängliche Pakt, der die
800 1804 1767 1864 die verdieme Beachtung von seiten der Literaturfreund
221 1829 792 1896 die Stelle der Ehe setzt. Frau
803 1849 1093 1925 unserer Stadt.
202 1865 798 1943 fäter, daß sie sich da Komödie vor¬
197 1920 786 1996 mutet dies Abkommen, soll ich den
795 1934 1773 1999 ist wert, daß es fehlschlägt. Dahinter stecken beileib
207 1965 785 2019 rmeiden, zum mindesten lebens¬
801 1997 1777 2060 keine moralischen Anwandlungen, sondein nur en
195 2005 791 2066 esehen davon, daß des Kindes
803 2039 1371 2105 andere psychische Veranlagung.
205 2052 790 2124 ähnung geschieht (zum Glück be¬
856 2057 1763 2149 Ja, wäre die Komödie nur als heiteres Spiel ge
209 2098 789 2156 sten Künstlerlaunen eine Schranke,
808 2119 1771 2183 dacht und ausgeführt, so vermöchte man alles gelasse
208 2142 793 2197 r an der Wand): ich kann mir
807 2168 1767 2224 in Kauf zu nehmen und fände sich ohne Bedenken mi
194 2189 795 2256 ich ein Mann frei geben ließe, um
804 2206 1774 2266 weit kühneren Zumutungen ab. Aber wenn Schnitzle
192 2237 792 2312 eigung mit Einwilligung seiner
807 2248 1766 2308 wirklich eine Verteidigung der Ehe schreiben wollte —
201 2276 795 2341 aber daß die Frau gleiche Rechte
810 2285 1763 2364 und das haben verschiedene Beurteiler aus seinem Werk¬
206 2319 796 2379 aß es auch ihr verstattet wäre,
816 2340 1784 2416 herausgelesen —, so kann ich nicht sagen, daß er sit
210 2366 798 2426 nissen nachzujagen, mögen sie
816 2382 1786 2450 geschickt angegriffen hat. Aus diesem Grunde komme ich
197 2400 794 2488 en Schönheitspflästerchen der
810 2427 1780 2487 auch nicht über eine kühle Bewunderung seiner jüngsten
234 2441 801 2516 der aufrichtigen Freundschaft
813 2487 1785 2542 Arbeit hinaus. Wir haben hier von einem Deutschen
217 2494 798 2564 das ist etwas, was mein
814 2516 1794 2586 der freilich nicht zufällig ein Wiener ist, eine erotische
198 2541 792 2600 steigt und gegen das sich
809 2555 1785 2628 Komödie erhalten, die den Vergleich mit den besten
188 2589 799 2647 ständiges Gefühl wehrt. Ich kann
814 2605 1798 2672 Franzosen nicht zu scheuen braucht. Der Dialog prickelnd,
193 2630 798 2686 ng nicht hinnehmen, weil mit die
813 2648 1791 2721 voll geheimer Finessen, mit so sicherer Kunst geführt,
200 2679 798 2727 lchen Schritts absurd vorkommen.
810 2693 1797 2746 daß er über die kärgliche Handlung hinwegtäuscht. Aber
208 2719 795 2778 mir diese beiden Musikereheleute,
807 2738 1804 2798 das Ganze bleibt ein raffiniertes Verstandesspiel, ein
194 2759 805 2822 siler, gesteigerte und unendlich
815 2776 1796 2844 psychologisches Schachproblem. Und wenn wir uns auch
218 2803 799 2869 sind, komödiantenhaft oder doch
818 2825 1796 2888 mit Genngtnung sagen, daß kein anderer als Arthur
218 2844 801 2900 Freuden sind eben nicht meine
827 2881 1800 2926 Schnitzler dies Werk hätte schreiben können, so wollen
209 2897 811 2955 nicht die meinigen. Deshalb läßt
816 2899 1805 2988 wir doch hoffen, daß es in seinem poctischen Schaffen
208 2925 806 2995 he Ausgang ganz kalt. Ich sage
199 2961 1598 3047 desmäßig: ein so tolles Experiment! nur eine Episode, nur Zwischenspiel bleibe.
1601 2977 1833 3081 0 —
2709 1528 3111 1603 Talephon 12801.
2211 1624 2925 1753 „OBSERVER‘
2029 1738 3146 1798 I. österr. behördl. konz. Unternehmen für Zeitungs-Ausschnitt.
2215 1789 2965 1881 Wien, I., Concordiaplatz 4.
2449 1861 2750 1924 Vertretungen
2038 1887 3141 1967 in Berlin, Budapest, Chicago, Christiania, Genf, Kopenhagen,
2038 1948 3152 2028 Lonuon, Madrid, Mailand, Minneapolis, New-York, Paris, Rom,
2203 1995 2975 2047 San Francisco, Stockholm, St. Petersburg.
2393 2030 2812 2104 (Quallenangabe ohne Gewähr.)
2043 2111 2469 2196 Ausschnitt aus:
2387 2142 3042 2280 Thester-Courier, Berlin
2043 2234 2520 2329 B
3003 2383 3165 2461 1
2105 2397 3252 2500 Im Lessing=Theater konnte es Arthur Schnitzlers
2008 2470 3297 2578 elegantes, geistglitzerndes Dialogstück „Zwischenspiel“ zu keinem—
2017 2539 3242 2611 Erfolge bringen. Das Publikum, daß sich zum Teil voll an
2008 2570 3231 2647 die Bezeichnung Komödie hielt, verhielt sich hilflos den ernsten
2020 2623 3235 2708 Szenen gegenüber. Es wartete immer darauf, daß — wie
2009 2668 3240 2760 so oft in diesem Werk — dem Ernst durch ein schlagendes
2013 2716 3234 2805 Bonmot die Spitze abgebrochen wurde und lachtesschon im
2006 2780 3225 2869 vorhinein. Die Regie nahm das „Zwischenspiel“ selbst
1998 2833 3226 2907 vielleicht zu ernst, ließ nicht den Geist genügeno=kriumphieren
2004 2875 3221 2958 und hängte ihm noch zu viel Erdenschwere an. Wenn jenes
1999 2910 3222 3000 Wort seine Gültigkeit behält, daß die Bühne die Stätte starker
1996 2961 3223 3042 Spannungen sei, dann hat des feinen Schnitzlers feine Komödie
1992 3024 3227 3103 auf dem Theater sicher keine Existenzberechtigung Sie ist zu sehr
1992 3066 3212 3145 auf den Geist gestelt und wird nur da wirken, wo wirklich
1988 3109 3223 3202 geistreich Leute sich wirklich geistvoll unterhalten und ein tiefes
1988 3161 3171 3244 PProblem von der ästhetischen Seite angefaßt sehen wollen.
2808 3234 3182 3291 Hermann Salander.
