3532 4256
1310 171 1787 279 box 25/5
238 200 1182 310 20. Zuischenspiel
1921 1326 2746 1402 — 0.— ———
1660 1344 3378 1478 zwischen diesem Dokumente und den hochtrabenden Er= weil man es versuchte,
689 1395 1477 1485 Oestlicher Kriegsschauplatz.
2882 1416 3382 1498 zur Ruhe kommen zu la
532 1445 1647 1539 Front des Prinzen Leopold von Bayern.
559 1432 2887 1564 Bei Brody, an der Bahn Zloczow—Tarnopol und klärungen des Herrn Miljukow klafst ein schreiender Wider¬
2894 1476 3388 1558 weiter fortführen, um in
1677 1486 2897 1592 spruch. Es ist schon auffallend, daß die Lage Rußlands
450 1537 1605 1647 beiderseits des Dyjestr rege russische Feuertätigkeit.
1681 1524 3385 1644 mit einer geradezu verblüffenden Offenheit geschildert, daß Die Ideen aber, welche
569 1574 1683 1649 An der Front des Generalobersten Erzherzogs Josef und
1667 1581 3389 1697 die Anarchie im Transporte und Verpflegswesen zugegeben in jüngster Zeit zum ###
458 1624 1685 1709 bei der Heeresgruppe des Generalseldmarschalls v. Mackeusen
1897 1655 3392 1755 selbstverständlich infolge des Verschuldens der mehr im schroffsten
463 1685 1044 1766 keine wesentlichen Ereignisse.
654 1678 1826 1777 Der Erste Generalquartiermeister: Ludendorff.“wird
1676 1751 3381 1859 werden brauchte und doch von allen befolgt wurde. Ein fest= die Regie von innen na
1681 1801 3387 1904 lich gekleidetes Haus bereitete den Wiener Gästen einen fest¬ Das ist seine Besonder
2896 1851 3390 1928 alle deutschen Bühnen
1355 1854 1620 1969 mch
1665 1860 2908 1954 lichen Empfang. Die Zurückhaltung, mit der der Schweizer
3000 1889 3400 1963 Jeder Schauspiel
828 1834 1359 1992 Feuilleion.
1667 1921 2912 1997 alles Fremde aufnimmt — er ist nichts weniger als ein
2897 1940 3388 2015 sich mit dem Geist des
1688 1960 2912 2048 Enthusiast und seine Begeisterung ist schwer in Brand zu
1697 1981 3399 2105 setzen — wich sehr schnell einer rückhaltlosen Bewunderung. ihm ringen, darf ihmn
470 1925 1700 2123 Das Wiener Burgtheater in der Schweiz.
1701 2039 3393 2153 Man sprach in Zürich in diesen Gastspieltagen von nichts ihm vermählen. Auch
586 2078 1701 2189 Eine Gastspielfahrt des Wiener Burgtheaters ist ein
1694 2081 3385 2195 anderem als vom Wiener Burgtheater. Es beherrschte das svieler, die es jemals
1702 2144 3399 2242 öffentliche Interesse trotz der schweren Konkurrenz, die just Kainz, sind diesen Bul
474 2145 1701 2218 Novum in seiner Geschichte. Die Reiselust stak freilich seinen
475 2197 1706 2283 Mitgliedern immer im Blute. Die Größen des Burgtheaters
1701 2179 3403 2289 in denselben Tagen die politischen Nachrichten aus Ost und Formeln für ihn find
1698 2231 3404 2340 West ihm bereiteten. Natürlich lag es den Zürchern nahe, sierte Natürlichkeit uswe
463 2235 1702 2333 waren gerne gesehene Gäste in der ganzen Theaterwelt und
1706 2281 3386 2387 Vergleiche zu ziehen. Reinbardt mit seinen Leuten war ja theaters ist nicht zu fas
479 2299 1706 2395 zwar nicht nur einzeln, sondern auch in kleineren und
2917 2337 3401 2394 zu verstehen. Man muß
483 2337 1713 2431 größeren Verbänden. Wo immer es Meister= und Muster¬
1707 2342 2923 2431 vor kurzem hier gewesen. Aber nicht nur für die Zürcher,
2908 2379 3414 2449 Und wenn man ihm in
489 2384 1704 2475 spiele auf den Brettern gab, waren die Burgtheaterleute da¬
1704 2389 2927 2479 sondern auch für alle Kunstfreunde war dieser Vergleich
2918 2422 3412 2489 dann fühlt man seine
479 2435 1702 2522 bei. Aber bei all diesen Nah= und Fernfahrten handelte es
1707 2430 2929 2528 äußerst lehrreich. Reinhardt spielt heute im Theaterleben die
2922 2468 3413 2558 erkennt man stannend d
474 2472 1705 2590 sich um Einzelunternehmungen und niemals noch hat sich das
1704 2471 2928 2575 Rolle eines hinreißend genialen Dirigenten. Man wäre ver¬
3008 2515 3412 2588 Die Wahl der S
481 2525 1715 2619 „k. k. Hofburgtheater“ aus Wien hinwegbegeben. Zum
1710 2540 2926 2625 sucht, ihn mit Strauß und Nikisch in einem Atem zu nennen
2923 2548 3410 2641 Reisen ging, und ihr
481 2574 1715 2682 Burgtheater aber gehört auch seine Ausstattung, gehören
1717 2585 2922 2671 So vortreffliche Künstlerr sein Ensemble auch aufweist, keiner
2920 2607 3409 2679 Zwei überragende sch
484 2632 1714 2715 nicht nur die Träger erster Rollen, sondern auch die Dar¬
1715 2631 2921 2719 vermag den Regisseur zu verdunkeln. Der Regisseur könnte
492 2668 1719 2768 steller für zweite, dritte und letzte Rollen — mit einem Wort,
1710 2645 3415 2763 auch allein auf Reisen gehen und es würde ihm gelingen, in Gastspiel begonnen und
491 2720 1724 2808 zum Burgtheater gehört die Luft, in der es in Wien atnct.
1708 2706 3424 2817 jeder fremden Stadt, in jedem fremden Ensemble, wenn man die Medelsky im „We#
487 2775 1717 2855 Diese Luft aber hängt in den Kulissen, steckt in den Möbeln,
1716 2754 3416 2861 ihm nur genügend Zeit ließe, eine Vorstellung des Deutschen der Spielplan zu Hofn
494 2823 1188 2907 heiligt sozusagen jedes Requisit.
607 2795 3424 2949 Und nun ist das Wunder geschehen. Das Burgtheater Theaters zu geben, denn das Deutsche Theater, der Geist des herr und Salten. Alt
489 2912 3409 2990 kam mit Sack und Pack nach Zürich. Das ist ein Ereignis in Deutschen Theaters ist er selbst. Der eigentliche Regisseur der wart, ein Bild des g
494 2893 3419 3033 der Theatergeschichte und wurde denn auch hier als künstleri= Burg aber ist die Tradition. Ist der Geist, den, von einem wie es ist. Die stärkste
2925 2945 3409 3023 entschieden am letzten
2936 2986 3420 3068 vielleicht die beste Vorst
495 2963 2939 3087 sches und gesellschaftliches Ereignis gewertet. Die vier Gast= im Burgtheater groß gewordenen Ensemble auf das andere
1719 3012 2932 3103 übergehend, die Ueberlieferung des Hauses beseelt. Dieser
489 3056 1733 3138 vorstellungen, die das Burgtheater in Zürich gab, trugen den
1719 3036 3422 3140 Geist kann nicht allein auf Gastspielfahrten gehen. Er war es, einer deutschen Bühne
498 3103 1732 3188 für Zürich etwas ungewohnten Charakter eines Théätre
501 3139 3425 3236 paré und diese Parole war im Publikum selbst ausgegeben der hier in Zürich einen in der Zürcher Theatergeschichte schwächsten wirkte „To#
495 3147 3432 3305 worden, eine heimuiche Parole, die nicht laut verkündet zu wohl beispiellosen Triumph errang. Im Burgtheater wirkt Grund, warum diese 2
