<?xml version="1.0" encoding="UTF-8" standalone="yes"?>
<PcGts xmlns="http://schema.primaresearch.org/PAGE/gts/pagecontent/2013-07-15" xmlns:xsi="http://www.w3.org/2001/XMLSchema-instance" xsi:schemaLocation="http://schema.primaresearch.org/PAGE/gts/pagecontent/2013-07-15 http://schema.primaresearch.org/PAGE/gts/pagecontent/2013-07-15/pagecontent.xsd">
    <Metadata>
        <Creator>prov=University of Rostock/Institute of Mathematics/CITlab/Gundram Leifert/gundram.leifert@uni-rostock.de:name=ONB_Newseye_GT_M1+(htr_id=10810)::::v=2.4.2
prov=University of Rostock/Institute of Mathematics/CITlab/Tobias Gruening/tobias.gruening@uni-rostock.de:name=de.uros.citlab.module.baseline2polygon.B2PSeamMultiOriented:v=2.4.2
prov=University of Rostock/Institute of Mathematics/CITlab/Tobias Gruening/tobias.gruening@uni-rostock.de:name=/mnt/transkribus/LA/DEA/URO/LA_news_onb_att.pb:de.uros.citlab.segmentation.CITlab_LA_ML:v=2.4.2
Transkribus</Creator>
        <Created>2019-10-07T11:20:31.250+02:00</Created>
        <LastChange>2019-10-08T05:54:44.508+02:00</LastChange>
        <TranskribusMetadata docId="223968" pageId="9497556" pageNr="269" tsid="16503891" status="IN_PROGRESS" userId="40391" imgUrl="https://files.transkribus.eu/Get?id=BATUUIOAFLEAEWGYQGAHZGOO&amp;fileType=view" xmlUrl="https://files.transkribus.eu/Get?id=HTCMWXHDDWLIHPZCKIBUCALG" imageId="6187783"/>
    </Metadata>
    <Page imageFilename="223968_0269.jpeg" imageWidth="3436" imageHeight="4352">
        <ReadingOrder>
            <OrderedGroup id="ro_1711439690038" caption="Regions reading order">
                <RegionRefIndexed index="0" regionRef="r1"/>
                <RegionRefIndexed index="1" regionRef="r2"/>
            </OrderedGroup>
        </ReadingOrder>
        <TextRegion orientation="0.0" id="r1" custom="readingOrder {index:0;}">
            <Coords points="256,158 256,3526 1756,3526 1756,158"/>
            <TextLine id="r1l1" custom="readingOrder {index:0;}">
                <Coords points="1322,192 1357,215 1405,209 1447,229 1503,200 1582,230 1637,216 1662,227 1685,209 1722,217 1724,145 1662,157 1566,144 1540,166 1496,171 1388,156 1356,138 1324,146"/>
                <Baseline points="1331,198 1356,198 1381,198 1407,200 1432,201 1458,202 1483,204 1509,204 1534,206 1560,206 1585,207 1611,208 1636,208 1662,207 1687,206 1713,205"/>
                <TextEquiv>
                    <Unicode>box 25/</Unicode>
                </TextEquiv>
            </TextLine>
            <TextLine id="r1l2" custom="readingOrder {index:1;}">
                <Coords points="247,209 381,189 578,236 1146,230 1149,147 747,136 687,161 520,125 427,175 351,132 248,146"/>
                <Baseline points="256,184 300,189 344,193 388,196 432,199 476,202 520,204 564,206 608,207 652,209 697,210 741,211 785,212 829,212 873,213 917,213 961,213 1005,213 1049,214 1093,214 1138,214"/>
                <TextEquiv>
                    <Unicode>20. Zuischenspiel</Unicode>
                </TextEquiv>
            </TextLine>
            <TextLine id="r1l3" custom="readingOrder {index:2;}">
                <Coords points="491,537 575,553 864,550 865,482 826,492 785,477 728,490 679,468 553,479 492,463"/>
                <Baseline points="500,513 525,516 550,518 576,520 601,521 627,522 652,522 678,522 703,522 728,522 754,522 779,522 805,523 830,523 856,525"/>
                <TextEquiv>
                    <Unicode>Telephon 12801.</Unicode>
                </TextEquiv>
            </TextLine>
            <TextLine id="r1l4" custom="readingOrder {index:3;}">
                <Coords points="1298,635 1314,636 1333,617 1351,624 1356,621 1371,629 1410,616 1408,580 1398,579 1382,564 1372,568 1343,547 1326,554 1311,551 1304,557 1296,557"/>
                <Baseline points="1307,617 1338,614 1369,611 1401,615"/>
                <TextEquiv>
                    <Unicode>55</Unicode>
                </TextEquiv>
            </TextLine>
            <TextLine id="r1l5" custom="readingOrder {index:4;}">
                <Coords points="676,682 906,657 1103,687 1132,666 1357,679 1367,620 1301,645 1252,605 1181,631 1153,604 1131,626 1094,602 1040,633 969,615 918,633 870,596 831,625 786,612 676,640"/>
                <Baseline points="685,671 718,667 752,664 786,661 819,659 853,658 887,656 920,656 954,656 988,656 1022,656 1055,657 1089,657 1123,658 1156,659 1190,659 1224,660 1257,661 1291,661 1325,661 1359,661"/>
                <TextEquiv>
                    <Unicode>„OBSENVEN</Unicode>
                </TextEquiv>
            </TextLine>
            <TextLine id="r1l6" custom="readingOrder {index:5;}">
                <Coords points="480,725 1604,733 1604,694 1497,682 480,682"/>
                <Baseline points="488,716 543,717 598,718 654,719 709,720 765,720 820,721 875,722 931,723 986,723 1042,724 1097,724 1152,725 1208,725 1263,725 1319,726 1374,726 1429,726 1485,726 1540,726 1596,726"/>
                <TextEquiv>
                    <Unicode>I. österr. behördl. konz. Unternehmen für Zeilungs-Ausschnitte</Unicode>
                </TextEquiv>
            </TextLine>
            <TextLine id="r1l7" custom="readingOrder {index:6;}">
                <Coords points="691,798 1158,805 1217,827 1282,798 1389,809 1422,768 1332,732 1136,736 1067,763 981,727 862,760 805,730 691,740"/>
                <Baseline points="700,785 735,785 771,786 806,787 842,788 878,789 913,789 949,790 984,791 1020,792 1056,793 1091,793 1127,794 1162,794 1198,795 1234,795 1269,795 1305,794 1340,794 1376,793 1412,792"/>
                <TextEquiv>
                    <Unicode>Wien, I., Concordiaplatz 4.</Unicode>
                </TextEquiv>
            </TextLine>
            <TextLine id="r1l8" custom="readingOrder {index:7;}">
                <Coords points="898,850 971,854 988,865 1034,852 1095,852 1124,863 1149,851 1169,862 1190,845 1207,847 1207,832 1185,830 1162,807 1095,815 1065,801 1045,801 1033,813 899,802"/>
                <Baseline points="907,842 933,842 960,842 986,842 1013,842 1039,842 1066,842 1092,843 1119,843 1145,844 1172,845 1199,846"/>
                <TextEquiv>
                    <Unicode>Verfretungen</Unicode>
                </TextEquiv>
            </TextLine>
            <TextLine id="r1l9" custom="readingOrder {index:8;}">
                <Coords points="487,893 1594,914 1594,856 488,846"/>
                <Baseline points="496,883 550,884 605,886 659,887 714,887 768,888 823,889 877,889 932,890 986,890 1041,890 1095,890 1150,891 1204,891 1259,891 1313,891 1368,891 1422,891 1477,891 1531,892 1586,892"/>
                <TextEquiv>
                    <Unicode>in Berlin, Budapest, Chicago, Christiania, Genf, Kopenhagen,</Unicode>
                </TextEquiv>
            </TextLine>
            <TextLine id="r1l10" custom="readingOrder {index:9;}">
                <Coords points="483,936 1608,948 1578,907 1437,897 483,904"/>
                <Baseline points="492,922 547,923 602,924 658,925 713,926 769,926 824,927 879,927 935,927 990,928 1046,928 1101,928 1156,928 1212,929 1267,929 1323,929 1378,930 1433,930 1489,931 1544,932 1600,933"/>
                <TextEquiv>
                    <Unicode>London, Madrid, Mailand, Minneapolis, New-York, Paris, Rom,</Unicode>
                </TextEquiv>
            </TextLine>
            <TextLine id="r1l11" custom="readingOrder {index:10;}">
                <Coords points="670,981 1428,979 1428,943 1337,935 671,932"/>
                <Baseline points="678,961 715,962 752,962 789,963 826,963 863,964 900,964 937,964 974,965 1011,965 1049,965 1086,966 1123,966 1160,967 1197,968 1234,969 1271,970 1308,971 1345,973 1382,974 1420,976"/>
                <TextEquiv>
                    <Unicode>San Francisco, Stockholm, St. Petersburg.</Unicode>
                </TextEquiv>
            </TextLine>
            <TextLine id="r1l12" custom="readingOrder {index:11;}">
                <Coords points="836,1013 992,1032 1041,1016 1061,1031 1222,1040 1261,1032 1262,985 886,971 836,984"/>
                <Baseline points="844,1003 869,1002 895,1002 920,1002 946,1002 971,1002 997,1002 1022,1003 1048,1003 1074,1004 1099,1005 1125,1005 1150,1006 1176,1006 1201,1006 1227,1006 1253,1006"/>
                <TextEquiv>
                    <Unicode>(Quellenangabe ohme Gewühr.)</Unicode>
                </TextEquiv>
            </TextLine>
            <TextLine id="r1l13" custom="readingOrder {index:12;}">
                <Coords points="487,1110 527,1102 580,1123 617,1105 675,1101 768,1119 831,1115 856,1093 882,1094 882,1060 864,1065 813,1043 769,1065 738,1041 674,1067 657,1055 577,1061 488,1041"/>
                <Baseline points="496,1091 521,1092 546,1093 571,1094 596,1095 621,1096 646,1096 671,1097 697,1097 722,1097 747,1097 772,1097 797,1097 822,1097 847,1097 873,1096"/>
                <TextEquiv>
                    <Unicode>Ausschnitt aus:</Unicode>
                </TextEquiv>
            </TextLine>
            <TextLine id="r1l14" custom="readingOrder {index:13;}">
                <Coords points="848,1171 1011,1150 1091,1175 1200,1148 1278,1184 1348,1149 1388,1172 1422,1139 1601,1155 1599,1082 1570,1069 1432,1071 1404,1099 1249,1076 846,1095"/>
                <Baseline points="857,1163 893,1160 930,1157 967,1154 1003,1152 1040,1151 1077,1149 1113,1148 1150,1148 1187,1147 1224,1146 1260,1146 1297,1145 1334,1145 1370,1145 1407,1144 1444,1143 1480,1142 1517,1141 1554,1139 1591,1137"/>
                <TextEquiv>
                    <Unicode>Mugra Antologia, Rom</Unicode>
                </TextEquiv>
            </TextLine>
            <TextLine id="r1l15" custom="readingOrder {index:14;}">
                <Coords points="485,1207 539,1195 629,1202 678,1183 909,1192 907,1164 859,1138 801,1129 737,1143 686,1130 648,1153 578,1141 484,1172"/>
                <Baseline points="493,1190 518,1193 543,1193 569,1194 594,1194 619,1193 645,1192 670,1190 696,1188 721,1186 746,1184 772,1182 797,1182 822,1181 848,1181 873,1182 899,1183"/>
                <TextEquiv>
                    <Unicode>vom: 16. 12. 19.</Unicode>
                </TextEquiv>
            </TextLine>
            <TextLine id="r1l16" custom="readingOrder {index:15;}">
                <Coords points="967,1312 979,1310 986,1316 1005,1311 1015,1315 1113,1312 1112,1261 1056,1261 1034,1269 1000,1256 985,1269 966,1269"/>
                <Baseline points="975,1283 1000,1283 1026,1282 1051,1280 1077,1279 1103,1281"/>
                <TextEquiv>
                    <Unicode>—</Unicode>
                </TextEquiv>
            </TextLine>
            <TextLine id="r1l17" custom="readingOrder {index:16;}">
                <Coords points="262,1309 335,1330 417,1310 471,1328 698,1313 871,1327 858,1270 829,1286 607,1273 569,1288 546,1272 466,1290 348,1247 263,1260"/>
                <Baseline points="271,1308 300,1309 330,1310 359,1310 389,1311 419,1311 448,1312 478,1312 507,1312 537,1312 567,1313 596,1313 626,1313 655,1313 685,1313 715,1313 744,1313 774,1313 803,1314 833,1314 863,1314"/>
                <TextEquiv>
                    <Unicode>Leldblung Thentel u. Derins</Unicode>
                </TextEquiv>
            </TextLine>
            <TextLine id="r1l18" custom="readingOrder {index:17;}">
                <Coords points="392,1358 1739,1394 1765,1345 392,1321"/>
                <Baseline points="401,1345 468,1346 536,1348 604,1350 672,1351 739,1352 807,1353 875,1355 943,1356 1010,1357 1078,1358 1146,1359 1214,1360 1281,1362 1349,1363 1417,1364 1485,1365 1552,1367 1620,1369 1688,1370 1756,1371"/>
                <TextEquiv>
                    <Unicode>Un contrastato süccesso ha ottenuto al essiny Teuter ln nuova com¬</Unicode>
                </TextEquiv>
            </TextLine>
            <TextLine id="r1l19" custom="readingOrder {index:18;}">
                <Coords points="266,1391 872,1432 993,1386 993,1364 909,1358 266,1357"/>
                <Baseline points="275,1384 310,1384 345,1385 381,1386 416,1387 452,1388 487,1389 523,1391 558,1392 594,1393 629,1394 664,1395 700,1396 735,1396 771,1396 806,1396 842,1395 877,1395 913,1393 948,1391 984,1389"/>
                <TextEquiv>
                    <Unicode>medin di Annz Schnitler: Srischent</Unicode>
                </TextEquiv>
            </TextLine>
            <TextLine id="r1l20" custom="readingOrder {index:19;}">
                <Coords points="931,1431 987,1440 1078,1427 1110,1449 1215,1429 1238,1448 1319,1449 1342,1444 1346,1385 1239,1383 1140,1407 1040,1360 1007,1361 971,1391 934,1389"/>
                <Baseline points="942,1403 968,1404 994,1406 1020,1409 1046,1411 1072,1414 1098,1417 1124,1420 1151,1422 1177,1424 1203,1426 1229,1427 1255,1427 1281,1426 1307,1424 1334,1420"/>
                <TextEquiv>
                    <Unicode>W</Unicode>
                </TextEquiv>
            </TextLine>
            <TextLine id="r1l21" custom="readingOrder {index:20;}">
                <Coords points="1172,2464 1246,2443 1309,2459 1339,2441 1409,2464 1462,2464 1478,2449 1540,2458 1593,2439 1592,2370 1524,2361 1484,2384 1443,2366 1409,2386 1360,2366 1321,2389 1221,2381 1170,2393"/>
                <Baseline points="1179,2437 1204,2437 1229,2438 1255,2438 1280,2438 1305,2438 1331,2438 1356,2438 1382,2437 1407,2437 1432,2436 1458,2435 1483,2434 1508,2433 1534,2431 1559,2430 1585,2427"/>
                <TextEquiv>
                    <Unicode>Zeitungs-Ausschnitto</Unicode>
                </TextEquiv>
            </TextLine>
            <TextLine id="r1l22" custom="readingOrder {index:21;}">
                <Coords points="538,2459 604,2448 715,2485 779,2469 802,2446 845,2463 873,2448 894,2468 994,2461 1014,2453 1011,2379 875,2403 854,2386 670,2380 611,2416 537,2431"/>
                <Baseline points="547,2459 572,2456 597,2453 623,2450 648,2449 674,2447 699,2446 725,2445 750,2444 776,2443 801,2442 826,2442 852,2441 877,2441 903,2440 928,2440 954,2440 979,2439 1005,2438"/>
                <TextEquiv>
                    <Unicode>a Weigls Unternehm</Unicode>
                </TextEquiv>
            </TextLine>
            <TextLine id="r1l23" custom="readingOrder {index:22;}">
                <Coords points="665,2587 716,2589 797,2559 847,2588 905,2569 955,2593 1052,2584 1127,2550 1178,2562 1175,2465 1051,2457 1019,2474 927,2456 823,2482 775,2468 705,2516 663,2516"/>
                <Baseline points="674,2572 700,2565 726,2561 752,2557 778,2554 804,2551 830,2550 856,2549 882,2548 908,2548 935,2548 961,2548 987,2549 1013,2549 1039,2549 1065,2549 1091,2549 1117,2548 1143,2546 1170,2544"/>
                <TextEquiv>
                    <Unicode>„OBSERU</Unicode>
                </TextEquiv>
            </TextLine>
            <TextLine id="r1l24" custom="readingOrder {index:23;}">
                <Coords points="474,2638 1603,2632 1579,2577 474,2575"/>
                <Baseline points="483,2629 538,2630 594,2630 649,2630 705,2630 761,2631 816,2631 872,2631 927,2631 983,2630 1039,2630 1094,2630 1150,2629 1205,2628 1261,2627 1317,2626 1372,2625 1428,2623 1483,2621 1539,2620 1595,2617"/>
                <TextEquiv>
                    <Unicode>L. österr. behördl. konz. Burean für Zeitungsberichte u. Personalnachrichten</Unicode>
                </TextEquiv>
            </TextLine>
            <TextLine id="r1l25" custom="readingOrder {index:24;}">
                <Coords points="667,2711 1435,2707 1435,2651 1352,2665 1288,2633 1052,2663 1016,2642 837,2664 667,2645"/>
                <Baseline points="675,2692 712,2694 750,2695 787,2696 825,2697 863,2697 900,2697 938,2698 975,2698 1013,2698 1051,2697 1088,2697 1126,2697 1163,2697 1201,2697 1239,2697 1276,2696 1314,2696 1351,2696 1389,2696 1427,2697"/>
                <TextEquiv>
                    <Unicode>Wien, I., Concordiaplatz 4.</Unicode>
                </TextEquiv>
            </TextLine>
            <TextLine id="r1l26" custom="readingOrder {index:25;}">
                <Coords points="891,2752 927,2763 952,2756 986,2772 1040,2759 1057,2772 1093,2775 1198,2750 1199,2713 1172,2707 1156,2719 1105,2706 1075,2723 1032,2724 977,2701 951,2714 892,2717"/>
                <Baseline points="900,2754 926,2754 952,2754 979,2755 1005,2756 1031,2756 1058,2757 1084,2757 1110,2758 1137,2758 1163,2757 1190,2756"/>
                <TextEquiv>
                    <Unicode>Vertretungen</Unicode>
                </TextEquiv>
            </TextLine>
            <TextLine id="r1l27" custom="readingOrder {index:26;}">
                <Coords points="494,2816 1613,2798 1612,2759 1524,2732 1153,2777 494,2757"/>
                <Baseline points="502,2802 557,2803 612,2803 667,2803 722,2804 777,2804 832,2804 888,2803 943,2803 998,2803 1053,2802 1108,2802 1163,2801 1218,2801 1274,2800 1329,2800 1384,2799 1439,2799 1494,2798 1549,2798 1605,2798"/>
                <TextEquiv>
                    <Unicode>in Berlin, Budapest, Chicago, Genf, London, New-York,</Unicode>
                </TextEquiv>
            </TextLine>
            <TextLine id="r1l28" custom="readingOrder {index:27;}">
                <Coords points="479,2853 1542,2866 1610,2815 915,2800 479,2833"/>
                <Baseline points="487,2843 542,2842 598,2841 654,2841 710,2841 765,2841 821,2841 877,2841 933,2841 988,2841 1044,2841 1100,2842 1156,2842 1211,2842 1267,2842 1323,2841 1379,2841 1434,2840 1490,2839 1546,2838 1602,2836"/>
                <TextEquiv>
                    <Unicode>Paris, Rom, Mailand, Stockholm, Christiania, St. Petersburg.</Unicode>
                </TextEquiv>
            </TextLine>
            <TextLine id="r1l29" custom="readingOrder {index:28;}">
                <Coords points="756,2890 797,2910 892,2899 928,2925 1055,2892 1180,2896 1241,2921 1319,2897 1307,2846 994,2863 756,2851"/>
                <Baseline points="765,2895 792,2894 819,2893 846,2893 874,2892 901,2892 928,2891 956,2891 983,2890 1010,2890 1038,2890 1065,2890 1092,2890 1119,2890 1147,2890 1174,2890 1201,2890 1229,2890 1256,2890 1283,2891 1311,2891"/>
                <TextEquiv>
                    <Unicode>(Quellenangabe ohne Gewähr.)</Unicode>
                </TextEquiv>
            </TextLine>
            <TextLine id="r1l30" custom="readingOrder {index:29;}">
                <Coords points="479,2999 1581,3026 1655,3013 1656,2964 480,2952"/>
                <Baseline points="487,3000 545,2997 603,2994 661,2993 719,2993 777,2993 835,2994 893,2995 951,2997 1009,2999 1067,3001 1125,3004 1183,3005 1241,3007 1299,3008 1357,3009 1415,3009 1473,3009 1531,3007 1589,3005 1647,3000"/>
                <TextEquiv>
                    <Unicode>Ausschnitt amltgemeine Rundschau, München</Unicode>
                </TextEquiv>
            </TextLine>
            <TextLine id="r1l31" custom="readingOrder {index:30;}">
                <Coords points="497,3102 623,3114 702,3081 757,3108 777,3096 977,3109 1007,3103 1007,3041 932,3033 803,3053 759,3040 719,3067 666,3048 597,3065 497,3058"/>
                <Baseline points="505,3100 531,3101 557,3102 583,3102 609,3102 635,3101 661,3100 687,3100 713,3098 739,3097 765,3096 791,3096 817,3095 843,3095 869,3095 895,3095 921,3096 947,3098 973,3100 999,3104"/>
                <TextEquiv>
                    <Unicode>vom: 30. 12. 1905</Unicode>
                </TextEquiv>
            </TextLine>
            <TextLine id="r1l32" custom="readingOrder {index:31;}">
                <Coords points="496,3165 1666,3192 1666,3136 1543,3121 497,3116"/>
                <Baseline points="505,3165 562,3166 620,3166 677,3167 735,3168 793,3168 850,3169 908,3169 965,3169 1023,3169 1081,3169 1138,3170 1196,3170 1253,3170 1311,3171 1369,3171 1426,3172 1484,3172 1541,3173 1599,3174 1657,3176"/>
                <TextEquiv>
                    <Unicode>Siie Aelite Miamage für die Berliner Kritit war die Auf.</Unicode>
                </TextEquiv>
            </TextLine>
            <TextLine id="r1l33" custom="readingOrder {index:32;}">
                <Coords points="395,3209 703,3239 778,3209 1000,3239 1651,3216 1485,3170 395,3173"/>
                <Baseline points="404,3213 469,3214 534,3214 599,3215 664,3215 730,3216 795,3216 860,3216 925,3216 990,3217 1056,3217 1121,3217 1186,3217 1251,3218 1316,3218 1382,3218 1447,3219 1512,3219 1577,3219 1643,3220"/>
                <TextEquiv>
                    <Unicode>nahme von Arthur Schnitzlers „Zwischenspiel“ im Lustspiel¬</Unicode>
                </TextEquiv>
            </TextLine>
            <TextLine id="r1l34" custom="readingOrder {index:33;}">
                <Coords points="400,3261 1660,3281 1626,3219 400,3208"/>
                <Baseline points="408,3259 470,3258 532,3258 594,3258 656,3258 718,3258 780,3258 843,3258 905,3258 967,3258 1029,3259 1091,3259 1153,3259 1215,3260 1278,3260 1340,3260 1402,3260 1464,3261 1526,3261 1588,3261 1651,3262"/>
                <TextEquiv>
                    <Unicode>hause. Hinter dieser Kömödie, welche den chronischen Ehebruch</Unicode>
                </TextEquiv>
            </TextLine>
            <TextLine id="r1l35" custom="readingOrder {index:34;}">
                <Coords points="385,3309 1595,3322 1664,3266 385,3275"/>
                <Baseline points="393,3305 456,3303 519,3302 582,3302 645,3301 708,3301 771,3301 834,3301 897,3302 960,3302 1024,3303 1087,3303 1150,3304 1213,3305 1276,3305 1339,3306 1402,3306 1465,3307 1528,3307 1591,3307 1655,3307"/>
                <TextEquiv>
                    <Unicode>zweier blasierter Menschen mit mehr Behagen als Witz schildert,</Unicode>
                </TextEquiv>
            </TextLine>
            <TextLine id="r1l36" custom="readingOrder {index:35;}">
                <Coords points="395,3352 1658,3347 1529,3311 395,3313"/>
                <Baseline points="404,3345 466,3345 528,3345 590,3344 653,3344 715,3344 777,3344 840,3345 902,3345 964,3345 1027,3345 1089,3346 1151,3346 1213,3346 1276,3347 1338,3347 1400,3347 1463,3347 1525,3347 1587,3346 1650,3346"/>
                <TextEquiv>
                    <Unicode>suchte man wahrhaftig irgendwelche bisher noch nicht bekannte</Unicode>
                </TextEquiv>
            </TextLine>
            <TextLine id="r1l37" custom="readingOrder {index:36;}">
                <Coords points="393,3400 1653,3417 1682,3361 394,3350"/>
                <Baseline points="401,3386 464,3386 528,3386 591,3387 655,3387 719,3388 782,3388 846,3388 909,3389 973,3389 1037,3389 1100,3390 1164,3390 1227,3391 1291,3391 1355,3392 1418,3392 1482,3393 1545,3394 1609,3394 1673,3395"/>
                <TextEquiv>
                    <Unicode>psychologische Entdeckungen. Niemand hat den Mut, eine der¬</Unicode>
                </TextEquiv>
            </TextLine>
            <TextLine id="r1l38" custom="readingOrder {index:37;}">
                <Coords points="390,3427 1685,3459 1685,3386 1648,3384 390,3398"/>
                <Baseline points="399,3433 462,3433 526,3432 590,3432 654,3432 718,3432 782,3433 845,3433 909,3433 973,3434 1037,3434 1101,3435 1165,3435 1229,3435 1292,3436 1356,3436 1420,3436 1484,3436 1548,3436 1612,3436 1676,3435"/>
                <TextEquiv>
                    <Unicode>artige Verhöhnung der Ehe auch nur aus Gründen des bürger¬</Unicode>
                </TextEquiv>
            </TextLine>
            <TextLine id="r1l39" custom="readingOrder {index:38;}">
                <Coords points="397,3478 1031,3474 1441,3515 1441,3449 1399,3440 1211,3465 397,3441"/>
                <Baseline points="405,3471 456,3472 507,3474 559,3475 610,3476 662,3477 713,3478 764,3478 816,3479 867,3480 919,3480 970,3481 1021,3481 1073,3482 1124,3482 1176,3483 1227,3483 1278,3484 1330,3484 1381,3485 1433,3485"/>
                <TextEquiv>
                    <Unicode>lichen Anstandes abzulehnen. 0 tempora, o mores!</Unicode>
                </TextEquiv>
            </TextLine>
            <TextLine id="r1l40" custom="readingOrder {index:39;}">
                <Coords points="520,3533 537,3540 582,3528 634,3543 653,3527 704,3526 719,3515 786,3525 838,3513 837,3485 790,3492 781,3484 613,3482 574,3492 518,3478"/>
                <Baseline points="527,3516 552,3515 577,3514 602,3513 627,3512 652,3511 678,3510 703,3509 728,3508 753,3507 778,3506 803,3505 829,3505"/>
                <TextEquiv>
                    <Unicode>Im SSchillenel.</Unicode>
                </TextEquiv>
            </TextLine>
            <TextEquiv>
                <Unicode>box 25/
20. Zuischenspiel
Telephon 12801.
55
„OBSENVEN
I. österr. behördl. konz. Unternehmen für Zeilungs-Ausschnitte
Wien, I., Concordiaplatz 4.
Verfretungen
in Berlin, Budapest, Chicago, Christiania, Genf, Kopenhagen,
London, Madrid, Mailand, Minneapolis, New-York, Paris, Rom,
San Francisco, Stockholm, St. Petersburg.
(Quellenangabe ohme Gewühr.)
Ausschnitt aus:
Mugra Antologia, Rom
vom: 16. 12. 19.
—
Leldblung Thentel u. Derins
Un contrastato süccesso ha ottenuto al essiny Teuter ln nuova com¬
medin di Annz Schnitler: Srischent
W
Zeitungs-Ausschnitto
a Weigls Unternehm
„OBSERU
L. österr. behördl. konz. Burean für Zeitungsberichte u. Personalnachrichten
Wien, I., Concordiaplatz 4.
Vertretungen
in Berlin, Budapest, Chicago, Genf, London, New-York,
Paris, Rom, Mailand, Stockholm, Christiania, St. Petersburg.
(Quellenangabe ohne Gewähr.)
Ausschnitt amltgemeine Rundschau, München
vom: 30. 12. 1905
Siie Aelite Miamage für die Berliner Kritit war die Auf.
nahme von Arthur Schnitzlers „Zwischenspiel“ im Lustspiel¬
hause. Hinter dieser Kömödie, welche den chronischen Ehebruch
zweier blasierter Menschen mit mehr Behagen als Witz schildert,
suchte man wahrhaftig irgendwelche bisher noch nicht bekannte
psychologische Entdeckungen. Niemand hat den Mut, eine der¬
artige Verhöhnung der Ehe auch nur aus Gründen des bürger¬
lichen Anstandes abzulehnen. 0 tempora, o mores!
Im SSchillenel.</Unicode>
            </TextEquiv>
        </TextRegion>
        <TextRegion orientation="0.0" id="r2" custom="readingOrder {index:1;}">
            <Coords points="1995,514 1995,4041 3178,4041 3178,514"/>
            <TextLine id="r2l1" custom="readingOrder {index:0;}">
                <Coords points="2746,527 2783,546 2799,538 2834,549 3080,560 3112,558 3114,523 3027,504 2945,518 2885,494 2852,514 2747,503"/>
                <Baseline points="2754,536 2779,538 2804,540 2829,541 2854,543 2879,544 2904,544 2929,546 2954,547 2979,549 3004,550 3029,552 3054,554 3079,556 3104,558"/>
                <TextEquiv>
                    <Unicode>Telenhon 12801.</Unicode>
                </TextEquiv>
            </TextLine>
            <TextLine id="r2l2" custom="readingOrder {index:1;}">
                <Coords points="2931,640 2939,639 2946,632 2957,627 2968,633 2971,631 2975,633 2984,625 2993,624 2989,587 2973,592 2956,578 2949,580 2944,577 2926,581"/>
                <Baseline points="2939,633 2985,629"/>
                <TextEquiv>
                    <Unicode>„</Unicode>
                </TextEquiv>
            </TextLine>
            <TextLine id="r2l3" custom="readingOrder {index:2;}">
                <Coords points="2226,673 2759,664 2817,694 2927,694 2932,577 2601,574 2501,532 2449,563 2340,560 2227,627"/>
                <Baseline points="2234,662 2268,659 2302,657 2336,656 2371,655 2405,655 2439,655 2473,656 2508,657 2542,658 2576,660 2610,661 2645,664 2679,666 2713,669 2747,671 2782,672 2816,675 2850,677 2884,679 2919,681"/>
                <TextEquiv>
                    <Unicode>„OBSERVER‘</Unicode>
                </TextEquiv>
            </TextLine>
            <TextLine id="r2l4" custom="readingOrder {index:3;}">
                <Coords points="2031,708 3156,747 3157,703 3076,680 3014,706 2951,678 2032,673"/>
                <Baseline points="2039,702 2094,704 2149,706 2205,708 2260,710 2316,712 2371,713 2426,715 2482,717 2537,719 2593,720 2648,722 2703,723 2759,725 2814,726 2870,728 2925,729 2980,731 3036,733 3091,734 3147,736"/>
                <TextEquiv>
                    <Unicode> I. österr. behördl. konz. Unternehmen für Zeitungs-Ausschnitte</Unicode>
                </TextEquiv>
            </TextLine>
            <TextLine id="r2l5" custom="readingOrder {index:4;}">
                <Coords points="2230,770 2312,801 2411,785 2902,813 2973,771 2801,736 2231,731"/>
                <Baseline points="2238,771 2274,772 2310,775 2346,777 2383,778 2419,779 2455,780 2491,781 2528,783 2564,783 2600,784 2636,785 2673,786 2709,787 2745,788 2781,789 2818,790 2854,791 2890,793 2926,795 2963,796"/>
                <TextEquiv>
                    <Unicode>Wien, I., Concordiaplatz 4.</Unicode>
                </TextEquiv>
            </TextLine>
            <TextLine id="r2l6" custom="readingOrder {index:5;}">
                <Coords points="2442,834 2582,862 2603,851 2727,859 2757,853 2759,806 2728,813 2713,804 2702,813 2689,805 2662,817 2623,792 2582,813 2513,795 2484,803 2443,794"/>
                <Baseline points="2451,836 2478,836 2505,837 2532,837 2559,838 2586,839 2613,839 2640,840 2667,841 2694,842 2721,843 2749,844"/>
                <TextEquiv>
                    <Unicode>Verfrefungen</Unicode>
                </TextEquiv>
            </TextLine>
            <TextLine id="r2l7" custom="readingOrder {index:6;}">
                <Coords points="2036,876 3141,922 3142,883 2976,851 2522,861 2273,823 2037,848"/>
                <Baseline points="2044,872 2098,874 2152,876 2207,877 2261,879 2316,880 2370,882 2424,883 2479,885 2533,886 2588,887 2642,888 2696,890 2751,891 2805,893 2860,894 2914,896 2968,897 3023,900 3077,902 3132,904"/>
                <TextEquiv>
                    <Unicode>In Berlin, Budapest, Chicago, Christiania, Genf, Kopenhagen,</Unicode>
                </TextEquiv>
            </TextLine>
            <TextLine id="r2l8" custom="readingOrder {index:7;}">
                <Coords points="2031,912 2164,943 2811,934 3030,972 3139,960 3140,929 2032,871"/>
                <Baseline points="2040,911 2094,913 2149,915 2203,918 2258,919 2312,921 2367,922 2421,923 2476,924 2530,926 2585,927 2639,928 2694,929 2748,931 2803,932 2857,934 2912,936 2966,938 3021,940 3075,943 3130,946"/>
                <TextEquiv>
                    <Unicode>London, Madrid, Mailand, Minneapolis, New-York, Paris, Rom,</Unicode>
                </TextEquiv>
            </TextLine>
            <TextLine id="r2l9" custom="readingOrder {index:8;}">
                <Coords points="2201,954 2345,984 2506,967 2977,999 2980,955 2202,921"/>
                <Baseline points="2210,955 2248,956 2286,957 2324,958 2362,959 2400,959 2438,960 2476,961 2514,962 2552,964 2590,964 2628,966 2666,967 2704,968 2742,970 2780,971 2818,973 2856,974 2894,976 2932,978 2970,981"/>
                <TextEquiv>
                    <Unicode>San Francisco, Stockholm, St. Petersburg.</Unicode>
                </TextEquiv>
            </TextLine>
            <TextLine id="r2l10" custom="readingOrder {index:9;}">
                <Coords points="2371,1017 2495,1006 2568,1028 2595,1018 2630,1039 2659,1019 2756,1033 2804,1017 2804,978 2786,974 2372,974"/>
                <Baseline points="2380,1002 2406,1001 2432,1001 2458,1000 2484,1000 2510,1000 2536,1001 2562,1001 2588,1002 2614,1003 2640,1004 2666,1004 2692,1005 2718,1006 2744,1007 2770,1008 2796,1009"/>
                <TextEquiv>
                    <Unicode>(Quallenangabe ohne Gewähr.)</Unicode>
                </TextEquiv>
            </TextLine>
            <TextLine id="r2l11" custom="readingOrder {index:10;}">
                <Coords points="2027,1112 2729,1108 2882,1149 2985,1127 2987,1049 2757,1032 2710,1070 2651,1025 2544,1023 2332,1063 2029,1058"/>
                <Baseline points="2036,1087 2083,1088 2130,1089 2177,1091 2224,1092 2271,1094 2318,1096 2365,1098 2412,1100 2459,1102 2506,1104 2553,1106 2600,1108 2647,1110 2694,1112 2741,1113 2788,1115 2835,1116 2882,1116 2929,1117 2976,1117"/>
                <TextEquiv>
                    <Unicode>Ausschnitt aishe Times, London</Unicode>
                </TextEquiv>
            </TextLine>
            <TextLine id="r2l12" custom="readingOrder {index:11;}">
                <Coords points="2297,1195 2383,1191 2409,1199 2440,1196 2459,1181 2547,1199 2568,1189 2563,1114 2517,1128 2489,1114 2442,1155 2405,1130 2319,1136 2292,1127"/>
                <Baseline points="2305,1184 2330,1185 2355,1185 2381,1185 2406,1183 2432,1181 2457,1180 2482,1177 2508,1174 2533,1172 2559,1168"/>
                <TextEquiv>
                    <Unicode>* 2. 3bk</Unicode>
                </TextEquiv>
            </TextLine>
            <TextLine id="r2l13" custom="readingOrder {index:12;}">
                <Coords points="2042,1189 2080,1199 2169,1198 2183,1187 2220,1196 2223,1146 2211,1145 2180,1163 2135,1139 2106,1149 2081,1142 2045,1149"/>
                <Baseline points="2051,1186 2077,1188 2104,1189 2131,1190 2157,1191 2184,1194 2211,1200"/>
                <TextEquiv>
                    <Unicode>vom:</Unicode>
                </TextEquiv>
            </TextLine>
            <TextLine id="r2l14" custom="readingOrder {index:13;}">
                <Coords points="2037,1245 2051,1240 2057,1243 2063,1238 2095,1239 2110,1232 2124,1246 2130,1242 2135,1246 2142,1241 2166,1241 2166,1198 2071,1198 2068,1194 2054,1196 2038,1191"/>
                <Baseline points="2045,1227 2073,1228 2101,1229 2129,1229 2157,1227"/>
                <TextEquiv>
                    <Unicode>T</Unicode>
                </TextEquiv>
            </TextLine>
            <TextLine id="r2l15" custom="readingOrder {index:14;}">
                <Coords points="2049,1285 3118,1298 3169,1294 3169,1238 2771,1209 2652,1247 2049,1251"/>
                <Baseline points="2057,1274 2112,1274 2167,1273 2222,1273 2277,1273 2332,1273 2387,1272 2443,1272 2498,1272 2553,1272 2608,1271 2663,1271 2718,1271 2773,1271 2829,1272 2884,1272 2939,1272 2994,1273 3049,1274 3104,1275 3160,1276"/>
                <TextEquiv>
                    <Unicode>E. von Koyserling is better advised in his choicc of a</Unicode>
                </TextEquiv>
            </TextLine>
            <TextLine id="r2l16" custom="readingOrder {index:15;}">
                <Coords points="2018,1307 2239,1343 3169,1334 3152,1291 2971,1278 2018,1273"/>
                <Baseline points="2027,1320 2083,1320 2140,1321 2196,1321 2253,1321 2310,1321 2366,1321 2423,1320 2480,1320 2536,1320 2593,1319 2650,1319 2706,1319 2763,1318 2820,1318 2876,1318 2933,1318 2990,1318 3046,1318 3103,1318 3160,1318"/>
                <TextEquiv>
                    <Unicode>Tmodern perlod, the revolution of 1848, for bis Benignens,</Unicode>
                </TextEquiv>
            </TextLine>
            <TextLine id="r2l17" custom="readingOrder {index:16;}">
                <Coords points="2011,1366 2458,1395 3030,1367 3169,1399 3169,1333 2216,1347 2011,1310"/>
                <Baseline points="2019,1362 2076,1363 2133,1364 2190,1364 2247,1364 2304,1365 2361,1364 2418,1364 2475,1364 2532,1364 2590,1363 2647,1363 2704,1363 2761,1363 2818,1363 2875,1363 2932,1363 2989,1364 3046,1364 3103,1366 3161,1367"/>
                <TextEquiv>
                    <Unicode>Thrlehn.-Tho delieate workmanshin ef the niecn is as</Unicode>
                </TextEquiv>
            </TextLine>
            <TextLine id="r2l18" custom="readingOrder {index:17;}">
                <Coords points="2009,1417 3143,1435 3143,1384 3029,1367 2009,1388"/>
                <Baseline points="2017,1412 2072,1413 2128,1413 2184,1413 2240,1413 2296,1414 2352,1414 2407,1414 2463,1414 2519,1413 2575,1413 2631,1413 2687,1413 2743,1413 2798,1413 2854,1413 2910,1413 2966,1413 3022,1413 3078,1413 3134,1413"/>
                <TextEquiv>
                    <Unicode>exquisite as the book itself is slight in bulk. Nothing</Unicode>
                </TextEquiv>
            </TextLine>
            <TextLine id="r2l19" custom="readingOrder {index:18;}">
                <Coords points="1996,1458 2254,1486 3139,1459 3025,1416 1996,1430"/>
                <Baseline points="2004,1455 2060,1456 2116,1457 2172,1458 2229,1459 2285,1459 2341,1460 2398,1460 2454,1460 2510,1459 2567,1459 2623,1459 2679,1459 2735,1458 2792,1458 2848,1458 2904,1458 2961,1458 3017,1458 3073,1458 3130,1458"/>
                <TextEquiv>
                    <Unicode>less than classical perfection of strle is aimed at by</Unicode>
                </TextEquiv>
            </TextLine>
            <TextLine id="r2l20" custom="readingOrder {index:19;}">
                <Coords points="1994,1497 3155,1509 3155,1476 2977,1462 1994,1475"/>
                <Baseline points="2003,1502 2060,1503 2117,1503 2174,1504 2231,1504 2289,1504 2346,1505 2403,1505 2460,1505 2517,1505 2575,1505 2632,1505 2689,1505 2746,1505 2803,1505 2861,1505 2918,1504 2975,1504 3032,1504 3089,1504 3147,1504"/>
                <TextEquiv>
                    <Unicode>Keyserling. This two-aet comedy betrags on the first</Unicode>
                </TextEquiv>
            </TextLine>
            <TextLine id="r2l21" custom="readingOrder {index:20;}">
                <Coords points="1994,1549 3138,1563 3138,1522 3067,1508 1994,1515"/>
                <Baseline points="2003,1545 2059,1546 2115,1547 2172,1548 2228,1548 2284,1549 2341,1549 2397,1549 2453,1550 2510,1550 2566,1550 2622,1550 2679,1550 2735,1550 2791,1550 2848,1549 2904,1549 2960,1549 3017,1548 3073,1548 3130,1548"/>
                <TextEquiv>
                    <Unicode>reading that much study has gono to its composition.</Unicode>
                </TextEquiv>
            </TextLine>
            <TextLine id="r2l22" custom="readingOrder {index:21;}">
                <Coords points="2004,1615 3137,1603 3137,1557 3060,1552 2005,1551"/>
                <Baseline points="2013,1592 2068,1592 2124,1592 2180,1592 2236,1592 2292,1593 2347,1593 2403,1593 2459,1593 2515,1594 2571,1594 2626,1594 2682,1594 2738,1594 2794,1594 2850,1594 2905,1594 2961,1594 3017,1593 3073,1593 3129,1592"/>
                <TextEquiv>
                    <Unicode>Each sentence of the dialogue, nay, even of tho stage</Unicode>
                </TextEquiv>
            </TextLine>
            <TextLine id="r2l23" custom="readingOrder {index:22;}">
                <Coords points="2001,1633 3074,1653 3135,1644 3135,1604 2001,1616"/>
                <Baseline points="2009,1635 2064,1636 2120,1637 2176,1638 2232,1638 2288,1639 2344,1639 2399,1639 2455,1639 2511,1639 2567,1639 2623,1639 2679,1639 2735,1639 2790,1638 2846,1638 2902,1637 2958,1637 3014,1637 3070,1636 3126,1636"/>
                <TextEquiv>
                    <Unicode>directions, has been earefully thought out and polished.</Unicode>
                </TextEquiv>
            </TextLine>
            <TextLine id="r2l24" custom="readingOrder {index:23;}">
                <Coords points="1996,1690 2959,1704 3149,1674 3135,1645 2154,1662 1996,1631"/>
                <Baseline points="2005,1681 2061,1681 2118,1681 2175,1682 2232,1682 2289,1682 2345,1682 2402,1682 2459,1682 2516,1682 2573,1682 2629,1682 2686,1682 2743,1682 2800,1682 2857,1682 2913,1682 2970,1682 3027,1682 3084,1681 3141,1681"/>
                <TextEquiv>
                    <Unicode>Not a word is angwhere superfluous, but neither is</Unicode>
                </TextEquiv>
            </TextLine>
            <TextLine id="r2l25" custom="readingOrder {index:24;}">
                <Coords points="1995,1734 3069,1744 3152,1736 3153,1675 1995,1706"/>
                <Baseline points="2004,1727 2061,1727 2118,1727 2175,1727 2232,1727 2289,1727 2346,1727 2403,1727 2460,1728 2517,1728 2574,1728 2631,1728 2688,1728 2745,1728 2802,1728 2859,1728 2916,1728 2973,1728 3030,1728 3087,1728 3144,1727"/>
                <TextEquiv>
                    <Unicode>a word laboured. The result is a structure of airy</Unicode>
                </TextEquiv>
            </TextLine>
            <TextLine id="r2l26" custom="readingOrder {index:25;}">
                <Coords points="2003,1781 3144,1778 3129,1730 2964,1722 2742,1755 2003,1725"/>
                <Baseline points="2011,1775 2067,1775 2123,1775 2179,1775 2236,1775 2292,1775 2348,1775 2404,1775 2461,1775 2517,1775 2573,1775 2629,1774 2686,1774 2742,1774 2798,1774 2854,1773 2911,1773 2967,1773 3023,1773 3079,1772 3136,1772"/>
                <TextEquiv>
                    <Unicode>lightness, yet graceful and brilliant as the best French</Unicode>
                </TextEquiv>
            </TextLine>
            <TextLine id="r2l27" custom="readingOrder {index:26;}">
                <Coords points="1996,1823 3138,1821 3119,1782 1996,1779"/>
                <Baseline points="2004,1820 2060,1820 2116,1820 2172,1820 2229,1820 2285,1820 2341,1820 2398,1820 2454,1820 2510,1820 2567,1820 2623,1820 2679,1820 2735,1820 2792,1820 2848,1820 2904,1819 2961,1819 3017,1819 3073,1818 3130,1818"/>
                <TextEquiv>
                    <Unicode>work, with suggestiens of depth and largeness, suich as</Unicode>
                </TextEquiv>
            </TextLine>
            <TextLine id="r2l28" custom="readingOrder {index:27;}">
                <Coords points="1988,1859 3149,1881 3120,1827 1988,1831"/>
                <Baseline points="1997,1865 2054,1865 2111,1866 2168,1866 2225,1866 2283,1867 2340,1867 2397,1867 2454,1867 2511,1866 2569,1866 2626,1866 2683,1866 2740,1866 2797,1865 2855,1865 2912,1865 2969,1865 3026,1864 3083,1864 3141,1864"/>
                <TextEquiv>
                    <Unicode>must needs go#to tho making of fine comedy. Benigne,</Unicode>
                </TextEquiv>
            </TextLine>
            <TextLine id="r2l29" custom="readingOrder {index:28;}">
                <Coords points="1990,1905 3149,1921 3186,1914 3186,1838 2988,1886 1990,1866"/>
                <Baseline points="1998,1914 2057,1913 2116,1912 2175,1912 2234,1911 2293,1911 2352,1912 2411,1912 2470,1912 2529,1912 2588,1912 2647,1913 2706,1913 2765,1913 2824,1913 2883,1912 2942,1912 3001,1910 3060,1909 3119,1908 3178,1906"/>
                <TextEquiv>
                    <Unicode>aname perhaps intended symbolically, hearing tüe distant —</Unicode>
                </TextEquiv>
            </TextLine>
            <TextLine id="r2l30" custom="readingOrder {index:29;}">
                <Coords points="1998,1957 3169,1975 3169,1926 3106,1914 1998,1918"/>
                <Baseline points="2006,1956 2063,1956 2121,1956 2179,1956 2236,1956 2294,1956 2352,1956 2409,1956 2467,1956 2525,1956 2583,1956 2640,1956 2698,1955 2756,1955 2813,1955 2871,1955 2929,1955 2986,1955 3044,1955 3102,1955 3160,1954"/>
                <TextEquiv>
                    <Unicode>echoes of dhie revolution, desires to “exnerience' (erleben)</Unicode>
                </TextEquiv>
            </TextLine>
            <TextLine id="r2l31" custom="readingOrder {index:30;}">
                <Coords points="2004,2003 3150,2020 3150,1967 3048,1960 2004,1967"/>
                <Baseline points="2013,2000 2069,2000 2125,2001 2182,2001 2238,2001 2295,2001 2351,2001 2408,2001 2464,2001 2521,2001 2577,2001 2633,2001 2690,2001 2746,2001 2803,2001 2859,2001 2916,2002 2972,2002 3029,2002 3085,2002 3142,2003"/>
                <TextEquiv>
                    <Unicode>something of rhose cmotions that are going on in the</Unicode>
                </TextEquiv>
            </TextLine>
            <TextLine id="r2l32" custom="readingOrder {index:31;}">
                <Coords points="1990,2044 3156,2040 3156,2010 3044,2003 1990,2002"/>
                <Baseline points="1998,2046 2055,2046 2113,2046 2170,2047 2228,2047 2285,2047 2343,2046 2400,2046 2458,2046 2515,2046 2573,2046 2630,2046 2688,2046 2745,2046 2803,2046 2860,2046 2918,2046 2975,2046 3033,2046 3090,2047 3148,2047"/>
                <TextEquiv>
                    <Unicode>Toutside world from yhich she is sheltered. A young</Unicode>
                </TextEquiv>
            </TextLine>
            <TextLine id="r2l33" custom="readingOrder {index:32;}">
                <Coords points="2002,2112 3122,2101 3151,2040 2810,2073 2002,2047"/>
                <Baseline points="2011,2090 2067,2090 2124,2090 2180,2090 2237,2090 2293,2091 2350,2091 2406,2091 2463,2091 2519,2092 2576,2092 2633,2092 2689,2092 2746,2092 2802,2092 2859,2092 2915,2092 2972,2091 3028,2090 3085,2090 3142,2089"/>
                <TextEquiv>
                    <Unicode>Trevolutionist is laid- wonnded in the garden of her</Unicode>
                </TextEquiv>
            </TextLine>
            <TextLine id="r2l34" custom="readingOrder {index:33;}">
                <Coords points="2004,2140 2558,2164 3152,2136 3141,2090 2960,2121 2318,2118 2263,2086 2004,2112"/>
                <Baseline points="2012,2138 2068,2137 2125,2136 2181,2136 2238,2136 2294,2136 2351,2136 2407,2136 2464,2136 2520,2136 2577,2137 2634,2137 2690,2137 2747,2137 2803,2137 2860,2137 2916,2137 2973,2136 3029,2135 3086,2134 3143,2133"/>
                <TextEquiv>
                    <Unicode>ffather, Baron Krafft. How tho interesting invalid</Unicode>
                </TextEquiv>
            </TextLine>
            <TextLine id="r2l35" custom="readingOrder {index:34;}">
                <Coords points="1987,2208 3095,2198 3151,2135 1986,2145"/>
                <Baseline points="1995,2184 2052,2183 2109,2183 2167,2183 2224,2183 2282,2182 2339,2182 2396,2182 2454,2182 2511,2182 2569,2182 2626,2182 2683,2182 2741,2181 2798,2181 2856,2181 2913,2180 2970,2180 3028,2179 3085,2179 3143,2178"/>
                <TextEquiv>
                    <Unicode>(is cherished by the ladies of the family, and how bis</Unicode>
                </TextEquiv>
            </TextLine>
            <TextLine id="r2l36" custom="readingOrder {index:35;}">
                <Coords points="1995,2255 3105,2238 3153,2231 3153,2172 2909,2206 2619,2178 1995,2207"/>
                <Baseline points="2003,2231 2060,2230 2117,2229 2174,2228 2231,2228 2288,2227 2345,2226 2402,2226 2459,2226 2516,2226 2574,2225 2631,2225 2688,2225 2745,2226 2802,2226 2859,2226 2916,2226 2973,2226 3030,2226 3087,2226 3145,2226"/>
                <TextEquiv>
                    <Unicode>presence is tolerated with grudging politeness by the baron,</Unicode>
                </TextEquiv>
            </TextLine>
            <TextLine id="r2l37" custom="readingOrder {index:36;}">
                <Coords points="1997,2295 3067,2287 3141,2277 3141,2239 1997,2256"/>
                <Baseline points="2005,2275 2061,2274 2117,2274 2174,2273 2230,2273 2287,2273 2343,2273 2399,2273 2456,2273 2512,2273 2569,2272 2625,2272 2681,2272 2738,2271 2794,2271 2851,2270 2907,2270 2963,2269 3020,2267 3076,2266 3133,2264"/>
                <TextEquiv>
                    <Unicode>and how his wound turns out to be fatal, so that life and revo¬</Unicode>
                </TextEquiv>
            </TextLine>
            <TextLine id="r2l38" custom="readingOrder {index:37;}">
                <Coords points="1997,2330 3146,2333 3146,2272 1997,2294"/>
                <Baseline points="2005,2319 2061,2320 2118,2320 2174,2320 2231,2320 2288,2320 2344,2320 2401,2320 2457,2319 2514,2319 2571,2318 2627,2318 2684,2317 2740,2316 2797,2315 2854,2315 2910,2314 2967,2313 3023,2312 3080,2311 3137,2310"/>
                <TextEquiv>
                    <Unicode>lution, Benigne’s declaration of passion, and his own absent</Unicode>
                </TextEquiv>
            </TextLine>
            <TextLine id="r2l39" custom="readingOrder {index:38;}">
                <Coords points="2002,2380 3151,2368 3120,2319 2002,2331"/>
                <Baseline points="2011,2365 2067,2365 2124,2364 2180,2364 2237,2364 2293,2363 2350,2363 2406,2363 2463,2363 2519,2363 2576,2363 2633,2362 2689,2362 2746,2362 2802,2362 2859,2362 2915,2361 2972,2361 3028,2360 3085,2360 3142,2359"/>
                <TextEquiv>
                    <Unicode>love Rese, become alike indifferent to him—all this is</Unicode>
                </TextEquiv>
            </TextLine>
            <TextLine id="r2l40" custom="readingOrder {index:39;}">
                <Coords points="2011,2418 3143,2430 3153,2368 2010,2377"/>
                <Baseline points="2019,2409 2075,2409 2131,2409 2187,2409 2244,2409 2300,2409 2356,2409 2412,2409 2469,2409 2525,2409 2581,2409 2637,2408 2694,2408 2750,2408 2806,2408 2862,2408 2919,2408 2975,2407 3031,2407 3087,2407 3144,2406"/>
                <TextEquiv>
                    <Unicode>suggested in a perfectly lucid, that is, a perfectly</Unicode>
                </TextEquiv>
            </TextLine>
            <TextLine id="r2l41" custom="readingOrder {index:40;}">
                <Coords points="2002,2470 3012,2470 3151,2429 2873,2404 2001,2434"/>
                <Baseline points="2010,2454 2066,2454 2123,2455 2179,2455 2236,2455 2293,2455 2349,2455 2406,2455 2463,2454 2519,2454 2576,2454 2633,2454 2689,2453 2746,2453 2803,2453 2859,2452 2916,2452 2973,2452 3029,2452 3086,2452 3143,2451"/>
                <TextEquiv>
                    <Unicode>dramatie, manner. The character part of Baron Kraffe;</Unicode>
                </TextEquiv>
            </TextLine>
            <TextLine id="r2l42" custom="readingOrder {index:41;}">
                <Coords points="2005,2512 3139,2510 3151,2452 2005,2473"/>
                <Baseline points="2014,2500 2070,2499 2126,2499 2183,2499 2239,2498 2296,2498 2352,2498 2408,2498 2465,2498 2521,2498 2578,2498 2634,2497 2690,2497 2747,2497 2803,2497 2860,2497 2916,2497 2972,2496 3029,2496 3085,2495 3142,2495"/>
                <TextEquiv>
                    <Unicode>would make the fortune of a budding Coquelin afné. With</Unicode>
                </TextEquiv>
            </TextLine>
            <TextLine id="r2l43" custom="readingOrder {index:42;}">
                <Coords points="2005,2553 3001,2561 3147,2543 3147,2509 2005,2510"/>
                <Baseline points="2013,2541 2069,2542 2125,2542 2181,2542 2238,2542 2294,2542 2350,2542 2407,2542 2463,2542 2519,2542 2576,2542 2632,2542 2688,2542 2744,2542 2801,2541 2857,2541 2913,2540 2970,2540 3026,2540 3082,2539 3139,2538"/>
                <TextEquiv>
                    <Unicode>the Münchener Keyserling we naturally associate (par</Unicode>
                </TextEquiv>
            </TextLine>
            <TextLine id="r2l44" custom="readingOrder {index:43;}">
                <Coords points="1999,2611 3146,2587 3117,2548 1999,2548"/>
                <Baseline points="2007,2589 2063,2589 2120,2590 2176,2590 2233,2590 2289,2590 2346,2589 2402,2589 2459,2588 2515,2588 2572,2587 2629,2586 2685,2586 2742,2585 2798,2585 2855,2585 2911,2585 2968,2585 3024,2586 3081,2587 3138,2588"/>
                <TextEquiv>
                    <Unicode>inobile fratrum) his Viennese comrade, A. Schnitzler. But</Unicode>
                </TextEquiv>
            </TextLine>
            <TextLine id="r2l45" custom="readingOrder {index:44;}">
                <Coords points="1997,2651 3068,2650 3151,2629 3151,2590 1996,2614"/>
                <Baseline points="2006,2646 2062,2643 2119,2640 2176,2638 2233,2636 2290,2635 2347,2633 2403,2632 2460,2631 2517,2631 2574,2630 2631,2630 2688,2630 2745,2630 2801,2630 2858,2630 2915,2630 2972,2630 3029,2630 3086,2630 3143,2630"/>
                <TextEquiv>
                    <Unicode>Schnitzler has been more ambitions and wider in range than!</Unicode>
                </TextEquiv>
            </TextLine>
            <TextLine id="r2l46" custom="readingOrder {index:45;}">
                <Coords points="2008,2687 3118,2694 3143,2650 2007,2653"/>
                <Baseline points="2016,2684 2071,2683 2127,2682 2183,2681 2239,2680 2295,2679 2351,2678 2407,2677 2463,2676 2519,2676 2575,2675 2630,2675 2686,2675 2742,2674 2798,2674 2854,2674 2910,2674 2966,2673 3022,2674 3078,2674 3134,2674"/>
                <TextEquiv>
                    <Unicode>Keyserling, whoso fastidions talent recalls that of Gray.</Unicode>
                </TextEquiv>
            </TextLine>
            <TextLine id="r2l47" custom="readingOrder {index:46;}">
                <Coords points="2005,2741 3096,2739 3152,2693 2004,2687"/>
                <Baseline points="2014,2728 2070,2727 2126,2726 2183,2725 2239,2725 2296,2724 2352,2724 2409,2723 2465,2723 2522,2723 2578,2722 2634,2722 2691,2722 2747,2721 2804,2721 2860,2721 2917,2721 2973,2720 3030,2720 3086,2720 3143,2719"/>
                <TextEquiv>
                    <Unicode>Zwischenspiel is perhaps his finest work, next to Der</Unicode>
                </TextEquiv>
            </TextLine>
            <TextLine id="r2l48" custom="readingOrder {index:47;}">
                <Coords points="2000,2774 3156,2770 3140,2706 3093,2739 2000,2747"/>
                <Baseline points="2009,2772 2065,2771 2122,2770 2179,2770 2236,2769 2293,2769 2350,2768 2407,2768 2464,2768 2521,2768 2578,2767 2634,2767 2691,2767 2748,2766 2805,2766 2862,2765 2919,2765 2976,2764 3033,2763 3090,2762 3147,2760"/>
                <TextEquiv>
                    <Unicode>grüne Kakadn, It is a study of the relations between</Unicode>
                </TextEquiv>
            </TextLine>
            <TextLine id="r2l49" custom="readingOrder {index:48;}">
                <Coords points="1999,2825 3129,2831 3163,2770 1998,2774"/>
                <Baseline points="2007,2812 2064,2812 2121,2811 2179,2811 2236,2811 2294,2811 2351,2811 2408,2811 2466,2811 2523,2811 2581,2811 2638,2811 2695,2811 2753,2810 2810,2810 2868,2810 2925,2809 2982,2809 3040,2808 3097,2807 3155,2805"/>
                <TextEquiv>
                    <Unicode>the“ Kapellmeister and composer Amadeus Adama</Unicode>
                </TextEquiv>
            </TextLine>
            <TextLine id="r2l50" custom="readingOrder {index:49;}">
                <Coords points="2001,2871 3158,2865 3158,2823 2000,2824"/>
                <Baseline points="2009,2861 2066,2860 2123,2859 2180,2858 2237,2858 2294,2857 2351,2857 2408,2857 2465,2856 2522,2856 2579,2856 2636,2855 2693,2855 2750,2855 2807,2854 2864,2854 2921,2853 2978,2852 3035,2851 3092,2850 3149,2849"/>
                <TextEquiv>
                    <Unicode>and his wife Caccilie Adams-Ortenburg. They havog</Unicode>
                </TextEquiv>
            </TextLine>
            <TextLine id="r2l51" custom="readingOrder {index:50;}">
                <Coords points="2011,2910 3151,2923 3150,2860 3082,2855 2011,2878"/>
                <Baseline points="2020,2906 2076,2905 2132,2905 2188,2904 2244,2904 2300,2903 2356,2903 2412,2902 2468,2902 2524,2901 2581,2901 2637,2901 2693,2900 2749,2900 2805,2899 2861,2899 2917,2898 2973,2898 3029,2898 3085,2897 3142,2897"/>
                <TextEquiv>
                    <Unicode>endeavoured to base their union on higher, or at least</Unicode>
                </TextEquiv>
            </TextLine>
            <TextLine id="r2l52" custom="readingOrder {index:51;}">
                <Coords points="2013,2951 3154,2963 3111,2896 2013,2907"/>
                <Baseline points="2022,2951 2078,2950 2134,2949 2190,2949 2246,2948 2302,2948 2358,2947 2415,2947 2471,2947 2527,2946 2583,2946 2639,2945 2695,2945 2751,2945 2808,2944 2864,2943 2920,2943 2976,2942 3032,2941 3088,2940 3145,2939"/>
                <TextEquiv>
                    <Unicode>different, principles from those that usually obtain. There is</Unicode>
                </TextEquiv>
            </TextLine>
            <TextLine id="r2l53" custom="readingOrder {index:52;}">
                <Coords points="2006,2997 3149,2983 3135,2941 2665,2973 2006,2945"/>
                <Baseline points="2014,2996 2070,2995 2126,2994 2182,2994 2239,2993 2295,2993 2351,2992 2408,2992 2464,2991 2520,2991 2577,2991 2633,2991 2689,2990 2745,2990 2802,2990 2858,2990 2914,2989 2971,2989 3027,2988 3083,2988 3140,2987"/>
                <TextEquiv>
                    <Unicode>to be absoluto truth between them, and it is agreed that, if</Unicode>
                </TextEquiv>
            </TextLine>
            <TextLine id="r2l54" custom="readingOrder {index:53;}">
                <Coords points="2000,3051 3132,3054 3149,3011 1999,2997"/>
                <Baseline points="2009,3040 2065,3041 2122,3041 2178,3041 2235,3041 2292,3040 2348,3040 2405,3039 2461,3038 2518,3037 2575,3036 2631,3035 2688,3034 2744,3033 2801,3032 2858,3032 2914,3031 2971,3031 3027,3032 3084,3032 3141,3033"/>
                <TextEquiv>
                    <Unicode>either of the two finds his orher passion for the other cooling,</Unicode>
                </TextEquiv>
            </TextLine>
            <TextLine id="r2l55" custom="readingOrder {index:54;}">
                <Coords points="2009,3083 3094,3090 3146,3050 2009,3054"/>
                <Baseline points="2018,3086 2074,3086 2130,3085 2186,3084 2242,3083 2298,3083 2354,3083 2410,3082 2466,3082 2522,3082 2578,3081 2634,3081 2690,3081 2746,3080 2802,3080 2858,3079 2914,3079 2970,3078 3026,3078 3082,3077 3138,3076"/>
                <TextEquiv>
                    <Unicode>Dhe or she is to confess the change of sentiment, while the</Unicode>
                </TextEquiv>
            </TextLine>
            <TextLine id="r2l56" custom="readingOrder {index:55;}">
                <Coords points="2005,3128 3146,3129 3145,3073 2005,3114"/>
                <Baseline points="2013,3131 2069,3131 2125,3131 2181,3131 2238,3130 2294,3130 2350,3129 2406,3129 2463,3128 2519,3128 2575,3127 2631,3127 2688,3126 2744,3125 2800,3125 2856,3124 2913,3124 2969,3123 3025,3123 3081,3122 3138,3122"/>
                <TextEquiv>
                    <Unicode>second party to the contract pledges himself (or herself) not to</Unicode>
                </TextEquiv>
            </TextLine>
            <TextLine id="r2l57" custom="readingOrder {index:56;}">
                <Coords points="2011,3185 3036,3186 3146,3172 3148,3138 2010,3146"/>
                <Baseline points="2020,3177 2078,3177 2137,3177 2196,3176 2255,3176 2314,3175 2373,3175 2432,3174 2491,3173 2550,3173 2608,3172 2667,3171 2726,3171 2785,3170 2844,3169 2903,3169 2962,3168 3021,3168 3080,3167 3139,3167"/>
                <TextEquiv>
                    <Unicode>be surprised or annoyed. They are evidently well suited,</Unicode>
                </TextEquiv>
            </TextLine>
            <TextLine id="r2l58" custom="readingOrder {index:57;}">
                <Coords points="2017,3218 3022,3231 3154,3223 3154,3186 2017,3199"/>
                <Baseline points="2026,3221 2084,3221 2143,3220 2202,3220 2261,3220 2320,3219 2379,3219 2438,3219 2497,3218 2556,3218 2614,3217 2673,3217 2732,3216 2791,3216 2850,3215 2909,3215 2968,3214 3027,3214 3086,3214 3145,3213"/>
                <TextEquiv>
                    <Unicode>with similar tastes and yet sufficient difference of temperament</Unicode>
                </TextEquiv>
            </TextLine>
            <TextLine id="r2l59" custom="readingOrder {index:58;}">
                <Coords points="2010,3282 2612,3259 3146,3291 3146,3228 3108,3220 2541,3246 2010,3220"/>
                <Baseline points="2018,3266 2074,3265 2130,3264 2186,3263 2242,3263 2298,3263 2354,3262 2410,3262 2466,3262 2522,3262 2578,3262 2634,3262 2690,3262 2746,3262 2802,3261 2858,3261 2914,3261 2970,3260 3026,3260 3082,3259 3138,3258"/>
                <TextEquiv>
                    <Unicode>for an ideal married life, as it is generally understood.</Unicode>
                </TextEquiv>
            </TextLine>
            <TextLine id="r2l60" custom="readingOrder {index:59;}">
                <Coords points="2006,3314 2899,3322 3112,3312 3112,3269 2005,3264"/>
                <Baseline points="2014,3311 2068,3311 2123,3311 2177,3311 2232,3310 2286,3310 2341,3309 2395,3309 2450,3308 2504,3308 2559,3307 2613,3307 2668,3306 2722,3306 2777,3305 2831,3305 2886,3305 2940,3304 2995,3304 3049,3304 3104,3305"/>
                <TextEquiv>
                    <Unicode>But tho attempt to introduce“ rational system</Unicode>
                </TextEquiv>
            </TextLine>
            <TextLine id="r2l61" custom="readingOrder {index:60;}">
                <Coords points="2010,3369 3156,3356 3074,3309 2010,3311"/>
                <Baseline points="2018,3357 2074,3356 2130,3355 2187,3355 2243,3354 2300,3354 2356,3353 2413,3353 2469,3353 2526,3352 2582,3352 2638,3352 2695,3352 2751,3351 2808,3351 2864,3351 2921,3350 2977,3350 3034,3349 3090,3349 3147,3348"/>
                <TextEquiv>
                    <Unicode>into their affections is shown by the author with fino</Unicode>
                </TextEquiv>
            </TextLine>
            <TextLine id="r2l62" custom="readingOrder {index:61;}">
                <Coords points="2001,3402 3154,3417 3153,3349 2001,3373"/>
                <Baseline points="2010,3404 2066,3403 2123,3402 2180,3401 2237,3400 2293,3400 2350,3399 2407,3399 2464,3398 2520,3398 2577,3398 2634,3397 2691,3397 2747,3397 2804,3396 2861,3395 2918,3395 2974,3394 3031,3392 3088,3391 3145,3389"/>
                <TextEquiv>
                    <Unicode>irony to be incompatible with even true comradeship.</Unicode>
                </TextEquiv>
            </TextLine>
            <TextLine id="r2l63" custom="readingOrder {index:62;}">
                <Coords points="2010,3452 3156,3454 3156,3415 3061,3397 2010,3408"/>
                <Baseline points="2019,3447 2075,3446 2131,3445 2188,3444 2244,3444 2301,3443 2357,3443 2414,3443 2470,3443 2527,3443 2583,3442 2639,3442 2696,3442 2752,3442 2809,3441 2865,3441 2922,3440 2978,3439 3035,3438 3091,3436 3148,3434"/>
                <TextEquiv>
                    <Unicode>Amadeus finds himself driven to belie his lofty prin¬</Unicode>
                </TextEquiv>
            </TextLine>
            <TextLine id="r2l64" custom="readingOrder {index:63;}">
                <Coords points="2005,3504 3151,3481 3117,3441 2005,3452"/>
                <Baseline points="2014,3489 2070,3489 2126,3489 2183,3488 2239,3488 2296,3488 2352,3488 2409,3488 2465,3487 2522,3487 2578,3487 2634,3486 2691,3486 2747,3485 2804,3485 2860,3484 2917,3483 2973,3482 3030,3481 3086,3480 3143,3479"/>
                <TextEquiv>
                    <Unicode>Eciples and to enact the part of the ordinary jealous husband,</Unicode>
                </TextEquiv>
            </TextLine>
            <TextLine id="r2l65" custom="readingOrder {index:64;}">
                <Coords points="2010,3531 2985,3549 3151,3524 3151,3481 2010,3505"/>
                <Baseline points="2018,3536 2074,3535 2130,3534 2186,3533 2243,3533 2299,3533 2355,3532 2411,3532 2468,3532 2524,3531 2580,3531 2636,3531 2693,3531 2749,3530 2805,3530 2861,3529 2918,3529 2974,3528 3030,3527 3086,3526 3143,3525"/>
                <TextEquiv>
                    <Unicode>and Caecilie gearns secreily for tho resumption of</Unicode>
                </TextEquiv>
            </TextLine>
            <TextLine id="r2l66" custom="readingOrder {index:65;}">
                <Coords points="2006,3600 3155,3566 3145,3531 2506,3565 2006,3531"/>
                <Baseline points="2014,3582 2070,3581 2127,3580 2183,3580 2240,3579 2297,3579 2353,3578 2410,3577 2467,3577 2523,3576 2580,3576 2637,3576 2693,3575 2750,3574 2807,3574 2863,3573 2920,3573 2977,3572 3033,3571 3090,3570 3147,3569"/>
                <TextEquiv>
                    <Unicode>ordinary wifely duties. Tho title and tho treatment</Unicode>
                </TextEquiv>
            </TextLine>
            <TextLine id="r2l67" custom="readingOrder {index:66;}">
                <Coords points="2013,3630 3167,3637 3167,3566 2013,3598"/>
                <Baseline points="2022,3625 2078,3625 2135,3624 2192,3623 2249,3623 2306,3623 2363,3622 2419,3622 2476,3621 2533,3621 2590,3621 2647,3620 2704,3620 2761,3619 2817,3619 2874,3618 2931,3618 2988,3617 3045,3616 3102,3615 3159,3614"/>
                <TextEquiv>
                    <Unicode>thronghont illustrates Schniteler’s favonrite obsession with</Unicode>
                </TextEquiv>
            </TextLine>
            <TextLine id="r2l68" custom="readingOrder {index:67;}">
                <Coords points="1999,3671 3149,3663 3148,3628 3084,3620 1999,3637"/>
                <Baseline points="2008,3669 2064,3669 2121,3669 2177,3669 2234,3668 2291,3668 2347,3668 2404,3667 2460,3667 2517,3667 2574,3666 2630,3665 2687,3665 2743,3664 2800,3664 2857,3663 2913,3663 2970,3662 3026,3661 3083,3660 3140,3660"/>
                <TextEquiv>
                    <Unicode>Ethe idcn“ Allthe world’s a stage.“ Tho distinetion and</Unicode>
                </TextEquiv>
            </TextLine>
            <TextLine id="r2l69" custom="readingOrder {index:68;}">
                <Coords points="2000,3734 3156,3715 3155,3660 2000,3682"/>
                <Baseline points="2008,3714 2065,3713 2122,3713 2179,3712 2236,3712 2293,3712 2350,3712 2407,3711 2464,3711 2521,3711 2578,3711 2635,3711 2692,3710 2749,3710 2806,3710 2863,3709 2920,3708 2977,3708 3034,3706 3091,3705 3148,3704"/>
                <TextEquiv>
                    <Unicode>difference between the art of lile and the life of art and of tho</Unicode>
                </TextEquiv>
            </TextLine>
            <TextLine id="r2l70" custom="readingOrder {index:69;}">
                <Coords points="2003,3768 3081,3769 3149,3765 3149,3716 2003,3733"/>
                <Baseline points="2012,3760 2068,3759 2124,3758 2181,3757 2237,3757 2294,3756 2350,3756 2406,3756 2463,3755 2519,3755 2576,3755 2632,3755 2688,3755 2745,3755 2801,3755 2858,3754 2914,3754 2970,3753 3027,3753 3083,3752 3140,3750"/>
                <TextEquiv>
                    <Unicode>Fartist Fäs rarely. been bettertreated than by the ironic method</Unicode>
                </TextEquiv>
            </TextLine>
            <TextLine id="r2l71" custom="readingOrder {index:70;}">
                <Coords points="2004,3804 3108,3809 3153,3770 2004,3782"/>
                <Baseline points="2012,3806 2068,3805 2125,3804 2181,3803 2238,3803 2295,3802 2351,3801 2408,3801 2465,3800 2521,3800 2578,3800 2635,3799 2691,3799 2748,3799 2805,3798 2861,3798 2918,3797 2975,3796 3031,3796 3088,3795 3145,3793"/>
                <TextEquiv>
                    <Unicode>Pof this little tragi-comedy. The Stilpe-Komoedien by O. J.</Unicode>
                </TextEquiv>
            </TextLine>
            <TextLine id="r2l72" custom="readingOrder {index:71;}">
                <Coords points="1999,3868 3158,3843 3146,3803 2624,3831 2563,3802 2216,3830 1999,3805"/>
                <Baseline points="2007,3851 2064,3850 2121,3849 2178,3849 2235,3849 2292,3848 2349,3848 2407,3848 2464,3848 2521,3847 2578,3847 2635,3846 2692,3846 2749,3845 2807,3845 2864,3843 2921,3842 2978,3841 3035,3839 3092,3837 3150,3835"/>
                <TextEquiv>
                    <Unicode> Bierbaum, a worker in the same school as the two</Unicode>
                </TextEquiv>
            </TextLine>
            <TextLine id="r2l73" custom="readingOrder {index:72;}">
                <Coords points="1999,3904 2940,3910 3143,3894 3143,3850 1999,3868"/>
                <Baseline points="2007,3894 2063,3894 2119,3894 2176,3893 2232,3893 2288,3892 2345,3892 2401,3892 2457,3891 2514,3891 2570,3891 2626,3890 2683,3890 2739,3889 2795,3889 2852,3888 2908,3887 2964,3887 3021,3886 3077,3885 3134,3884"/>
                <TextEquiv>
                    <Unicode>#above-mentioned, are founded on the author’s novels“ Stilpe“</Unicode>
                </TextEquiv>
            </TextLine>
            <TextLine id="r2l74" custom="readingOrder {index:73;}">
                <Coords points="2015,3954 3020,3946 3152,3909 2015,3911"/>
                <Baseline points="2023,3939 2079,3939 2135,3938 2191,3938 2247,3938 2303,3938 2359,3938 2415,3938 2471,3938 2527,3938 2583,3938 2639,3938 2695,3938 2751,3937 2807,3937 2863,3936 2919,3935 2975,3934 3031,3932 3087,3931 3143,3928"/>
                <TextEquiv>
                    <Unicode>and“ Die Schlangendame, and contain amusing and fluent</Unicode>
                </TextEquiv>
            </TextLine>
            <TextLine id="r2l75" custom="readingOrder {index:74;}">
                <Coords points="2005,3977 2500,4013 3156,3985 3132,3935 2005,3940"/>
                <Baseline points="2014,3986 2070,3985 2127,3985 2184,3984 2240,3984 2297,3983 2354,3983 2410,3983 2467,3982 2524,3982 2581,3982 2637,3982 2694,3982 2751,3981 2807,3981 2864,3981 2921,3980 2977,3979 3034,3979 3091,3978 3148,3977"/>
                <TextEquiv>
                    <Unicode>Idialegue; bat Bierbaum has more regard for effective thau!</Unicode>
                </TextEquiv>
            </TextLine>
            <TextLine id="r2l76" custom="readingOrder {index:75;}">
                <Coords points="2009,4043 2056,4057 2283,4059 2438,4042 2438,4010 2403,4015 2369,3989 2267,4005 2220,3992 2148,4004 2010,3987"/>
                <Baseline points="2018,4025 2043,4025 2069,4026 2095,4026 2121,4026 2146,4026 2172,4027 2198,4027 2224,4027 2249,4027 2275,4027 2301,4027 2327,4028 2352,4029 2378,4029 2404,4030 2430,4031"/>
                <TextEquiv>
                    <Unicode>veswelot Sitnations.</Unicode>
                </TextEquiv>
            </TextLine>
            <TextEquiv>
                <Unicode>Telenhon 12801.
„
„OBSERVER‘
 I. österr. behördl. konz. Unternehmen für Zeitungs-Ausschnitte
Wien, I., Concordiaplatz 4.
Verfrefungen
In Berlin, Budapest, Chicago, Christiania, Genf, Kopenhagen,
London, Madrid, Mailand, Minneapolis, New-York, Paris, Rom,
San Francisco, Stockholm, St. Petersburg.
(Quallenangabe ohne Gewähr.)
Ausschnitt aishe Times, London
* 2. 3bk
vom:
T
E. von Koyserling is better advised in his choicc of a
Tmodern perlod, the revolution of 1848, for bis Benignens,
Thrlehn.-Tho delieate workmanshin ef the niecn is as
exquisite as the book itself is slight in bulk. Nothing
less than classical perfection of strle is aimed at by
Keyserling. This two-aet comedy betrags on the first
reading that much study has gono to its composition.
Each sentence of the dialogue, nay, even of tho stage
directions, has been earefully thought out and polished.
Not a word is angwhere superfluous, but neither is
a word laboured. The result is a structure of airy
lightness, yet graceful and brilliant as the best French
work, with suggestiens of depth and largeness, suich as
must needs go#to tho making of fine comedy. Benigne,
aname perhaps intended symbolically, hearing tüe distant —
echoes of dhie revolution, desires to “exnerience' (erleben)
something of rhose cmotions that are going on in the
Toutside world from yhich she is sheltered. A young
Trevolutionist is laid- wonnded in the garden of her
ffather, Baron Krafft. How tho interesting invalid
(is cherished by the ladies of the family, and how bis
presence is tolerated with grudging politeness by the baron,
and how his wound turns out to be fatal, so that life and revo¬
lution, Benigne’s declaration of passion, and his own absent
love Rese, become alike indifferent to him—all this is
suggested in a perfectly lucid, that is, a perfectly
dramatie, manner. The character part of Baron Kraffe;
would make the fortune of a budding Coquelin afné. With
the Münchener Keyserling we naturally associate (par
inobile fratrum) his Viennese comrade, A. Schnitzler. But
Schnitzler has been more ambitions and wider in range than!
Keyserling, whoso fastidions talent recalls that of Gray.
Zwischenspiel is perhaps his finest work, next to Der
grüne Kakadn, It is a study of the relations between
the“ Kapellmeister and composer Amadeus Adama
and his wife Caccilie Adams-Ortenburg. They havog
endeavoured to base their union on higher, or at least
different, principles from those that usually obtain. There is
to be absoluto truth between them, and it is agreed that, if
either of the two finds his orher passion for the other cooling,
Dhe or she is to confess the change of sentiment, while the
second party to the contract pledges himself (or herself) not to
be surprised or annoyed. They are evidently well suited,
with similar tastes and yet sufficient difference of temperament
for an ideal married life, as it is generally understood.
But tho attempt to introduce“ rational system
into their affections is shown by the author with fino
irony to be incompatible with even true comradeship.
Amadeus finds himself driven to belie his lofty prin¬
Eciples and to enact the part of the ordinary jealous husband,
and Caecilie gearns secreily for tho resumption of
ordinary wifely duties. Tho title and tho treatment
thronghont illustrates Schniteler’s favonrite obsession with
Ethe idcn“ Allthe world’s a stage.“ Tho distinetion and
difference between the art of lile and the life of art and of tho
Fartist Fäs rarely. been bettertreated than by the ironic method
Pof this little tragi-comedy. The Stilpe-Komoedien by O. J.
 Bierbaum, a worker in the same school as the two
#above-mentioned, are founded on the author’s novels“ Stilpe“
and“ Die Schlangendame, and contain amusing and fluent
Idialegue; bat Bierbaum has more regard for effective thau!
veswelot Sitnations.</Unicode>
            </TextEquiv>
        </TextRegion>
    </Page>
</PcGts>
