3436 4480
1288 198 1746 288 box 25/6
218 200 1143 301 20. Zwischenspiel
890 487 1644 605 KUNST AS
895 561 1126 629 Dichtkuns!
895 615 1061 664 Dramen
1156 599 1659 667 Der nachdenkliche Beob¬
1149 651 1665 705 achter unseres Theaters
1150 693 1671 746 wird wenig froh gestimmt
885 730 1655 789 von dem, was seiner Kunstsehnsucht be¬
885 764 1666 823 gegnet. Es ist Mode geworden, die natu¬
885 812 1665 860 ralistische Dramatik zu schelten. Horcht
897 850 1672 897 man die Propheten der neuen Bühne aus,
892 890 1665 945 dann hat an Stelle der Armeleutetragödie
885 929 1683 983 die grosse, heroische jetzt zu treten. Weil
886 974 1662 1023 aber diese Hoffnung noch nicht erfüllt
898 1009 1666 1055 wurde, behilft man sich inzwischen mit
885 1051 1667 1103 einer Wiederbelebung des klassischen The¬
885 1091 1664 1138 aters. Neue dramaturgische Mittel wer¬
886 1128 1666 1179 den gesucht, das szenische Spiel dem Zu¬
892 1171 1668 1221 schauer brennend tief in Phantasie und
895 1201 1667 1246 logisches Begreifen einzuführen. Bei
894 1246 1660 1294 solchen Bemühungen hat gewiss die
886 1274 1672 1335 Kunst der Bühneninszenierung viel ge¬
899 1317 1694 1378 wonnen. Ja, so sehr ist sie in den Vor¬¬“
890 1362 1668 1407 dergrund gezerrt worden, dass Hugo
883 1404 1663 1453 Dinger ein Jenenser Professor, (Dra¬
883 1442 1669 1495 maturgie als Wissenschaft /Leipzig, Veit
887 1483 1673 1526 & Co.)) die geschmacklose Kühnheit
892 1529 1662 1571 haben konnte, auf 6oo Folioseiten Dra¬
893 1560 1666 1610 maturgie als eigene Kunst zu fordern,
889 1602 1674 1640 aus ästhetischen Unwahrheiten und Irr¬
895 1646 1672 1691 tümern Poesie von der Dramatik, die er
880 1680 1653 1721 als selbständige theatralische Kunst hin¬
882 1720 1664 1763 stellt, zu strennen, und dann die Dramatik
886 1764 1664 1800 der Dichtkunst überzuordnen, das heisst
889 1798 1666 1858 klipp und klar den Satz zu wagen: es ist
891 1833 1668 1884 eine Theaterkunst ohne Poesie möglich.
897 1881 1666 1932 Unabhängig von dem Wissenschaftler
890 1920 1660 1960 sind tüchtige Bühnen ihre eigenen Wege
873 2101 1643 2163 gegangen. Doch bei aller Anerkennung
886 2148 1641 2198 des gut und gross Gewollten müssen
883 2188 1639 2250 gleich Auswüchse der jungen Theater¬
885 2226 1652 2296 kunst bekämpft werden. Weil an dem
886 2262 1650 2318 lebendigen Material ein schmerzlicher
887 2301 1643 2364 Mangel herrscht, wird hier alles auf die
892 2357 1641 2405 Pracht des toten angelegt. Die Rampen¬
886 2378 1650 2451 perspektive soll umgestossen sein, und
885 2428 1653 2481 die plastische Staffierung wirken. Das
891 2471 1657 2520 gibt unangenehme Widerspruche, und
890 2516 1663 2559 Zwiespälte stören auch die Aufführungen
885 2544 1651 2604 unserer besten, das Neue pflegenden
896 2589 1652 2636 Bühhen in Bezug auf rein Schauspiele¬
884 2619 1651 2681 risches. Grad die klassischen Werke mit
877 2676 1659 2729 —Vrshentenneptmmnereie
893 2689 1660 2757 Mlenge Dis uns Einzeinsteintelligenter ünd
898 2741 1659 2803 selbständiger Schauspieler. Diese sind
891 2782 1665 2849 nicht vorhanden, nun ein paar Stars, und
893 2818 1653 2875 gegen sie erscheinen die übrigen zu deut¬
893 2860 1663 2920 licl als abgerichtete, willenlose Akteure.
896 2900 1669 2964 Leichter hätten es solchen Experimenten
888 2943 1663 2996 gegenüber die Bühnen, deren Tätigkeit
899 2978 1662 3043 sich auf das zeitgenössische bürgerliche
908 3023 1655 3074 Schauspiel beschränkt. Der Stil für ihre
892 3055 1649 3123 Darstellung ist jetzt nach 15jähriger Tra¬
897 3101 1664 3147 dition festgewurzell. Wenn nur die
908 3135 1679 3190 dichterische Arbeit den Schauspielern'
1459 3178 1669 3229 Arthur
904 3183 1441 3241 rechte Aufgaben stellte!
917 3210 1669 3281 Schnitzlers Zwischenspiel /Berlin,
902 3243 1675 3313 S. Fischer) vermochte es nicht. Die
906 3292 1680 3351 Komödie ist ganz aus novellistischen
905 3338 1673 3402 Motiven erwachsen. Es handelt sich
910 3367 1675 3431 darin um das Scheitern des Glückes
914 3401 1672 3465 an den halben Lebenstönen: Einen
919 3449 1682 3511 Pakt der Lrebe, der Eitelkeit und
911 3499 1669 3550 des Geschäftes beschworen Cäcilie Orten¬
915 3522 1674 3585 burg. die Opernsängerin, und Kapell¬
914 3574 1676 3632 meister Amadeus Adams. Sie haben ihn
913 3606 1688 3675 bewahrt aus wirklicher Lust zur Treue.
918 3651 1680 3700 Sie liessen sich gern halten von dem
918 3684 1689 3741 Vertrag, weil ihre Kunst dabei gedich,
912 3725 1681 3792 seine Symphonicen, die nicht jeder Tropf
910 3773 1687 3821 zu fassen weiss, ihre Karriere, die an der
924 3799 1684 3867 splendid zahlenden Hofoper mündet. Wie
920 3844 1687 3916 fahrendes Volk lebt, sie waren oft ge¬
924 3883 1687 3942 trennt und cinten sich destorheisser-beim¬
925 3918 1697 3973 Wiedersehen. Wenn Amadeus, der viel¬
933 3959 1697 4019 von der seligen Gemütsart des Salzburger
1599 3998 1697 4051 in
933 4005 1596 4060 Namensverwandten herumträgt,
934 4038 1687 4111 Wiener Lichesasgl seine Cäcilie umkost,
924 4084 1684 4147 dann spinnen sie sich ein in ihr von vorne
932 4113 1695 4181 Lehen, in der Treue sich festigend, ins
935 4152 1705 4210 #em P#r#chen ihres Inneren. Er dankt¬
2322 1982 2439 2054 193
1665 2093 2441 2144 Bund zu zerzupfen. Geheim und unheil¬
1674 2135 2445 2194 bar kommt solche Stimmung. Man
1662 2183 2435 2227 trachtet von einander. Er zu einer
1661 2215 2448 2259 Gräfin, einem Philinengewissen im Leben
1676 2253 2449 2307 und auf der Bühne, sie zu einem Fürsten,
1674 2306 2456 2348 der in der Charakteristik Gerippe blieb.
1662 2334 2449 2387 Nun glauben die beiden, trotzdem als
1665 2374 2442 2423 Kameraden sich gehören zu können, ge¬
1678 2413 2448 2472 eint durch ihre Kunst. Da wird ihm
1667 2450 2461 2516 plötzlich anders zu Mute. Er will keinen
1668 2486 2449 2562 Kameraden, sondern Cäcilie, das Weib
1672 2526 2457 2578 Cäcilie, das Weib liegt ihm am Schluss
1674 2578 2457 2634 des zweiten Aktes im Arm. Aber der
1687 2619 2449 2660 Vorhang geht über dem dritten Akte des
1670 2654 2453 2701 Finale auf.- Und da weist sich aus: Die
1665 2689 2458 2740 tlangem nicht mehr gefeierte Ehenacht
1680 2724 2459 2786 war-eine Episode nur, ein Zwischenspiel.
1677 2773 2460 2820 Heiter hat’s angefangen. Als Doloroso
1683 2800 2450 2857 verklingt es. Was Cäcilie jedem vielleicht
1685 2842 2454 2916 gegeben hätte aus Sinnensehnsucht in
1680 2881 2457 2948 jener Nacht, das hat Amadeus bloss be¬
1691 2919 2463 2975 sessen. Er ist kein starker Mann. Ein
1679 2959 2457 3027 Böser möcht' ihn einen Tröttel aus
1687 3005 2465 3053 Liebesblendung nennen. Sie müssen nach
1691 3041 2444 3094 dieser Nacht auch aus ihrer Kamerad¬
1693 3079 2459 3134 schaft sich scheiden. Ein Solo hat sie
1690 3116 2465 3177 in seiner Symphonie singen sollen. Sie hält
1695 3162 2475 3216 das Notenblatt mit zitternden Händen,
1694 3194 2463 3254 tränenden Auges, als Amadeus ge¬
1692 3238 2470 3291 flüchtet ist, der trauernd gefragt hat, ob
1691 3281 2468 3332 jenes Zwischenspiel mit den halben Tönen
1692 3315 2461 3378 niemals hätte überleiten können zu einer
1700 3356 2474 3416 makellosen Harmonie. So endet das
1696 3390 2464 3453 Stück. Am Schluss des ersten Aktes je¬
1701 3429 2481 3492 doch hat Cäcilie gesungen, was Amadeus
1701 3478 2464 3535 schmiegsam begleitete: „Nicht mehr zu
1696 3521 2479 3571 Dir zu gehn, beschloss und beschwor ich,
1693 3551 2477 3600 und geh doch jeden Abend .... Die drei
1702 3587 2481 3656 Phasen der Komödie sind mit durch¬
1704 3637 2477 3698 gehender Symmetrie gebaut, Jede be¬
1701 3675 2477 3734 ginnt mit dem räsonnierenden Hin und
1711 3721 2476 3758 Her über die Ehe des Paares. Der
1712 3747 2484 3804 Kapellmeister ist zu den Urteilen der
1705 3793 2477 3841 Räsonnierenden die entscheidende In¬
1704 3828 2490 3889 stanz. Nachdem so die Sachlage im Ge¬
1697 3866 2496 3919 —spräch-dargelegt-ist, tritt Cäcilicauf. Sie
1703 3913 2485 3960 bleibt allein mit Amadens. Akt l. Das
2377 3958 2482 3989 un¬
1715 3950 2371 4010 Scheitern des Liebesglückes ist
1717 3982 2473 4046 gewiss. Akt II. Es ist scheinbar be¬
1711 4022 2488 4078 seitigt. Akt III. Es ist gewiss mit einem
1709 4063 2488 4128 leisen Fragerchen. In dieser ausge¬
1721 4104 2491 4155 messenen Zirnelung des Konfliktes ruht
1717 4144 2488 4191 die dramatische Unkraft des Stückes, das
