3436 4352
1086 211 1184 276 6
1374 205 1843 301 box 25/2
308 201 1228 317 20. Zuischens111
1385 1455 1810 1544 —
392 1474 720 1556 Gesetzgebung.
393 1596 3377 1648 Enttäuschungen des Junggesellentums die Rede war, stens in Gedanken den Treubruch begangen. Er gesteht; Das scheint gewiß die einzig mögliche Lösung, und kein
2367 1596 3381 1664 Mensch wird Schnitzler die Banalität zutrauen, daß er
1384 1621 2380 1685 ihr das Letzte nicht, während sie ganz unbefangen über
401 1615 1401 1685 hätte der Bühne als Mittlerin entraten können. In
2373 1637 3373 1714 zum Schluß die beiden Leutchen sich gerührt in die Arme
1384 1660 2370 1710 ihre Abenteuer plandert und auch die Gefahr, in der sie
393 1671 1394 1734 seinem jüngsten Werk ist diese Entmaterialisierung auf
2370 1690 3371 1763 sinken lasse. Dagegen ist nichts einzuwenden. Was ich
1385 1702 2374 1764 geschwebt, nicht verkennt. Aber da er mit dem einen
395 1715 1395 1778 die Spitze getrieben; was der Form nach Drama heißt,
2369 1729 3362 1790 aber nicht begreife oder vielmehr: wogegen sich mein
1395 1742 2376 1805 Erlebnis innerlich längst fertig geworden ist, lockt es
389 1756 1138 1833 ist eine ganz zarte, ganz dünne Novelle.
2366 1773 3367 1843 Gefühl sträubt, das ist jener anfängliche Pakt, der die
1390 1784 2383 1853 ihn zu einem neuen, und in erwachendem Sinnenrausch
458 1786 1399 1859 „Zwischenspiel“*) führt uns die Ehe eines
2369 1812 3373 1896 gute Kameradschaft an die Stelle der Ehe setzt. Frau
1383 1839 2376 1898 nimmt er die eigene Gattin. Das Schamgefühl des
394 1843 1387 1922 Künstlerpaares vor. Er, Amadens Adams, ein Kompo¬
2372 1856 3372 1932 Cäcilie selbst findet später, daß sie sich da Komödie vor¬
1385 1874 2378 1942 Weibes ist beleidigt. Sie glaubte sich in ihrem Heim
408 1883 1389 1954 nist; sie, Cäcilie Adams=Ortenburg, eine gefeierte Opern¬
2376 1908 3370 1971 gespielt haben. Mich mutet dies Abkommen, soll ich den
1380 1912 2381 2000 gefeit, vor den Abenteuern der Welt sicher, und nun hat
406 1938 1399 1997 sängerin. Nach siebenjähriger Gemeinschaft, die nicht
2363 1937 3382 2010 Ausdruck unwahr vermeiden, zum mindesten lebens¬
1383 1954 2372 2043 sie ihr Mann in heißer Leidenschaft an sich gerissen,
401 1981 1390 2043 nur ein künstlerischer Gedankenaustausch war, sondern
2375 1989 3383 2060 fremd an. Ganz abgesehen davon, daß des Kindes
1393 2006 2375 2076 weil er eine andere, eine Fremde nach ihrer Rückkunft
407 2009 1404 2097 in der sie sich auch getreulich alle Herzensgeheimnisse
2370 2031 3374 2115 überhaupt kaum Erwähnung geschieht (zum Glück be¬
1385 2052 2367 2128 in ihr sah. Sie begreift, daß sie beide nicht geschaffen
400 2066 1401 2127 gebeichtet haben (eine seltsam winzige Rolle spielt in
2380 2085 3380 2146 dentet das für die tollsten Künstlerlaunen eine Schranke,
1388 2104 2374 2159 waren, sich ewig in Liebe anzugehören, aber sie kommt
395 2123 1395 2181 diesem Bunde einzig das Kind) stehen beide vor einem
2381 2127 3378 2198 der warnende Finger an der Wand): ich kann mir
1396 2147 2374 2200 nicht darüber hinweg, daß er nicht stark genug war, den
409 2163 1394 2215 neuen erotischen Erlebnis. Der Mann ist auf dem
2377 2168 3373 2232 wohl vorstellen, daß sich ein Mann frei geben ließe, um
1391 2181 2380 2258 Freundschaftsbund rein zu erhalten. Und diesmal gehen
398 2205 1399 2260 Punkte, einer koketten gräflichen Sängerin ins Netz zu
2375 2209 3379 2275 eine übermächtige Neigung mit Einwilligung seiner
1391 2232 1908 2307 sie für immer auseinander.
408 2231 1397 2300 gehen; die Frau läßt sich von einem fürstlichen Jüng¬
2381 2265 3378 2328 Frau abzuschütteln; aber daß die Frau gleiche Rechte
1441 2252 2386 2346 Der Räsonneur des Stückes, ein Dichter Albertus
399 2300 1403 2349 ling hofieren. So wenig ernsthaft im Grunde auch diese
2377 2297 3381 2374 beanspruchen solle, daß es auch ihr verstattet wäre,
1395 2323 2377 2381 Rhon, den Schnitzler als avis au spectateur nicht ent¬
398 2341 1395 2384 Neigungen sind: Cäcilie findet nicht mehr den Mut zu
2377 2343 3388 2417 außerehelichen Erlebnissen nachzujagen, mögen sie
1396 2363 2385 2435 behren zu können schien, gibt uns den Schlüssel der
406 2375 1402 2452 rückhaltloser Aussprache. Sie fürchtet, durch Worte das
3254 2386 3366 2448 der
2382 2394 3279 2465 tausendmal mit den Schönheitspflästerchen
1395 2403 2384 2480 Komödie, wenn er von der „tiefen Unsicherheit aller
404 2425 1401 2480 Geständnis ihrer Gefühle zu entstellen. Aber in der
2386 2428 3383 2507 guten Kameradschaft, der aufrichtigen Freundschaft
1401 2448 2386 2522 irdischen Beziehungen zwischen Mann und Weib“ spricht:
410 2464 1403 2523 Angst um einander soll ihre Liebe nicht enden. Ohne
2872 2461 3385 2544 ist etwas, was mein
2379 2476 2897 2561 zugedeckt werden — das
1395 2504 2380 2558 „Freundschaft zwischen zwei Menschen verschiedenen Ge¬
406 2515 1392 2566 Bitterkeit und Groll, in bestem Einvernehmen wollen
2389 2510 3364 2593 Denkvermögen übersteigt und gegen das sich
1398 2538 2387 2603 schlechts ist immer eine gefährliche Sache — sogar zwi¬
413 2559 1406 2626 sie scheiden und fortan gute Kameraden sein. An ihren
2375 2555 3379 2646 mein vieleicht allzurückständiges Gefühl wehrt. Ich kann
1391 2586 2376 2666 schen Ehelenten. Wenn die Seelen sich allzu gut ver¬
412 2604 1405 2662 künstlerischen Beziehungen würde das wenig ändern,
2383 2625 3376 2677 eben diese Voraussetzung nicht hinnehmen, weil mir die
1405 2636 2384 2707 stehen, so reißen sie allmählich auch das mit, was man
401 2643 1409 2713 und als solche könnte jeder den andern wieder in jene
2377 2644 3388 2730 Konsequenzen eines solchen Schritts absurd vorkommen,
1409 2673 2387 2744 gern bewahren möchte; und wenn die Sinne zueinander
407 2686 1370 2744 Geheimnisse einweihen, die sie sich jetzt aus einer ge
2381 2698 3374 2773 Und darum erscheinen mir diese beiden Musikereheleute,
1402 2713 2388 2781 fließen, so gleitet mehr von der Seele nach, als wir
409 2739 1402 2790 wissen Bangigkeit verschweigen. Nach kurzer Abwesenheit
2384 2747 3380 2815 wenn sie auch Künstler, gesteigerte und unendlich
1394 2752 2398 2832 ihnen gerade nachsenden wollten.“ Die Freundschaft
410 2779 1407 2838 kehrt die Frau zurück. Er hat das Zwischenspiel benutzt,
2380 2787 3381 2858 ##isserenzierte Menschen sind, komödiantenhaft oder doch
1402 2793 2399 2865 dieser beiden Künstler, die sich zeitweilig trennen, um
408 2823 1405 2879 um sie zu betrügen; sie mit ihrer Sehnsucht „nach allem
2392 2818 3392 2897 ### raktionen. Ihre Freuden sind eben nicht meine
1401 2856 2386 2912 einen höheren Zustand der Gemeinschaft zu finden, weil
408 2871 1404 2933 Schmerzlichen und Süßen, nach allem Schönen und
2387 2891 3398 2950 Fr###den, ihre Leiden nicht die meinigen. Deshalb läßt!
1401 2895 2386 2968 sie in ihrer Ehe anfangen, Geheimnisse vor einander
404 2914 1404 2977 allem Kläglichen, was das Leben bringi“, hat wenig¬
2379 2919 3383 2980 mich auch der tragische Ausgang ganz kalt. Ich sage
1391 2936 2391 3022 zu haben, d. h. sich unfrei fühlen, — diese Freundschaft
2392 2952 3389 3043 mir nur rein verstandesmäßig: ein so tolles Experiment
1405 2985 2402 3048 I wird durch das Liebesabenteuer einer Nacht zuschanden.
512 2988 1221 3073 Buchausgabe bei S. Fischer, Berlin.
2206 3030 2705 3121 WRRR
