3436 4352
1312 219 1751 318 box 25/1
238 228 1223 338 20. Zuischenspiel
409 676 766 771 Telephon 12801.
598 799 1268 899 „UBSENVER
387 894 1504 966 I. österr. behördl. konz. Unternehmen für Zeitungs-Ausschnitte
606 945 1336 1019 Wien, I., Concordiaplatz 4.
814 1016 1112 1072 Vertretungen
407 1051 1523 1111 in Berlin, Budapest, Chicago, Christiania, Genf, Kopenhagen,
397 1099 1514 1141 London, Madrid, Mailand, Minneapolis, New-York, Paris, Rom,
578 1152 1339 1206 San Francisco, Stuckholm, St. Petersburg.
764 1175 1171 1249 (Ouallenangabe ehne Gewähr.)
399 1220 1521 1396 Ausschnitt Küssische Zeitung. Berle.
409 1324 816 1420 vom: 13.70 05
394 1408 888 1493 Senene en en enn e
461 1442 1599 1523 Wien, 12. Oktober. (Eig. Drahtber.) Arthur Schnitzlers
408 1497 1601 1577 neueste Komödie „Zwischenspiel“ die Ehekrise und Ehe¬
408 1546 1587 1608 katastrophe eines Künstlerpaares, hatte bei der Uraufführung im
415 1589 1582 1638 Burgtheater in den ersten zwei Akten interessiert und den Ver¬
411 1629 1584 1681 fasser mehrfachen Hervorruf eingetragen. Der Schlußakt ließ durch
413 1666 1591 1722 Längen und Sophistereien die Stimmung bedenklich umschlagen.
414 1702 1585 1760 In der Darstellung waren Kainz als Komponist, Lotte Witt als
410 1750 1285 1798 Primadonna und Korff als Fürst hervorragend.
637 2510 1030 2636 Klarst
467 2666 837 2758 Telenhon 12871.
1271 2710 1391 2790 355
657 2755 1349 2864 „UDSENVEN
460 2819 1592 2955 I. österr. behördl. konz. Unternehmen für Zeilungs-Ausschnitte
665 2895 1405 3000 Wien, I., Concordiaplatz 4.
890 2963 1200 3036 Vertretungen
472 2995 1600 3098 in Berlin, Budapest, Chicago, Christiania, Geuf, Kopenhagen,
475 3055 1598 3139 London, Madrid, Mailand, Minneapolis, New-York, Paris, Rom,
665 3087 1436 3162 San Francisco. Stockholm, St. Petersburg.
846 3137 1255 3203 (Oueliesengsbe obas Gewähr.)
485 3133 1708 3332 sie sen Hanchoen- u- eachuuf.
681 3319 775 3398 ¾
508 3350 658 3405 vom:
508 3342 1162 3454 u
814 3403 1219 3471 Theaternachricht.
586 3416 1509 3531 v. Schnitzlers Komödie „Zwischenspiel“ kam
541 3484 1507 3584 heute im Wiener Burgtheater zur Uraufführung,
1578 3489 1618 3580 3
560 3519 1510 3623 eine nachdenkliche Arbeit voller Feinheiten, der aber
561 3551 1510 3669 großzügige Dramatik fehlt, zeigt sie den Dichter
554 3603 1510 3720 noch immer dort, wo auch sein einsamer Weg sich
1554 3648 1618 3705 #2
1565 3679 1628 3741 5
555 3650 1516 3763 zog: Bei der etwas verwirrten Darstellung über¬
571 3698 1523 3800 spitzter Seelenkonstikte. Der nach dem zweiten Alte
572 3731 1528 3844 sehr starke, später nicht widerspruchslose Beifall galt
571 3773 1522 3878 mehr dem allgemein als unserem besten geschätzten
575 3799 1636 3943 Dichter als dem Werke, dus nicht zu seinen besten #
1542 3868 1629 3960 8
569 3903 1023 3995 gehört. (Privattelegr.)
585 3963 862 4052 e
2150 1381 2580 1556 Akkte
1987 1500 2328 1592 i 1 .
2143 1554 2855 1714 „OBSERVER‘
1962 1694 3087 1788 1 österr. behördl. korz. Unternehmen für Zeilungs-Ausschnitte
2151 1762 2896 1849 Wien, I., Concordiaplatz 4.
2366 1824 2689 1896 Vertretungen
1966 1858 3073 1932 in Berlin, Budapest, Chicago, Christiania, Genf, Kopenhagen,
1958 1921 3081 1979 London, Madrid. Mailand, Minneapolis, New-Vork, Paris, Rom,
2141 1959 2909 2020 San Francisco, Stockholm, St. Petersburg.
2319 2008 2731 2066 (Quellenangabe ohne Gevähr.)
1952 2077 2351 2177 Ausschnitt aus
2355 2100 3066 2241 rankfurter Zeitung
1958 2145 2336 2247 von 3 OKTObt
2044 2285 3139 2346 4 Wien, 12. Okt., 11.40 N. Von „Zwischenspiel“ der
1988 2314 3141 2378 dreiaktigen Komödie von Arthur Schnitzler, wurden bei der
1989 2353 3137 2422 heutigen Urpremière im Burgtheater die beiden ersten Akte
1987 2392 3129 2456 freundlich aufgenommen, der Schlußakt demonstrativ abgelehnt.
1995 2426 3139 2501 Die angebliche Komödie, die mehr tragische als komische Motive
1994 2482 3134 2539 enthält, will dartun, daß sogenannte Zwischenspiele bei auf¬
1986 2514 3136 2580 richtigen und vornehmen Menschen die Ehe zerstören müssen,
1987 2556 3127 2613 Da hier der Ehemann der schuldige Teil ist, demonstrierte das
1981 2587 3122 2651 Publikum durch Zischen zur Aussöhnung und Erhaltung der Fa¬
1991 2626 3141 2694 milie. Aber nicht an der der Mehrheit unwillkommenen Tendenz
1986 2667 3129 2728 scheitert das Stück, sondern an der Blutleere der Gestalten
1979 2707 3137 2751 und Weitschweifigkeit des Dialogs, eder weder ganz realistisch
1977 2741 3131 2808 noch besonders fein pointiert ist. Gespielt wurde von Kainz
1983 2793 3127 2852 und Korf ganz vorzüglich. Frau'Witt entsprach nicht völlig
1988 2822 2579 2889 den Intentionen des Dichters
