3436 4352
1308 206 1777 319 box 25/1
237 209 1317 324 20. Zuischensniel
372 1519 3376 1549 aus einer einmal vorher verwendeten Szene oder uns heiter, aber sie erwärmt uns nicht. Am meisten doch nicht versuchen, den Dichter in ei
2559 1512 3372 1577 Sphäre, man könnte fast sagen, zurückzud
387 1557 2560 1609 Situation ein ganzes Stück. Gerade das letztere trifft leid tut es einem um den prachtvollen Dialog und
2561 1555 3382 1644 sie ihm nicht paßt oder wenn er Grü
1467 1568 2558 1631 daß er gerade zu diesem Stücke verwendet ist. Es
393 1582 1487 1667 hier zu. Im „Einsamen Weg“ sagt Irene zu Julian:
2561 1610 3371 1693 glaubt, sich daraus zu befreien. Und d
1473 1620 2564 1685 gibt jetzt wohl kaum einen deutschen Schriftsteller,
393 1628 1480 1718 „Die dumme Geschichte, die mir dann im Engage¬
2566 1659 3375 1736 der Fall. Denn gegen den abstrakten
1483 1675 2558 1738 der ihn so zu behandeln vermag, wie Schnitzler.
384 1680 1486 1745 ment draußen passiert ist, meiner Seel', du hättest
2567 1709 3376 1776 Geist des Stückes, das so wenig wie
1478 1711 2550 1784 Ein Glied der Kette reiht sich darin mit Notwendig¬
389 1732 1480 1797 sie mir wirklich verzeihen können. Es ist wahrhaftig
2570 1739 3375 1821 enthält, erscheint die wienerische Färbung d
1485 1771 2557 1825 keit aus andere und kein Wort erscheint zu viel.
389 1784 1484 1856 nicht so viel dran, wie ihr Männer immer draus
2568 1806 3377 1870 als innerer Widerspruch. Die Spieler wir
1479 1821 2569 1883 Die Glieder sind schlank und schmal, aber fest ver¬
390 1833 1484 1895 macht — nämlich wein's uns passiert“ Und Julian
2561 1861 3377 1931 Werke mit ganzer Liebe und voller Kra
1485 1856 2568 1923 ankert. Geisterhaft huschen Leichtigkeit und Glanz
385 1861 1484 1938 antwortet: „Nicht viel dran, sagst du. Du magst ja
2559 1901 3375 1971 Herr Kainz (Amadeus), der der wel
1478 1908 2558 1987 darüber hin. In vielem gleichen Schnitzlers Wechsel¬
387 1910 1493 1997 recht haben. Aber wenn's einen trifft wird man eben
2567 1955 3346 2019 schen Figur des Kapellmeisters mit
1477 1961 2560 2032 reden denen Ibsens, auf dessen Technik auch sonst
397 1957 1480 2036 doch ziemlich rasend. Und wenn wir uns auch ver¬
2570 1997 3364 2071 seiner großen Kunst beizukommen sucht
1485 2009 2561 2081 noch manches weist. So die Einfachheit der Sze¬
399 2019 1486 2089 söhnt hätten — es wäre doch nicht mehr das Rechte
2559 2049 3331 2107 ruhige, zerfahrene, flackernde Wesen,
1487 2053 2559 2119 nerie, die Einheit des Ortes, die Art, wie der eine
387 2061 1492 2142 geworden. Wie's einmal verwunden war, sind wir
2575 2074 3376 2158 Ausbruch der neu erwachten Leidensch
1477 2108 2564 2164 und der andere äußere Handlung verschmäht und
389 2118 1480 2188 ja die besten Freunde geworden und find's geblieben.
2568 2140 3376 2206 Frau und seine Eifersucht waren zu ei
1482 2148 2569 2225 dafür das feine Hebelwerk der Seele vor unseren
397 2166 1488 2240 Das ist doch auch was sehr schönes" Darauf Irene:
2575 2190 3373 2251 vollen, lebendigen Gestalt zusammenge
1482 2201 2046 2287 Augen in Bewegung setzt.
399 2194 1490 2298 „Ja. Heut bin ich auch ganz zufrieden. Aber da¬
2569 2235 3374 2299 Funke von Genialität, der nach dem
1587 2223 2570 2310 Alle diese intimen Reize erschließen sich nur bei
597 2260 1487 2334 ! O Gott, was war das für eine Zeit!
400 2272 553 2339 mals
2571 2284 3376 2353 Dichters in dieser Gestalt trotz aller ih
1491 2310 2574 2359 stiller Sammlung und bei ruhigem Lesen des Werkes,
395 2308 1485 2371 Du weißt ja dech nichts davon. Nachher hab ich dich
2572 2317 3377 2411 liegt, schlug in der Darstellung nicht herc
1490 2346 2566 2403 im grellen Schein der Bühne verblaßt ihr Glanz.
390 2354 1492 2435 erst so recht geliebt — nachher, als ich dich durch
2565 2389 3374 2445 es auch schwerlich. Denn wie stellt in
1488 2400 2582 2461 Dies bewies auch die Aufführung. Um die zierlichen
390 2397 1499 2461 meinen Leichtsinn verloren hatte. Ja, da hat sich erst
2570 2436 3368 2501 Der Haarschopf auf der Stirne und d
1497 2454 2565 2511 Spitzen des Dialogs halbwegs zur Geltung zu brin¬
404 2436 1495 2512 sozusagen die wahre Treue in mir entwickelt“. In
2567 2478 3376 2553 bejische Versenken der Hände in die
1489 2485 2587 2560 gen und seine enge Verklitterung zu zeigen, waren
391 2513 1489 2572 dieser Cpisode liegt doch, sozusagen, das ganze Pro¬
2584 2520 3326 2597 allein tut es nicht. Herr Korff“
1489 2537 2579 2597 die Spieler gezwungen, langsamer als sonst zu
400 2554 1490 2627 gramm des „Zwischenspiels“ beschlossen, von Anfang
2575 2555 3377 2642 durch Sicherheit, Einfachheit und Elen
1492 2583 2575 2655 sprechen und die ganze Vorstellung wurde dadurch
396 2586 1498 2657 bis zu Ende. Nur die Rollen der weiblichen und
2580 2608 3377 2682 Schwierigkeit seiner Rolle hinweg. Im
1497 2629 2580 2702 übermäßig zerdehnt. Einige gefährlich im Geiste der
397 2645 1502 2705 männlichen Akteure sind vertauscht. Und wie hier
2573 2673 3371 2730 er für ihren Geist den Ton fest, de
1507 2673 2583 2752 „Wahlverwandtschaften“ und des Simplicissimus
400 2694 1495 2757 durch die Episode eines älteren Stückes der ganze Wurf
2575 2716 3362 2779 selbst angeschlagen; die salbungsvoll
1503 2740 2582 2803 schillernde Stellen waren getilgt, dagegen am Ende
394 2746 1496 2818 des neuen bestimmt wird, so wandeln wir an anderen
2580 2766 3360 2846 Ordensmannes, der zu werden der Fü
1495 2782 2566 2848 ein banaler Klecks zugesetzt. Fräulein Witt sprach
403 2786 1498 2860 Stellen desselben auf den wohlbekannten Spuren
2579 2804 3384 2876 Begriffe stand. Herr Treßler (Al
1496 2824 2583 2894 das kühle Hochdeutsch der Berliner Salons, Herr
399 2829 1089 2916 von „Freiwild“ und „Liebelei“
2574 2858 3375 2944 zwar den etwas trockenen Humor, aber
1493 2878 2572 2944 Treßler und Frau Häberle schwäbelten, Herr Kainz
509 2868 1500 2949 Gegen die Schwächen des Werkes kommen seine
2583 2913 3373 2970 Ironie der mehr räsonnierenden als h
1500 2922 2583 2991 sprach mit einem Auflug von Wiener Dielekt und
399 2935 1494 2990 reichen Schönheiten und die Fülle seiner kleinen
2582 2953 3372 3032 stalt zum Ausdruck bringen. Frau K#
1489 2976 2587 3031 Herr Korff ging darin auf. Man kann zweifeln, ob
401 2986 1492 3047 Künste nicht auf. Die reizende Ironie, die vielfach
2574 3009 3368 3071 derike) verlieh ihrer kleinen Rolle R
1489 3018 2580 3091 diese Mischung, ja ob überhaupt die dialektische Färbung
402 3030 1492 3090 aufblitzt, vermag doch nicht die trübselige Stimmung
2574 3054 3372 3119 Witt (Cäcilie) gab die Frau, mit de
1500 3060 2594 3127 in diesem Stücke in der Absicht Schnitzlers lag. Im
410 3076 1501 3140 des Ganzen zu durchleuchten. Die Grazie, mit der
404 3108 3366 3188 der Dichter sich und andere witzig persifliert stimmt! Wortlaut wenigstens weist nichts daraufhin. Man sollte los über Liebe diskutieren kann, seh
