3532 4224
1387 112 1826 210 box 25/6
322 141 1240 238 20. Zwischensniel
655 1083 1524 1198 ##MBremer Tagblatt
774 1264 1693 1353 Schauspielhaus am Ostertor.
1092 1359 1385 1424 Zwischenspiel.
857 1416 1688 1489 Komödie von Arthur Schnißler
960 1476 1520 1565 Spielleitung: Tom Farecht.
712 1568 1822 1615 Diese Komödie abhandelt das heikle Thema des ehelichen
647 1631 1824 1677 zwischenspiels, bei dem zwei mit starkem inneren Wahrheits¬
641 1660 1830 1714 nut voreinander offen gewesene, möglichst selbständig geblie¬
651 1704 1819 1761 en Menschen sich eines Tages so ernüchtert fühlen, daß sie sich
644 1761 1823 1808 abwechselnd mit fixen Ideen von einer Ecke ihrer hätslichen
645 1793 1822 1852 Behaglichkeit in die andere treiben und gerade dann ihr unab¬
643 1844 1827 1900 wendbares Gattenschicksal erneut verlockend aufflackert, wenn
631 1887 1821 1943 sie sich — beinahe — zum Entschluß durchgerungen haben, Ab¬
629 1932 1255 2013 schied voneinander zu nehmen.
707 1971 1821 2043 Um dies in drei Akten einwandsfrei abzuhandeln, bedürfte
634 2038 1818 2094 es einer unaufhörlich verblüffend sprudelnden Inspiration oder
638 2074 1820 2130 doch solcher belebenden Stoffzutaten, die aus dem dreiaktigen
629 2115 1834 2186 Szenengewebe wenigstens eine „Handlung“ ermöglicht,
632 2177 1826 2232 hätten. Ein Einakter wäre ebenfalls nach bewährten Mustern
626 2214 1831 2276 für Schnitzler die beste Lösung und sicherlich ein amüsantes Er¬
627 2262 1816 2326 lebnis geworden. Was uns aber der liebenswürdige und geist¬
628 2296 1833 2369 reiche Rampenseuilletonist in diesen drei langgedehnten Akten
628 2361 1812 2419 ohne jeden nennenswerten Ansatz zu einem befreienden „Vor¬
625 2394 1822 2462 gang“ an theoretischem Geschwätz seiner um die Liebe
639 2442 1833 2500 gleichsam feilschenden Sprechapparate zumutet, das ist manch
623 2494 1847 2558 biederem Lesedrama in tragischen Jamven, das nie das Licht der
626 2535 1572 2609 Glühbirnen erblickt, mindestens wesensverwandt.
695 2579 1836 2653 Trotzdem verdient diese thesenreiche Schnitzlerbeichte, der
622 2643 1820 2705 Alternde hat sich selbst in dem ganz köstlichen Phrasendrechsler
632 2685 1826 2735 Albertus Rhon ein humoristisches Denkmal gesetzt, mit In¬
621 2721 1818 2781 teresse entgegengenommen und besprochen zu werden, denn sie
630 2770 1827 2834 klatscht ja so vieles Unzulängliche in unserer eigenen Umwelt
625 2820 1824 2871 ab und bietet einen mehr als einmaligen Gesprächsstoff für
620 2856 1827 2918 selbstdenkende Theaterbesucher. Das ausverkaufte Haus wird
626 2913 1536 2970 auch zweifellos damit in Zusammenhang stehen.
696 2955 1832 3011 Die natürlichste Lösung sand Ernst Glasemann in einer
620 2997 1819 3051 saloppen, ziemlich leichtflüssigen Behandlung der bunt gewürfel¬
625 3059 1839 3100 ten Redeweisheiten Albertus Rhons, die er einfach binkprach
1846 1199 3046 1283 und nicht noch zu sezieren suchte, wozu ihre Magerkeit nicht
1856 1279 3033 1334 ausreicht. Arthur Beder=Bernhard hielt den Kapell¬
1859 1317 3036 1365 meister ebenfalls mit glücklichem Gelingen von zuviel Phrasen¬
1845 1354 3048 1411 haftigkeit frei und spielte lebendiger, als es Schnitzlers trocke¬
1861 1411 3036 1456 nem Dogmenheld gebührt. So traf er die Künstlichkeit des kon¬
1847 1439 3035 1499 struierten Seelenaufruhrs so vortrefflich, daß sie zu natürlichem
1848 1484 3035 1533 Erleben wurde. Von Kitty Sonntag=Blume ist dies nur
1848 1515 3051 1586 in Flüchtigkeiten des letzten Aktes zu sagen. Zwar waren
1851 1580 3034 1630 Miene, Ton, Haltung glänzend beherrscht, aber zu einer echt
1851 1624 3040 1672 weiblichen Wärme, die Amadeus von neuem niederzwingt und
1857 1664 3033 1718 berauscht, kein Atemzug zu spüren. Vielleicht war sie zu sehr
1855 1710 3037 1756 Zwischenspielschnitzler; hätte sie aber des jüngeren Dichters ge¬
1857 1753 3037 1803 dacht, des empfindungsreichen —!—. Rosa Konradi war als
1853 1799 3040 1847 Gartin Rhons unglaubhaft, eine völlig unbegnadete Klein¬
1839 1845 3043 1887 bürgersigur. Dem Rahmen fügten sich Käte Nevills schmeich¬
1845 1881 3030 1937 lerisch kokettierende Gräfin und Karl Paulsens Puppen¬
1851 1921 3030 1983 stubenfürst passend an. Das Tempo war viel zu langsam,
1857 1930 3050 2022 gänzlich verschleppt. Es müßte doppelt so schnell
1843 2003 3058 2086 sein! Um Nachproben wird gebeten. Rolf C. Cunz.
