3532 4224
255 155 420 239 20
366 774 414 841 *
1328 135 1777 220 box 25/5
427 161 1158 255 S Dle
453 465 1466 587 — Seg -Mjeupjoof'd“]
877 539 978 596 ulion
413 577 1465 723 sopenssohulitg Dolod pun olspug
418 739 643 813 in bei
401 758 1015 855 #hagen, London, Mindrid. Wi—
470 793 1172 885 Paris, Rom, San Francisco, Stöcknon.
781 834 1173 906 (Quelienangabe chns Gewän.
394 917 876 1010 Ausschnitt aus:
670 963 1612 1075 16 12.190) Vossische Zeitung,
377 1043 710 1133 E vom
797 1140 1286 1209 Theater und Musik.
452 1192 1651 1259 Im Lessing=Theater wurde gestern abend Arthur Schnitzlers
430 1235 1392 1317 Komödie „Zwischenspiel“ neu einstudiert und tein
424 1272 1631 1335 setzt wieder herausgegeben. Die Schwächen dieser Salontragödie
424 1320 1635 1376 mit komischen Einlagen, die eine stärkere Hand zur Einheit
436 1364 1633 1427 eeiner Tragikomödie gezwungen hatte, lagen auch gestern bloß
432 1390 1632 1470 wie vor zwei Jahren, aber das Stück hielt sich noch über¬
433 1430 1644 1501 raschend gut, wenigstens durch die beiden ersten Akte,
435 1469 1645 1533 wenn auch zuweilen durch eine mißverstehende Aufnahme,
429 1509 1651 1576 die sich zum Lachen bereit zeigte, wenn nur ein Lächeln der
435 1544 1652 1625 Wissenden gefordert wurde. Die Wissenden in diesem Fall sind die
440 1596 1649 1664 Leute die eingesehen haben, daß die Ehe das komplizierteste
437 1627 1648 1684 Verhältnis zwischen zwei Menschen bedeutet, auch wenn sie
1376 1666 1641 1715 Die Grenz¬
445 1680 1346 1732 nicht gerade Künstler und Kunstlerin sind.
437 1707 1637 1785 fälle dienen eben dazu, auch das Normale und Durch¬
437 1748 1647 1811 schnittliche zu beleuchten. Es spricht sehr für die Rechtschaffenheit
441 1786 1644 1847 unseres Publikums, daß es sich weniger von der geistreichen
452 1818 1648 1883 Analyse des Wesens der Treue bestechen ließ, die aus lauter
453 1856 1651 1925 Untreuen resultieren kann, als von den humoristischen Rand¬
1278 1894 1656 1955 etwas clownmäßig
447 1906 1264 1972 hemerkungen eines Vertrauten, der sich
442 1950 1650 2006 zwischen die Zuschauer und die beiden Gequälten stellt, um die
440 1972 1650 2044 Wahrheit in der Lüge und die Lüge in der Wahrheit mit
449 2016 1654 2070 seiner Peitsche zu treffen. So kam es, daß Herr Reicher, der
443 2056 1654 2120 wieder den erklärenden Schriftsteller mit den saloppen Manieren fast
448 2115 1654 2171 allzu wirksam gab, mit ungebührlicher Breite den Vordergrund aus¬
450 2140 1656 2197 füllte. Damit verlor die Komödie der Dekadenten und Nervösen
448 2175 1670 2234 viel von ihrer Delikatesse und gewann wenigstens für die Nicht¬
451 2205 1659 2274 wissenden an einer Drastik, die ihre schwächliche theatralische Muskulatur
464 2250 1650 2320 stärkte. Und sollte nicht gerade dieser Umstand für die Lebensfähigkeit
462 2299 1653 2364 eines Werkes sprechen, daß es im vorletzten und im letzten Grunde,
460 2332 1649 2386 auf verschiedene Weise verstanden werden kann, und sich auch auf
454 2376 1647 2430 die falsche behauptet? Denn wenn wir auf die letzten Jahre
454 2408 1657 2460 theatralischen Mißvergnügens zurückblicken, das „Zwischenspiel“
458 2451 1667 2519 steht doch unter den wenigen Stücken, die uns über den Abend
469 2485 1668 2553 hinaus beschäftigen können die mindestens aus der Zeitseele ein
468 2522 1674 2589 denkendes und fühlendes Dasein empfangen haben. Die gestrige
465 2580 1668 2623 Wiederaufnahme galt in erster Linie einem Gast Herrn Monard
465 2622 1668 2661 aus München, der Bassermanns Kapellmeister übernahm, im ganzen
473 2631 1677 2707 eine gesunde, vertrauenerweckende Erscheinung, körperlich etwa zwischen
464 2682 1662 2736 Christians und Rittner, an den er auch mit dem Tonfall einiger Sätze
467 2710 1674 2772 erinnerte. Sein Vorgänger stattete den Künstler mit allen Symptomen
469 2765 1675 2834 moderner Hyperkultur und einer ungemein reizbaren Nervosität aus, um
475 2799 1670 2856 etwas von der Jugendlichkeit und Naivetät schuldig zu bleiben, die
472 2834 1676 2901 auch zur feinsten Art des Selbstbetrugs gehört. Herr Monard
480 2877 1680 2941 faßte die Rolle gerade von dieser Seite; er machte den
480 2910 1674 2965 dummen Jungen glaubhaft und brachte aus allen Feinheiten
471 2959 1683 3012 der Selbstbeobachtung und Selbstverhüllung noch einen krenzbraven
476 2980 1690 3057 Kerl heraus der gewiß vorhanden, aber nur auf recht ver¬
491 3019 1689 3100 schlungenen Wegen ermittelt werden darf. Seine Figur war
482 3070 1684 3122 gut im Material, aber nicht ziseliert genug, namentlich nicht neben
488 3109 1695 3174 Frau Trieschs Caecilie in ihrer geradezu berückenden Kunstfertigkeit¬
489 3149 1686 3205 der Ausführung. Darf man nach dieser Rolle, die so viel Raffinement
496 3189 1688 3249 wie Natur fordert, einen neuen Mann überhaupt beurteilen, so wird
794 3232 1691 3293 e Natur zugeben müssen, Einfachheit und
484 3246 728 3296 man ihm
499 3242 1707 3325 Geradheit während es noch an einer gewissen Vibration des
487 3308 1704 3368 Wesens fehlt, besonders an einer reicheren Nüancierung der
490 3344 1693 3403 stummen Mitteilung. Die Gebärde bedarf noch einer Pflege zu
501 3383 1708 3444 feinerer, vielseitigerer Beredtheit, wie auch das gesprochene
499 3430 1694 3480 Wort allzu häufig demselben Satzton folgt, aber das Material
499 3459 1688 3507 an Empfindung, an Starkem und Weichem, scheint vorhanden,“
487 3511 1701 3566 und wenn der Gast in dieses Ensemble tritt, wird er ihm gewiß
549 3530 1724 3608 ##e entwicklungsfähige Kraft zuführen. Herr Grunwald¬
492 3577 1708 3645 gab wieder den Fursten Lohsenstein in bescheidener, sicherer
501 3612 1706 3678 Art, während die kleinen Franenrollen in neue Hände ge¬
489 3666 1700 3708 kommen sind. Der unkomplizierten Schriftstellersfrau lieh Frau
502 3700 1703 3747 Hofmann den rechten Herzenston. Wenn nur die Arme eist frei
501 3731 1702 3785 würden! Die verführerische Gräfin und Opernsängerin ist zu
503 3783 1707 3832 Fräulein Wüst übergegangen, die sich ihrer resoluten Art nach zu
501 3807 1719 3883 offen als Kanaille ausgibt. Die gefährlichen Kanaillen, soweit ich¬
505 3851 1409 3915 sie kenne, sehen immer wie die Engel aus. A. E.
2708 1164 3100 1249 Telephon 12801.
2039 1335 3105 1428 HmEERESNNT
1958 1408 2034 1456 —
2035 1421 3117 1493 I. österr. behördl. konz. Unternehmen für Zeitungs-Ausschnitte
1991 1485 2045 1530 6
2124 1495 3000 1577 Wien, I., Concordiaplatz 4.
1969 1563 2054 1620 4
2344 1564 2798 1623 Vertretungen
2036 1618 3108 1669 in Berlin, Budapest, Chicago, Christiania, Genf, Kopen¬
2032 1670 3104 1717 hagen, London, Badrid, Mailand, Minneapolis, New-Vork,
2069 1685 3085 1750 Paris, Rom, San Francisco, Stockholm, St. Petersburg.
2369 1735 2771 1804 QQuelienangabe ohne Gewahr.)
2037 1772 3078 1863 Ausschnift aus: INER TAGBLATT
1961 1884 2494 1953 E vom: 14 12.190)
1973 1995 3156 2085 f. I. Das Lessing=Theater hat SchnitzlerKomödie
1932 2043 2705 2110 „Zwischenspiel“, die eigentlich e#n
2859 2053 3161 2122 RPine is,
1917 2113 3162 2159 neu einstudieet. Gestern abend begegnete die allen stärkeren
1925 2129 3156 2203 äußeren Geschehnissen abholde Studie zur Anatomie der Ehe
1924 2167 3162 2250 wieder einem ähnlichen belevten Interesse wie vor zwei Jahren bei
1912 2225 3163 2289 der Uraufführung. Drei Partien waren diesmal neu besetzt. Heinz
1921 2255 3168 2348 Monnird, der Münchener Gast, den wir noch von seiner Tätigkeit
1909 2307 3162 2373 am Berliter Theater unter Lindaus Direktion in der Erinnerung haben,
1914 2347 3177 2417 gab den Kapellmeister, jenen experimentierenden Eheartisten, an dem 1#
1918 2471 3153 2543 ehemals Bassermann seine Kunst erschöpfte. Monnard stand
1926 2524 3163 2586 der Sensibilität der Figur nicht allzu nahe; er behauptete
1915 2590 3167 2638 anfangs ein strammes Naturburschentum, das mit Akzenten
1923 2605 3163 2651 und Gesten aus der höheren Verstragödie vermischt war. Die nervöse
1928 2653 3170 2700 Spannung, unter der die Psyche des merkwürdigen Lebensdilettanten
1931 2694 3167 2756 bibriert, ging damit verloren oder wurde da, wo sie angedeutet werden
1926 2736 3165 2793 sollte, unglaubwürdig. Im zweiten Akt gelang es dem Gast, ein
1929 2775 3182 2844 intimeres Verhältnis zu seiner Aufgabe zu gewinnen, und die Szene,
1924 2820 3169 2864 die den Triumph der Sinne über alle Probleme des Zusammen¬
1927 2861 3168 2918 lebens von Mann und Frau demonstrieren soll, ließ schließlich ein
1925 2906 3159 2957 starkes Interesse an dem Temperament des Darstellers aufkommen.
1932 2949 3171 3016 Hier war Echtheit. Aber zuletzt stand er wieder da, wo er am Anfang
1921 2985 2613 3052 gestanden hatte — beim „Gespielten“
1964 3008 3163 3089 Ida Wüst hatte als fingende Kokotte viel Verführerisches, sie war
1928 3073 3159 3138 aber diskret genug, in der Andeutung gutes Maß zu halten. Mit
1926 3112 3164 3172 der wesenlosen kleinen Dichtersfrau gab sich Grete Hofmann
1926 3159 3153 3214 redliche Mühe. Die übrige Besetzung (Triesch, Reicher,
1920 3200 3168 3260 Grunwald) war die alte; sie ist vor zwei Jahren ausführlich
1908 3236 2285 3315 gewürdigt worden.
