3580 4192
292 218 1205 331 20. Zuischensniel
1365 196 1811 292 box 25/5
1942 103 3158 185 # Ihe Peer  Prnn kn16. 11    enhpnch
2314 159 3170 242 Der Erfolg war beispiellos.
1953 187 2258 249 bekräftigt hat.
1945 189 3182 290 Dies versicherten nicht nur das enthusiastisch gestimmte
1945 257 3175 338 Publikum und die Presse, sondern auch die Schweizer
1954 305 3174 382 Theaterkollegen. So äußerte sich der Direktor
1952 347 3172 431 des Zürcher Stadttheaters, daß das Spiel
1941 401 3171 470 des Burgtheaters das Reinhardtsche En¬
1942 458 3169 546 semble vielfach übertroffen hat. Die Burg¬
1941 511 3182 574 theaterschausvieler wurden denn auch von den Kollegen in
1955 546 3180 637 Zürich, Basel und Bern geradezu gehuldigt. Die Theater
1945 603 3188 672 waren stets so überfüllt, daß die Schauspieler der be¬
1948 645 3193 716 treffenden Bühnen nur im Orchester ein Plätzchen sanden.]
1959 703 3191 774 Das Eingehen des Publikums auf die spezifische
1958 744 3186 813 Kunst des Burgtheaters war bewundernswert.
1966 790 3183 853 Im Handumdrehen hatte das Publikum die Eigenart des
1954 831 3197 917 Burgtheaterspiels erfaßt und war darauf mit Hingabe
1956 887 3187 971 eingegangen. Der Eindruck war zum Beispiel bei der
1967 932 3189 1021 „Medea“ ein derartiger, daß nach den einzelnen Aktschlüssen
1965 982 3188 1075 die Zuschauer in sekundelanger stiller Er¬
1969 1021 3188 1129 griffenheit saßen, bis sich dieser Bann in stür¬
1956 1082 3035 1171 mischen Beifallskundgebungen löste.
2101 1110 3205 1210 Schon die Einführung des Gastspiels war sehr ge¬
1971 1187 3204 1254 lungen. Der erste Abend wurde durch einen rethorisch voll¬
1973 1199 3236 1305 endeten Vortrag Felix Salten's im Pfauentheater ein=
1977 1253 3246 1353 geleitet. R. Lothar hatte eine Programmschrift mit einer!
3195 1312 3242 1368 1
1980 1310 3199 1410 Darstellung der Burgtheatergeschichte von ihren ersten An¬
1976 1361 3258 1455 fängen bis zum heutigen Tage herausgegeben. Unterdessen!!
1982 1408 3257 1497 hatte Meister Wilke alle Hände voll zu tun, da die mitge=
1979 1456 3240 1545 brachten Dekorationen trotz aller Vorsicht gelitten hatten
1980 1502 3208 1588 und ausgebessert werden mußten. Wir Schauspieler hatten
1985 1537 3269 1658 jeden Vormittag eine kurze Orientierungsprobe, sonstsé
3214 1592 3262 1657 t
1975 1609 3224 1686 aber hatten wir keine Stunde für uns. Denn wir wurden
1983 1647 3268 1743 mit einer Flut von Einladungen überschüttet. Diesd
1991 1696 3253 1786 Garderoben und Hotelzimmer der Damen glichen stetssg
1981 1750 3213 1827 Blumenhainen, so viele und herrliche Blumen
1981 1788 3248 1887 wurden ununterbrochen als Anerkennungszeichen der Be¬s
1985 1831 3264 1936 geisterung über das Burgtheater vom Schweizer Publikum! ?
1984 1924 2194 2004 gesandt.
2089 1913 3279 2024 Uebraus großen Anklang fanden auch Hoffmans=ssi
1987 1983 3274 2075 thals „Der Tor und der Tod“ sowie Schnitz=?
1988 2026 3271 2117 ler, was auch bei den begeisterten Festreden in Bern bei?
1992 2078 3274 2163 dem vom Botschafter Murosini veranstalteten Souper zumt#
1992 2139 3279 2216 Ausdruck kam. Dieser Festabend war auch dadurch merk¬S
1992 2174 3292 2259 würdig, daß an ihm ein Neffe von Bethmann Hollweg, ein b.
2009 2223 3266 2316 Neffe von Hindenburg und eine Neffe von Bismarck daran I
1996 2281 3295 2371 teilnahmen. Neben unserem Festsaal war im anschließendensg
2010 2322 3273 2423 Zimmer eine englische Gesellschaft und vieless
2015 2368 3298 2454 Franzosen, auf der Straße staute sich eine große'n
3240 2400 3284 2470 3
2086 2422 3227 2520 enschenmenge, in der es wie im Turm zu Babel in allen
2105 2476 3220 2551 achen durcheinanderquirlte, es kam aber nicht zur
3230 2514 3293 2571 à
2085 2519 3225 2610 festen Reibung, sondern wir wurden im Gegenteil
3231 2559 3309 2618 2
2432 2569 3238 2644 einmütiger zujubelnder
2009 2593 2395 2663 Gegenstand
2011 2637 2478 2723 Kundgebungen.
2136 2653 3244 2736 Physisch stellte freilich das Gastspiel schwere Anforde¬
3255 2706 3304 2766 8
2014 2691 3266 2784 rungen an die Teilnehmer. Man kam die acht Tage hindurch
2010 2752 3266 2833 zu nicht mehr als drei bis vier Stunden Schlafl
2027 2800 3296 2889 täglich, so daß zum Beispiel Frau Bleibtreu, welcheln
2025 2840 3282 2934 die Medea in Zürich, Basel und Bern spielte, zum Schlußk
2018 2880 3293 2988 nur mehr mit der größten Anstrengungss
2016 2959 2956 3040 ihre Relle durchführen konnte.
2149 2987 3241 3082 Einen besonderen Glanzpunkt bildete in Zürich
2156 3049 3262 3134 Festabend, der von den Aktionären des
2067 3080 2155 3138 1
2070 3089 3307 3183 radttheaters veranstaltet wurde und an dem derse
2065 3147 3261 3231 räsident des Aktionärvereines eine großangelegte Wüydi¬
3256 3187 3301 3243 8
2932 3198 3239 3256 worauf Herr
2041 3214 2889 3284 ungsrede über das Burgtheater hielt,
2035 3242 3247 3329 Heine als Regisseuer in heiterer, lanniger Formjant¬
2028 3320 2244 3373 wortete.
2135 3421 3250 3490 Wir haben aber auch sonst den Eindruck gewonnen,
2033 3466 3247 3542 daß die Oesterreicher große Sympathien in
2030 3510 3269 3592 der Schweiz genießen, wie wir andererseits alss
2029 3562 3244 3636 Künstler freudig feststellen können, daß das Schweizer
2029 3608 3247 3689 Publikum außerordentlich kunstsinnig ist.
2154 3652 3243 3741 Nomttergott waren wir nicht sonderlich begün¬
2021 3701 3269 3793 stigt, nur in Bern hatten wir einen schönen Tag. Das tat
2025 3744 3266 3826 faber unserer Laune keinen Abbruch. Wir waren alle von
2029 3797 3266 3879 einer solchen freudigen Stimmung erfaßt, daß trotz der be¬
2037 3846 3267 3931 ureiflichen körperlichen Abspannung die Heimreise aufs¬
2045 3882 3266 3972 fröhlichste verlaufen ist. Das Wiener Burgtheater und somit
2030 3951 3266 4016 die österreichische Kunst hatte mitten im Krieg einen un¬
2036 3988 3265 4068 fblutigen großen Kultursieg im neutralen
2044 4056 2648 4130 Ausland errungen!"
