3484 4352
247 312 1780 430 20. Zuischenspiel box 25/1
2498 1409 3369 1464 Gatte, noch ihr Kamerad, noch ihr Gelieb
414 1378 2505 1487 zu Friederike, so geht Cäcilie zu Sigismund. Cäcilie] war, so konnten wir beide früher nicht ahnen, wozu
2501 1462 3376 1519 sondern „etwas Besseres und was Schlimmeres
1461 1466 2497 1530 ich bestimmt wäre, wenn sich die wirkliche Welt vor
414 1459 1476 1537 fühlt zu vornehm, um ihn aufzuklären, und zeigt zu
2493 1508 3375 1572 Mann, der sie einem anderen nimmt, der, für de
421 1522 1461 1591 viel Frauenstolz, um den Gatten mit dem Geständ¬
1458 1508 2498 1574 mir auftäte. — Ich bin schon heute nicht mehr, die
2500 1560 3378 1638 anderen verrät, einer, der ihr Seligkeit und S
410 1565 1468 1629 nisse ihrer Unschuld zu demütigen. .... Sie denkt
1458 1564 2490 1633 ich war, Amadeus. .... Oder vielleicht war ich immer
2492 1607 3370 1690 gleich bedeutet,“ und er ruft ihr im Rausche d
1462 1620 2502 1681 dieselbe, und habe es nur nicht gewußt; und es ist jetzt
414 1618 1468 1689 gar nicht daran, daß die Logik ihres noch immer
414 1671 1468 1732 geliebten Amadeus eine Art von Berechtigung hat.
1467 1660 2500 1734 etwas von mir abgefallen, das mich früher umhüllt
2494 1650 3365 1730 zu: „Cäcilie, keinem von uns beiden wird je
2493 1714 3379 1798 lange er lebt, ein schöneres Abenteuer auf de
1677 1716 2493 1795 Ja, so muß es sein: denn jetzt fühle ich
419 1722 1462 1781 Das unbefriedigte Weib muß sich erst zur un¬
1464 1723 1586 1789 hat.
2645 1753 2709 1803 7
2493 1761 2695 1849 blühen!“
409 1770 1463 1843 verstandenen Frau entwickeln, ehe sie in Gedanken
1461 1751 2497 1845 alle Wünsche, die früher an mir herabgeglitten sind
414 1824 620 1896 sündigt.
1464 1822 2500 1899 wie an einem fühllosen eisernen Panzer, . . .. jetzt sühle
2565 1793 2986 1895 Und Cäcilie? ——
3004 1794 3380 1923 —.— Die schlich
1468 1876 2493 1935 ich sie über meinen Leib, über meine Seele gleiten,
507 1852 1466 1942 Zwischen dem ersten und zweiten Akt ist der
2496 1867 3366 1947 altmodischen Gemüter von oben erwarten,
1452 1927 2493 2001 und sie machen mich beben und glühen. Die Erde
416 1931 1463 1986 Sommer vergangen und die Gatten haben ihn jeder
2486 1928 3379 2002 wie sie sind, daß ihr die Augen über sich se
1455 1968 2500 2055 scheint mir voll Abenteuer, der Himmel wie von
409 1983 1467 2042 für sich verlebt. Amadeus ist von der Gräfin zurück¬
2496 1991 3382 2046 gehen, daß sie, die Besonnene, ihren exaltierten
1468 2023 2490 2099 Flammen strahlend, und mir ist, als säh' ich mich selbst,
2485 2040 3378 2113 zur Vernunft und mit der Zeit auf den rech
409 2031 1468 2098 gekehrt, wenn auch nicht in die Arme Cäciliens, die
1458 2086 2490 2152 wie ich mit ausgebreiteten Armen dastehe und warte.“
409 2086 1463 2165 vergebens darauf hoffte und wartete. Es soll bei der
2484 2080 3374 2163 zürückbringen werde. Ist er doch ein Künstler
1545 2127 2500 2199 An Aufrichtigkeit läßt dieses Bekenntnis einer
2490 2138 3379 2197 Phantasiemensch von Launen, Schwächen u
405 2136 1463 2208 guten Kameradschaft bleiben, die zwischen beiden ver¬
1460 2168 2490 2244 schönen Seele gewiß nichts zu wünschen übrig; eine
2488 2195 3385 2252 irrungen abhängiger und entschuldbarer als
407 2198 1465 2254 abredet und gleichsam öffentlich deklariert wurde, und
1464 2234 2496 2305 Beichte ist der anderen wert. Eigentümlicherweise aber
2493 2229 3382 2309 ein solider Sterblicher! Und steht doch einerw
406 2243 1468 2305 dieser Vertrag kemmt Amabens heiliger und unverbrüch¬
1462 2288 2502 2354 wird Cäcilie von dem ihr fassungslos zuhörenden Gatten
2491 2285 3377 2347 liebevollen Frau und Mutter, die Mitleid
408 2292 1463 2363 licher vor, als eine leichtfertig aus gemeiner Sinnlich¬
1450 2341 2494 2403 nicht nur völlig verstanden, sondern der Wandlung ihrer
2496 2336 3367 2413 Vater ihres Knaben hat, ein guter Engel
911 2348 1466 2413 Auch Cäcilie würde sich zu
402 2345 815 2416 keit zerstörte Ehe.
2495 2392 3381 2453 ihrem besseren Ich durch alle möglichen Fähr
1465 2384 2502 2462 Gefühle wegen beinahe gepriesen und beglückwünscht.
409 2370 1475 2461 dieser merkwürdigen Auffassung bequemen, wenn sie
2496 2445 3374 2501 und Anfechtungen zum Siege zu verhelfen
1460 2445 2496 2508 Der edle Amadeus wähnt nichts anderes, als daß
417 2454 1461 2510 nicht unterdessen bei einem Gastspiele in Berlin von
2484 2497 3377 2557 gleichen paßte nicht in den Plan unseres
1469 2492 2505 2558 Cäcilie bei dem walzerspielenden Fürsten einen Kursus
410 2500 1472 2567 ihren Trieben über das Mißverhältnis belehrt worden
2490 2529 3394 2617 und nicht in den Kalkul seiner spitzfindigen A#
1464 2548 2496 2614 der Liebe durchstudiert und sich zu dem weiblichen Ideal
420 2555 1479 2626 wäre, das zwischen dem einen leiblichen und den vielen
2492 2592 3381 2662 er wollte das Niedagewesene, Unerhörte un
1466 2594 2502 2661 vervollkommnet habe, das er in seinen schwülen
415 2603 1467 2678 geistigen Kindern ihres Mannes besteht: vier
2487 2647 3383 2706 neueste: die schimpfliche Verführung und E
1468 2651 2504 2714 Sehnsuchtsträumen erblickte. Anstatt ihr, wie schlichte
410 2654 1469 2729 Symphonien und nur ein Peterl! — Eine andere,
2490 2694 3383 2771 der Gattin durch den Gatten, die Treulosi
1461 2698 2504 2775 und altmodische Gemüter wünschen, trotz Peterl, kurzweg
401 2682 1471 2771 minder zahme und gemäßigte Leidenschaft lovert in ihr
2489 2749 3378 2805 Quadrat, den Ehebruch in der dritten Potenz
1456 2745 2503 2836 die Tür zu weisen, entbrennt er in plötzlicher Begierde
408 2760 1463 2823 empor, jener ähnlich, die Amadeus bei der Gräfin
2487 2801 3388 2878 kommt ermüdet und zerschlagen von der Rei
1463 2807 2499 2876 für die Gefallene. .... Gern übersieht oder überhört er,
412 2810 1467 2898 suchte — die erwachende Hetäre löst die entschlafene
2496 2843 3378 2907 sie ist auf nichts weniger als auf einen
1460 2857 2507 2937 daß ihre Arme nicht für ihn geöffnet sind, daß sie auf
898 2859 1471 2926 — „Du weißt nur,“ sagt
420 2858 718 2931 Ehefrau ab. —
2500 2900 3382 2969 Empfang vorbereitet. Fern von dem Versuch
1462 2911 2495 2977 einen Fremden wartet — wie sich später herausstellt,
422 2914 1466 2984 Cäcilie in der Hauptszene des Stückes, „wus ich dir,
2487 2942 3391 3017 ihre Tugend noch nicht angetastet hat, mußte
1465 2958 2457 3024 auf Wedius, den ersien Tenor der Berliner. Oper! —
418 2965 1476 3042 was ich als deine Geliebte, deine Gattin war. Und da
1462 3000 3391 3081 ja, es lockt ihn sogar, sie ihrem vermeintlichen Liebhaber, dem Zerrspiegel der Liebe, aus dem ihr ne#
424 3016 1475 3092 du für mich die ganze Welt bedeutet hast, in dir all
415 3063 3391 3159 nSeinsuct all meine Zärtlichkeit beschlossen dem Fürsten, abspenstig zu machen! Er will weder ihr eigenen das häßlich ert Antlis ihres
