3436 4384
1272 140 1731 250 box 25/3
195 153 1155 256 20. Zuischensniel
1214 1480 3293 1592 wie sie's ausgemacht, sie will sich treu bleiben, auf Höflichkeit aufgebaut, eine verfeinerte Form
317 1474 1231 1584 Schnitzlers „Zwischenspiel“. ec,
1038 1519 1184 1591 ##
1219 1536 3294 1642 denn worin wären wir jetzt besser als all die der Lüge. Warum soll oder kann es im Kleinen
231 1546 1195 1632 Gedanken im Nachhausegehen von der Aufführung des
1222 1562 1835 1654 Andern, die wir verachten?“
2243 1601 2866 1681 anders sein als im Großen?
624 1620 823 1673 Stückes.
1029 1620 1220 1698 Ca
1302 1622 2262 1714 Und trotzdem siegt bei ihm die Leidenschaft.
352 1637 1053 1728 Marie Holzer (Prag-Karolinenthal.)
2327 1661 3281 1736 Ist ein Zusammenleben überhaupt möglich, auf
1211 1643 2252 1751 Die schwüle Liebesszene zum Schluße des zweiten
2247 1698 3273 1785 Wahrhaftigkeit gegründet, absoluter Wahrhaftigkeit?
284 1709 1229 1796 Das Spiel ist verklungen; der Vorhang ge¬
1213 1731 3282 1841 Aites führt uns die ganze Brutalität einer Leiden= Wenn man alles sagen würde, was uns durch die
1211 1770 1463 1854 schaft vor.
183 1759 1220 1845 fallen und alles stürzt aus dem Theater. Ein
2212 1811 3292 1894 "Seele zieht — immer — wäre es nicht oft eine
982 1808 1230 1892 ein Lachen
189 1825 947 1886 Drängen ein Hasten; ein Plaudern-
1308 1830 3278 1948 Mann und Frau stehen sich gegenüber, vor Entweihung, oft eine Grausamkeit, oft sogar ein
184 1876 1228 1956 und hie und du ein Entrüstungsruf über die
1221 1859 2163 1952 Welt und Menschen gehören sie einander an
2232 1890 2438 1990 ##el?
174 1912 429 1995 Moderne.
1211 1904 2260 2006 trotz ihrer Kompromisse, und trotzdem, wie grau¬
2310 1941 3270 2038 Ist Aufrichtigkeit nicht ein Hirngespinst? Auf¬
289 1975 2247 2062 Und in mir klingt die Seele in tausend Tö=sam, wirkt zhier die Kraft des Mannes, der nicht
2234 1980 3270 2087 richtigkeit, Wahrheit, die von tausend Zufälligkeiten,
189 2020 1222 2089 nen. Ich bin froh, als ich in die mondhelle Nacht
1209 1998 2200 2100 frägt, nichts hört als den Schrei seiner Sinne.
187 2067 1231 2143 hinaustrete, ich weiche der Elektrischen aus, zu der
1296 2052 3280 2131 Und dann besteht sie auf dem Auseinander= tausend Launen abhängig ist? Ist die Wahrheit
196 2119 1129 2197 alles hindrängt, und gehe einsam heimwärts.
1215 2098 3287 2192 gehn — er ist verzweifelt — toll und endlich geht etwas Feststehendes oder hat sie hundertfache Ge¬
2239 2157 3284 2229 stalt, hundert Ecken und Kanten, hundert Seiten
277 2157 2246 2237 Tausend Gedanken und Gefühle sind aufge-er. Ob auf ewig — ob um zurückzukehren, wer
2233 2208 3274 2297 und jede hat ihre Berechtigung, hat ihre Begrün¬
191 2201 1216 2277 scheucht, die still und stumm da saßen in einer
1211 2207 2244 2297 kann wissen, was das Leben mit ihm vorhat;
2235 2242 2405 2335 dung?
188 2260 1224 2339 verlorenen Ecke, und ich gehe wieder dem Leben
1212 2260 2249 2337 denn er ist ein Schwächling, der unterliegen muß.
197 2305 1226 2381 entgegen mit seinen Alltagsrechten und Alltags¬
2323 2287 3280 2382 Wahrhaftigkeit! Ein Begriff, der nur im
1297 2314 2254 2381 Die Frau ist die Starke. Sie hat sich in der
190 2350 424 2448 pflichten.
1213 2336 2246 2453 Gewalt, sie kann schweigen und leiden; sie kann
2236 2344 3273 2441 Hirn von Toren lebt, von Träumern! Es gibt
299 2379 1213 2477 Schnitzler führt uns die Geschichte einer Ehe
1220 2414 1772 2491 schweigen und sich sehnen.
2227 2382 3275 2489 keine Wahrhaftigkeit, darf keine geben. Das Leben
184 2460 1228 2528 vor, die auf Freiheit, auf Wahrhaftigkeit aufge¬
1288 2464 3273 2532 Die ganze Kraft der Liebe liegtsist ein Kartenspiel und mein Partner erwartet
196 2504 1232 2557 baut ist und wo die beiden Ehegatten sich frei ge¬
1216 2499 2245 2585 in der Beherrschung! Solche Zwischen¬
2230 2506 3282 2596 Ueberraschung, sonst hat das Spiel seinen Reiz
2238 2557 2449 2637 verloren.
189 2560 2239 2641 ben in dem Momeni, wo der Mann fühlt, daß er spiele kommen in der modernen Ehe, in der besten
195 2610 1954 2663 eine andere liebt. Die Frav ist verzweifelt und Gesellschaft wohl manchmal vor —
1933 2595 2262 2690 oder häufig,
2316 2593 3288 2693 Und warum haftet denn dem Wort Wahrheit
195 2655 1232 2712 schweigt. Und dann, nachden das Zwischenspiel bei
1208 2637 2244 2732 nur leider fällt der Vorhang in beiden Stücken
2235 2656 3287 2741 so ein Nimbus an? — und in Wirklichkeit ist sie
190 2702 2251 2766 ihm vorüber, will er zu einer Frau zurückkehren, nicht zur selben Zeit, das ist das Böse. Beim
2235 2703 3279 2791 doch meist so brüsk, so hart. Warum ist die Lüge
191 2759 3276 2837 die durch einen neuen Erfolg als Bühnenkünß= Mann wickelt sich die Handlung meist rascher ab unds so verfehmt? und in Wirklichkeit liegt in ihr oft
190 2809 3275 2876 lerin ihm in erneuten Licht erstrahlt. Aber sie will dann folgt die Katastrophe in dieser oder jener Ge= so viel Heroismus. Ist denn all unsere Beherr¬
190 2854 2872 2938 nicht, sie will ihm Freundin sein — nichts weiter, stalt. Unsere ganze Gesellschaft und Geselligkeit istlschungskunst nicht auch Lüge?
