3532 4256
86 2760 119 2808 G
72 2883 134 2933 va
72 3211 136 3278 15
99 3274 148 3321 u1
547 1956 620 2005 en
714 1787 1395 1870 F# Zwischenspiel*).
685 1851 1630 1925 Komödie in 3 Akten von Arthur Schnitter
663 1904 1713 1966 Das Schnitzlersche Zwischenspiel hat den Federn der
633 1950 1708 2008 Kunst= und Theaterkritiker schon viel zu schaffen gemacht.
630 1992 1714 2052 Da dies Stück voraussichtlich auch in unserer Residenz
629 2028 1721 2083 demnächst seine Uraufführung erleben wird, so hat uns
633 2077 1718 2132 die Verlagsbuchhandlung die Schnitzlersche Komödie zur
617 2120 1060 2176 Rezension überreicht.
655 2138 1713 2205 Das Sujet des „Zwischenspiels“ ist zwar — vom
634 2185 1717 2249 philiströsen Standpunkte aus betrachtet — nicht gerade
620 2229 1685 2284 moralisch, aber dafür um so geistreicher und origineller.
666 2266 1709 2319 Der Kapellmeister Amadeus Adams ist mit der Opern¬
628 2311 1719 2374 sängerin Cäcilie Ortenburg seit 7 Jahren in glücklichster
642 2344 1723 2409 Ehe verheiratet. Eigentlich war Cäcilie zuerst nur die
641 2387 1715 2440 Geliebte des Kapellmeisters. Aber was „zuerst“ war, das
640 2421 1721 2487 schadet ja nichts; im Gegenteil Amadeus und Cäcilie
644 2474 1724 2521 haben infolge ihres intimen Zusammenlebens erkannt,
635 2501 1728 2555 daß sie beide für einander wie geschaffen seien, und sind
645 2548 1724 2600 in Zucht und Ehren Mann und Frau geworden. Ein
634 2575 1736 2638 5 jähriger Knabe, Peterl, vervollständigt das Glück dieser
635 2629 1137 2690 harmonischen Künstlerehe.
691 2651 1729 2726 Zum Grund= und Eckstein ihres ebelichen Lebens haben
642 2703 1738 2764 Amadeus und Cäcilie die absoluteste Aufrichtigkeit des
635 2740 1307 2803 einen gegen den anderen gemacht.
673 2761 1728 2830 Diese absolute Aufrichtigkeit ist den Eheleuten zunächst
636 2811 1732 2871 die Quelle mancher eigenartig schönen Stunde. Denn
642 2850 1727 2916 Cäcilie ist jung, schön und geistrich, dazu noch eine wahr¬
645 2889 1729 2948 hafte Künstlerin. Was Wunders also, wenn sie von der
645 2929 1734 2992 Elite der Aristokratie, der Hochfinanz und nicht zuletzt
656 2977 1728 3029 von ihren eigenen Kollegen angeschwarmt wird. Und da
647 3005 1734 3071 auch Amadeus einen großen Reiz auf das schönere
657 3047 1739 3107 Geschlecht ausübt, so haben sich die Ehegatten mancherlei
650 3088 1744 3151 Interessantes auf Grund ihrer täglichen Erfahrungen zu
639 3144 864 3197 berichten.
702 3163 1740 3229 Einen gehörigen „Knacks“ aber erhält das Prinzip der
652 3204 1736 3263 gegenseitigen Aufrichtigkeit, als Amadeus der schönen
655 3257 1696 3304 Gräfin Friederike Moosheim Gesangsunterricht erteilt.
683 3268 1737 3348 Die Gräfin, die zwar einen Mann besitzt, huldigt doch
648 3330 1738 3379 dem modernen „Ueber=Ehe"=Prinzip, nach welchem der
659 3360 1742 3418 Besitz eines Mannes für die Frau kein Hindernis bildet,
647 3411 1687 3464 gelegentlich auch noch einen andern Mann zu besitzen.
693 3434 1754 3488 Arradeus liebt seine Frau aufrichtig, nebenbei ist er
657 3494 1762 3542 aher doch ein bißchen in die verführerische Gräfin, die ihm
651 3529 1751 3590 die möglichsten und unmöglichsten Avancen macht, ver¬
656 3575 789 3634 liebt.
702 3592 1747 3657 Was ihn jedoch ganz besonders in die Liaison mit der
666 3636 1750 3695 Gräfin hineintreibt, ist der Umstand, daß seine Frau in
667 3677 1756 3730 dem Fürsten Sigismund einen Hausfreund hat, von dem
750 3718 1754 3774 in Zweifel ist, ob dieser Hausfreund mit oder ohne
664 3740 720 3778 ei
659 3752 1642 3801 Gänsefüßchen orthographisch richtig zu schreiben ist.
712 3800 1743 3851 Diese eifersüchtige Stimmung benutzt die Gräfin ge¬
671 3836 1755 3895 schickt, um den noch immer widerstrebenden Amadeus in
677 3883 1088 3946 ihre Netze zu treiben.
709 3915 1755 3962 Es entspinnt sich zwischen ihr und Amadeus das sol¬
678 3947 1756 4005 gende Zwiegespräch, das das Schicksal des Kapellmeisters
665 4000 1038 4057 definitiv besiegelt:
709 4016 1759 4091 Friederike: Was waren das einmal für reizende Abende
682 4065 1759 4127 in Ihrem Haus! Noch in diesem Winter. Wir sprechen
1476 4104 1752 4156 Lädt man den
678 4118 1476 4163 manchmal davon, der Graf und ich. —
2218 427 2707 494 1. Brzennder 1906.
1684 533 2787 590 und über Jugendtorheit hinaus ist, genügt ein Modell
1690 576 2796 630 für alle Gestalten, die er träumt und schafft, — und den,
1696 614 2793 671 der zu leben weiß, erwarten alle Abenteuer, nach denen
1689 670 2800 716 ihn gelüstet, im Frieden seines Heims. Er erlev, sie
1692 691 2806 750 gerade so wie ein anderer, aber ohne Zeitverschwendung,
1691 736 2792 789 ohne Unannehmlichkeiten, ohne Gefahr, und wenn er
1703 776 2829 828 Phantasie hat, bringt ihm seine Gattin, ohne daß sie es
1695 819 2498 870 ahnt, lauter uneheliche Kinder zur Welt.
1742 839 2795 896 Amadeus: Es ist die Frage, ob man das Recht hat,
1694 893 2804 950 einem Wesen, das einem wert ist, solch eine Rolle zuzu¬
1699 945 1864 995 muten.
1736 951 2799 1018 Albertus: Man darf die Menschen nie darüber auf¬
1702 1003 2826 1060 klären, was sie einem bedeuten. Ich habe darauf einen
1706 1056 2054 1122 Spruch gemacht:
1917 1080 2578 1148 Kennst du mich, so störst du mich,
1924 1128 2489 1184 kenn' ich dich, so hab' ich dich.
1742 1149 2800 1220 Amadeus aber, der seine Frau wirklich von Herzen
1696 1200 2807 1259 lieb hat, will von dieser psychopathischen Art zu lieben,
1700 1260 2812 1307 wonach der Mann in den Armen seiner eigenen Frau sich
1701 1291 2802 1340 die Liebe der Geliebten autosuggeriert, nichts wissen und
1709 1320 2647 1388 führt eine offene Aussprache mit Cäcilien herbei.
1750 1363 2799 1413 Diese Aussprache nimmt jedoch ein schlechtes Ende, da
1718 1412 2815 1458 Cäcilie trotz des herühmten Prinzivs der gegenseitigen
1717 1441 2811 1498 Aufrichtigkeit sich weigert, ihrem Manne den Inhalt des
1710 1472 2823 1538 Gesprächs, das sie mit dem Fürsten Sigismund auf dem
1721 1522 2418 1593 Spaziergang gehabt hat, mitzuteilen.
1749 1565 2811 1616 Die Situation ist eine prekäre: Amadeus beargwöhnt
1716 1603 2810 1655 seine Frau wegen des Fürsten und Cäcilie ihren Mann
1718 1644 2082 1708 wegen der Gräfin.
1748 1675 2821 1728 Die aneinander zweifelnden Ehegatten beschließen,
1719 1729 2822 1776 sich zu trennen, damit jeder die absolute Freiheit habe,
1725 1758 2450 1819 zu tun, und zu lassen, was er wolle.
1753 1779 2818 1853 Da aber beide im letzten Grunde nur aus dem be¬
1728 1828 2831 1889 leidigten Gefühle, daß einer dem andern nichts mehr wert.
1728 1866 2827 1942 sei, die Trennung beschließen, so kommt ein sehr eigen¬
1724 1898 2819 1979 tümlicher Pakt zwischen ihnen zustande; sie wollen ihre
1738 1961 2829 2019 gemeinschaftliche Wohnung auch weiterhin mit einander
1743 1984 2831 2049 teilen, doch soll jeder von ihnen das Recht haben, solange
1747 2024 2833 2092 er nur irgend will, der gemeinschaftlichen Behausung fern
1732 2066 2828 2133 zu bleiben und außerhalb der heimischen Penaten zu
1729 2116 2170 2168 treiben, was er wolle:
1779 2140 2820 2207 Als Bedingung stellen sich dabei beide, daß ihre eheliche
1738 2181 2827 2244 Gemeinschaft von dem heutigen Tage ab für immer auf¬
1734 2219 2833 2286 gehoben sein müsse. Gute Kameraden wollen sie bleiben,
1733 2266 2838 2333 die offen und ehrlich auch über ihr künftiges Liebesleben
1736 2294 2832 2358 mit einander sprechen, ja mit Fug und Recht darüber
1729 2337 2833 2408 sprechen können, da ja einer den andern von der Pflicht
1732 2385 2418 2452 der ehelichen Treue entbunden hat.
1778 2420 2834 2484 Was Amadeus und Cäcilie hier stipulieren, das ist
1739 2452 2829 2515 das richtige Pendant zur „freien Ehe": Die freie Ehe¬
1742 2491 2828 2571 scheidung! Dort die Ehe ohne Ehe, hier die Scheidung
1745 2545 2093 2604 ohne Scheidung!
1767 2568 2830 2620 Amadeus nützt seine „Ehescheidung ohne Ehescheidung“
1746 2618 2827 2673 nach Kräften aus, natürlich in den Armen der avance¬
1747 2664 2074 2718 lustigen Gräfin!
1787 2690 2833 2747 Und Cäcilie? „Nichts Gewisses weiß man nicht!“ Sie
1746 2738 2840 2789 flaniert mit ihrem Fürsten, ja sie läßt durchblicken, daß
1745 2758 2841 2831 sie den Fürsten bald depossedieren werde, weil ihr Partner
1749 2806 2851 2869 in der Tatjanapartie ihr Blut etwas stark in Wallung
1750 2859 2028 2926 gebracht habe.
1782 2880 2837 2938 Amadeus fühlt sich, nachdem sein Liebesrausch mit der
1758 2933 2841 2983 Gräfin verflogen ist, kreuzunglücklich. Er beginnt einzu¬
1752 2963 2852 3024 sehen, daß die Rolle, die er an der Seite Cäciliens spielt,
1748 3017 2841 3065 die vor dem Gesetz doch seine Ehefrau ist, eine unwürdige,
1756 3052 2118 3114 ja erbärmliche ist.
1788 3065 2847 3150 Ganz unerträglich wird ihm sein Zustand, als Cäcilie
1756 3126 2847 3181 von einer Gastspielreise, wo sie die Tatjana gesungen hat,
2720 3160 2848 3208 sieht,
1751 3163 2633 3223 in die gemeinschaftliche Wohnung zurückkehrt.
1753 3196 2838 3257 daß Cäcilie sinnlich erregt ist; ja sie macht auch keinerlei
1759 3237 2851 3309 Geheimnis daraus, daß ihr Partner die Ursache ihrer
1751 3285 2212 3348 finnlichen Erregung ist.
2238 3304 2843 3376 der finnlichen Erregung ihm
1797 3325 2237 3382 Amadeus liebt dies
1760 3357 2854 3407 doppelt schön erscheinende Weib, das sein Weib ist, ohne
1761 3405 2228 3463 doch sein Weib zu sein.
1790 3434 2472 3495 Und nun kommt die Katastrophe:
1798 3479 2856 3533 Amadeus und Cäcilie haben den Pakt geschlossen,
1755 3517 2851 3567 sich gegenseitig volle Freiheit des Liebeslebens zu garan¬
1759 3567 1906 3621 tieren.
1796 3581 2846 3643 Wie aber, wenn Amadeus jetzt das begehrenswerte
1775 3629 2846 3699 Weib nicht mehr mit den Augen des Ehemannes, sondern
1774 3679 2227 3741 des Liebhabers ansieht?
1792 3689 2849 3771 Ist es nicht die letzte Konsequenz ihres Paktes, wen
1762 3746 2854 3805 er sich dasselbe Recht, wie jeder andere nimmt, um ein
1764 3803 2852 3850 Schäferstunde bei der durch keinerlei Fesseln gebundenen
1777 3837 2130 3911 Frau zu betteln?
1809 3850 2857 3920 Cäcilie kann jedem beliebigen ihre Liebe schenken?
1775 3908 2255 3963 Warum nicht auch ihm?
1815 3930 2863 4005 Freilich, dann ist er nur einer von vielen! ein insames
1779 3992 2867 4056 Bewußtsein für den Mann, der seinem Eheweibe gegen¬
1770 4038 2007 4091 über steht!
1803 4050 2854 4120 Aber was tut's? seine Pulse hämmern und fliegen vor
1771 4108 2265 4161 wahnfinniger Leidenschaft
