3484 4352
1319 223 1778 325 box 25/1
258 210 1172 339 20. Zuischenspiel
759 758 3149 844 (geben. Ist keines dieser Bande stark genug, dann scheidet nialer Symphonien= und Opernkomponist ist. Wir müssen
793 832 1980 903 lieber schnell, ehe ihr zu des Bechers Neige gelangt. Klar,
1969 823 3148 898 es hinnehmen, daß Amadeus=Kainz seiner freudigen Er¬
164 836 429 938 benspiel.
793 884 1969 949 wie du es selbst heute noch nicht sehen kannst, sehe ich es,
1980 880 3141 937 regung dadurch Ausdruck verleiht, daß er, mit Kopf und
185 920 794 988 von Artur Schnitzler. Urauf¬
1980 936 3144 986 Händen wild herumfahrend, einen längeren Klaviersatz
793 936 1975 990 daß jener flüchtige Seligkeitstaumel, flüchtig, ob er nun
160 982 793 1063 urgtheater am 12. Oktober 1905.
796 980 1978 1042 vier Jahre oder nur fünf Tage dauert, für euch vorbei ist.
1976 984 3137 1037 spielt. Zuerst erzählt man uns, daß Cäcilie eine der ge¬
803 1028 1972 1085 Allein gibt es ein Leben, das endloser Rausch ist? Jetzt gilt
1983 1027 3144 1089 feiertsten Sopranistinnen der Gegenwart sei, und dann
171 1038 800 1107 Worten und üblichen Formeln
797 1083 1967 1139 es zur stilleren Wirklichkeit zu erwachen, zur unzertrenn¬
1975 1079 3148 1144 hören wir Fräulein Witt mit ihrem ungeschulten Alt
163 1100 799 1175 Stück nicht beikommen. Du hast
796 1124 1969 1204 lichen Gemeinschaft, zur Erzeugung und Erziehung der
1977 1126 3153 1184 „Nicht mehr zu dir zu geh'n beschloß ich“ von Brahms
168 1156 797 1215 rlebt. Wir alle haben es erlebt:
802 1178 1641 1248 Kinder, zum Beistand fürs ganze Leben.
1982 1175 3154 1243 dilettantisch singen. Kainzens Klavierspiel und der Dame
184 1204 805 1268 s kommt und geht, ohne nach
870 1227 1972 1292 Ungeduldig, spöttisch lächelnd ging er. In den nächsten
1974 1230 3164 1301 Gesang, eines wirkt so grotesk, wie das andere in diesen
171 1248 792 1306 . Nichts, gar nichts haben wir
806 1246 1973 1337 Monaten versuchte das Paar mit allen Mitteln modernen
1979 1277 2275 1347 Augenblicken.
186 1300 798 1371 Ort gewählt, und plötzlich ist
798 1320 1970 1377 Seelenraffinements die verlöschenden Flammen von neuem
2056 1305 3158 1400 Schnitzler ist unser Bester. Braucht es da gesagt zu
168 1352 791 1405 a. Drüben aber, weit drüben,
806 1377 1973 1433 anzufachen. Doch aus der Asche loderte jetzt die Glut des
1974 1372 3152 1420 werden, daß solchen Mängeln ganz außerordentliche Vor¬
165 1400 800 1458 Heite, graut der Abend, schreckt
795 1426 1974 1476 Hasses empor. O wie war es abscheulich, als der lang vor¬
1967 1429 3154 1483 züge gegenüberstehen, die besonders beim Lesen — das
155 1448 790 1512 ner weint still ergeben vor sich
802 1472 1963 1541 bereitete Bruch endlich mit Eclat erfolgte! O wie war das
1976 1462 3149 1546 Buch wird in einigen Wochen, nach der Berliner Premiere
165 1501 800 1566 bendem Trotz mit den Zähnen,
795 1513 1404 1591 häßlich, brutal und gemein!
1967 1529 3146 1586 bei S. Fischer in Berlin erscheinen — viel mehr zur Gel¬
167 1538 806 1609 de Pflänzlein mit den tausend
870 1541 1966 1635 Diese wahre Geschichte könnte fast Wort für Wort als
1982 1569 3155 1627 tung kommen? „Zwischenspiel“ ist ein Seelengemälde, wie
155 1601 799 1664 ungen — umsonst! Sie können
802 1615 1978 1689 Inhaltsangabe des „Zwischenspieles“ dienen. Das
1965 1615 3156 1668 es nur einem Meister gelingt, voll von psychologischen De¬
170 1645 791 1715 nicht aufhalten, die nach uner¬
799 1665 1971 1731 Merkwürdige aber an der erdichteten Komödie ist,
1973 1664 3160 1735 tails und metaphysischer Weisheit, es ist eine Dichtung
172 1694 792 1763 muß. Gefühl, Neigung, Liebe,
799 1716 1969 1773 daß nicht nur Held und Heldin, sondern auch der Dichter
1973 1714 3164 1783 großen Stiles, wie der „einsame Weg“, es ist — alles,
169 1740 786 1818 ht, indes Menschensatzung und
797 1770 1973 1827 selber, er, der als Puppenspieler die unglaublich zerspal¬
1978 1763 2858 1826 was ihr wollt, nur kein gutes Theaterstück.
170 1789 460 1854 iseite stehen.
791 1816 1976 1871 tenen, dünnen Fäden seiner Marionetten lenkt, diesen
2044 1798 3152 1875 Dieser Ansicht waren auch die Premierenbesucher des
174 1811 794 1910 mit Worten, kühlen Theorien,
792 1862 1976 1926 springenden Punkt, diese differencia specifica
1972 1841 3169 1923 Burgtheaters, ein Publikum, unter dessen Lieblingen
169 1889 781 1946 kommen. Vielleicht kann ich's,
789 1909 1974 1979 zwischen Liebe und Ehe nicht zu kennen scheint oder nicht
1979 1915 3164 1970 Schnitzler wohl der erklärteste ist. Lautlose Achtung wäh¬
170 1941 787 1997 lerlebte Geschichte erzähle: Ich
796 1962 1980 2034 kennen will. Sein Held Amadeus Adams, der von Kainz
1980 1962 3159 2018 rend der Aufführung, einige Hervorrufe nach jedem Akt,
178 1992 796 2059 Musiker, der, verschlossen und
801 2011 1971 2080 mit fast schöpferischer Kraft der Nachempfindung gespielt
1988 2019 3166 2072 am Schluß Applaus, von stärkerem Zischen übertönt. Und
174 2036 792 2099 Kunst lebte, ein Grübler und
790 2050 1969 2130 wurde, ist Kapellmeister und zugleich Komponist. Die Hel¬
1986 2058 3161 2123 dieses Zischen war der ehrliche Ausdruck der gemischten,
182 2085 793 2150 geine berühmte Sängerin ein
791 2104 1975 2165 din Cäcilie Adams=Ortenburg ist eine berühmte Opern¬
1982 2114 3161 2177 eher pein= als lustvollen Gefühle, mit denen man ohne
176 2139 788 2194 hörte und liebte. Und was er
793 2153 1972 2224 sängerin. Alles trägt sich zu, wie in meiner Geschichte. Auch
1974 2160 3153 2219 erlösende Befriedigung die von tragischem Hauch umwitterte
173 2188 791 2255 hatte, geschah, er wurde wieder¬
796 2204 1972 2269 dieses Paar hat bei Abschluß des Traumes weder die Stärke
1980 2209 3156 2264 in ungewissem Zwielicht dämmernde Welt dieser Komödie
163 2231 792 2308 urde der Sinnierer ein ganz
791 2262 1978 2315 auseinanderzugehen, noch die Fähigkeit, ihr Verhältnis
1979 2256 3154 2318 verläßt. Zwischenspiel! Ich wünsche Artur Schnitzlern,
183 2278 791 2352 froh, lachend, leuchtend. Nie
791 2308 1973 2370 auf die ruhigere — erkaltete erstarrte Lava ist fruchtbarer
1979 2306 3155 2368 den ich wie seine Kunst liebe und verehre, daß er die hohen
176 2329 791 2396 seiner Freundschaft würdigte,
1977 2341 3161 2426 Ziele, nach denen er seit einigen Jahren ringt, auch erreiche
791 2350 1973 2419 Humus! — Ehebasis zu stellen. Sie beschließen, in unge¬
165 2388 786 2441 war's, in einem wundervollen
793 2401 1974 2465 schlechtlicher Kameradschaft weiter beisammen zu bleiben.
1975 2401 3166 2467 und daß dieses „Zwischenspiel“ in seinem dramatischen
183 2436 786 2501 quollen. Auch des Freundes
784 2438 1981 2515 Dabei lugt schon jedes nach einem neuen Traum aus. Der
1973 2449 3164 2532 Schaffen eben wirklich nicht mehr als ein Zwischenspiel
165 2481 794 2536 Einen Tag nach dem andern
802 2503 1993 2565 Mann findet ihn bei der Opernsängerin Gräfin Friederike
1987 2504 2182 2570 bedeute.
179 2537 794 2602 4 Uhr morgens in den sanften
795 2551 1992 2609 Moosheim, die Frau in einem harmlosen Flirt mit dem
2520 2522 3123 2633 Wilhelm v. Wymetal.
2081 2553 2241 2632 Wien.
180 2577 792 2641 n herum antreffen, pfeifend,
796 2598 1981 2670 Fürsten Siegmund Maradas=Lohsenstein. Da Schnitzler
167 2627 796 2701 ffend. Nie war ihm seine Kunst
2506 2620 2677 2716 *
795 2647 1988 2699 beharrlich Ehe und Liebesrausch identifiziert, so leben bei
175 2673 796 2747 Uhr kehrte er heim, kleidete sich
795 2689 1986 2765 ihm Herr und Frau Adams jetzt als sehr wahrheitsliebende
167 2731 790 2789 um sie zur Oper zu geleiten.
794 2734 1979 2813 Freunde miteinander, der Mann aber steht mit der Gräfin
163 2777 790 2852 ngingen sie zusammen hinaus
792 2802 1995 2865 die Frau (allerdings nur platonisch) mit dem Fürsten in
171 2830 789 2889 eine Gemäldeausstellung oder
792 2845 1988 2902 einer Art Gewissensehe. Gerade dieses komplizierte Verhält¬
162 2878 794 2937 achmittag musizierten sie mit¬
791 2891 1984 2948 nis jedoch läßt dem Musikus seine Frau wieder begehrens¬
172 2929 796 2995 ihn so wie sie. Niemand sang
788 2938 1988 3020 wert erscheinen. Der einstige Gatte und jetzige Freund
185 2981 791 3044 studierte er wieder alle Rollen
797 2992 1994 3059 erobert sich mit bestrickenden Schmeichelworten für eine
164 3028 791 3091 nd es kein Korrepetitor, ihre
794 3044 1987 3106 Nacht seine Gattenrechte wieder und bricht so die zwei
183 3073 794 3145 zu den äußersten Grenzen
799 3088 1993 3167 Gewissensehen. Die Folge dieses neuartigen Ehebruchs
197 3114 794 3185 ebeide mit eigener Arbeit
799 3144 1990 3209 unter Eheleuten ist, daß sich der Ehemann, der seine Gräfin
171 3177 791 3239 eleitete er sie durch die Herr¬
800 3192 1987 3238 ohnehin schon satt hat, neuerdings in seine Frau zu ver¬
176 3216 791 3283 Dichtung der toten Meister,
791 3233 1990 3303 lieben glaubt und hocherfreut ist, als er aus zuverlässigem
170 3269 805 3328 nwollte. Den Abend verlebten
801 3285 1989 3335 Munde erfährt, daß zwischen dem Fürsten und seiner Frau
167 3319 793 3380 sie fang und er mit kritischer
796 3332 1984 3402 nichts vorgefallen sei. Es wäre also alles gut. Die Basis
171 3366 791 3449 aß sie beide andächtig=kritisch
797 3381 1987 3438 einer Ehe in meinem Sinne, welche der Hafen ist, in den
168 3418 378 3480 he Zeit!
793 3426 1990 3503 man still auf gerettetem Boot heimkehrt — wer mehr for¬
164 3442 797 3533 der Musiker, den wir alle fast
794 3483 1979 3550 dort, muß scheitern —, einer Ehe, welche durch kleine Sei¬
161 3523 797 3585 n hatten, zu mir, seinem lang¬
798 3523 1983 3596 tensprünge des Mannes nicht erschüttert werden kann,
164 3555 802 3629 gte mir in leidenschaftlichen
792 3574 1988 3636 wäre nach wie vor gegeben. Jetzt aber will Frau Cäcilie
164 3616 800 3678 ßerlich sei in seinen Beziehun¬
803 3622 1979 3679 nicht mehr mittun. Alles Zureden und alle Bitten des Ka¬
169 3667 793 3715 kine Anderung eingetreten. Sie
794 3656 1993 3741 pellmeisters verhallen ungehört, und schmerzüberwältigt
173 3714 793 3779 ber, er korrepetiere noch immer
793 3721 1978 3777 stürzt der Abgewiesene auf den Bahnhof, eine längere Tour¬
176 3763 796 3831 noch immer zusammen Goethe,
794 3774 1988 3833 nee anzutreten. Cäcilie aber sinkt unter heißen Tränen in
171 3812 794 3872 Mann und Frau in freier Ge¬
802 3826 1990 3888 ihrem verlassenen Heim zusammen, was Fräulein Witt
171 3864 794 3923 inbar jeglicher Anlaß zu einer
791 3860 1999 3951 irrigerweise so darstellte, als sei sie in dreizehnter Stunde
160 3913 795 3973 mplexes fehle, empfänden sie
788 3929 1536 3990 wieder anderen Sinnes geworden.
190 3954 799 4020 Schrecken, wie der betörende
880 3944 1991 4042 Mit den üblichen Formeln läßt sich diese seltsame Welt
170 4008 793 4067 fangen gehalten hätte, Stunde
797 4015 1996 4071 des „Zwischenspiels“ nicht abfertigen. Es besteht wohl kaum:
180 4040 792 4120 wie die unsägliche Ekstase ihrer
800 4064 1990 4124 ein Zweifel, daß die außerordentlich subtile Dichtung ein
168 4108 791 4167 hlich verblasse und wie ihr
804 4114 1980 4178 schlechtes Theaterstück ist. Die vierfache Wurzel des Übels
178 4150 495 4226 K
