<?xml version="1.0" encoding="UTF-8" standalone="yes"?>
<PcGts xmlns="http://schema.primaresearch.org/PAGE/gts/pagecontent/2013-07-15" xmlns:xsi="http://www.w3.org/2001/XMLSchema-instance" xsi:schemaLocation="http://schema.primaresearch.org/PAGE/gts/pagecontent/2013-07-15 http://schema.primaresearch.org/PAGE/gts/pagecontent/2013-07-15/pagecontent.xsd">
    <Metadata>
        <Creator>prov=University of Rostock/Institute of Mathematics/CITlab/Gundram Leifert/gundram.leifert@uni-rostock.de:name=ONB_Newseye_GT_M1+(htr_id=10810)::::v=2.4.2
prov=University of Rostock/Institute of Mathematics/CITlab/Tobias Gruening/tobias.gruening@uni-rostock.de:name=de.uros.citlab.module.baseline2polygon.B2PSeamMultiOriented:v=2.4.2
prov=University of Rostock/Institute of Mathematics/CITlab/Tobias Gruening/tobias.gruening@uni-rostock.de:name=/mnt/transkribus/LA/DEA/URO/LA_news_onb_att.pb:de.uros.citlab.segmentation.CITlab_LA_ML:v=2.4.2
Transkribus</Creator>
        <Created>2019-10-07T11:21:34.810+02:00</Created>
        <LastChange>2019-10-08T08:34:05.436+02:00</LastChange>
        <TranskribusMetadata docId="223968" pageId="9498583" pageNr="486" tsid="16507607" status="IN_PROGRESS" userId="40391" imgUrl="https://files.transkribus.eu/Get?id=NOXJPNGHBAYJINVNMUNFMMER&amp;fileType=view" xmlUrl="https://files.transkribus.eu/Get?id=EGJYZAYQDOLYWAHWUUTQAAXC" imageId="6188805"/>
    </Metadata>
    <Page imageFilename="223968_0486.jpeg" imageWidth="3484" imageHeight="4256">
        <ReadingOrder>
            <OrderedGroup id="ro_1711439865664" caption="Regions reading order">
                <RegionRefIndexed index="0" regionRef="r1"/>
                <RegionRefIndexed index="1" regionRef="r2"/>
                <RegionRefIndexed index="2" regionRef="r3"/>
                <RegionRefIndexed index="3" regionRef="r4"/>
            </OrderedGroup>
        </ReadingOrder>
        <TextRegion orientation="0.0" id="r1" custom="readingOrder {index:0;}">
            <Coords points="0,2203 0,2355 29,2355 29,2203"/>
            <TextLine id="r1l1" custom="readingOrder {index:0;}">
                <Coords points="-19,2323 11,2321 19,2312 30,2315 50,2314 46,2264 11,2267 3,2267 -1,2264 -24,2265"/>
                <Baseline points="0,2305 29,2303"/>
                <TextEquiv>
                    <Unicode>Zu</Unicode>
                </TextEquiv>
            </TextLine>
            <TextEquiv>
                <Unicode>Zu</Unicode>
            </TextEquiv>
        </TextRegion>
        <TextRegion orientation="0.0" id="r2" custom="readingOrder {index:1;}">
            <Coords points="32,2250 32,2402 45,2402 45,2250"/>
            <TextLine id="r2l1" custom="readingOrder {index:0;}">
                <Coords points="32,2255 45,2257 45,2373 32,2371"/>
                <Baseline points="32,2350 45,2352"/>
                <TextEquiv>
                    <Unicode></Unicode>
                </TextEquiv>
            </TextLine>
            <TextEquiv>
                <Unicode></Unicode>
            </TextEquiv>
        </TextRegion>
        <TextRegion orientation="0.0" id="r3" custom="readingOrder {index:2;}">
            <Coords points="6,2856 6,3327 76,3327 76,2856"/>
            <TextLine id="r3l1" custom="readingOrder {index:0;}">
                <Coords points="0,2898 19,2896 30,2887 61,2884 57,2838 30,2841 22,2838 -5,2840"/>
                <Baseline points="17,2881 41,2879"/>
                <TextEquiv>
                    <Unicode>W</Unicode>
                </TextEquiv>
            </TextLine>
            <TextLine id="r3l2" custom="readingOrder {index:1;}">
                <Coords points="4,2936 27,2936 39,2947 50,2939 62,2939 66,2943 73,2939 93,2939 93,2901 73,2901 50,2882 23,2893 4,2893"/>
                <Baseline points="24,2928 73,2928"/>
                <TextEquiv>
                    <Unicode>ofng</Unicode>
                </TextEquiv>
            </TextLine>
            <TextLine id="r3l3" custom="readingOrder {index:2;}">
                <Coords points="-8,3085 50,3089 73,3072 96,3071 84,2886 57,2892 26,2890 11,2899 -20,2897"/>
                <Baseline points="12,3074 44,3071 76,3070"/>
                <TextEquiv>
                    <Unicode></Unicode>
                </TextEquiv>
            </TextLine>
            <TextLine id="r3l4" custom="readingOrder {index:3;}">
                <Coords points="0,3131 20,3130 24,3134 39,3133 51,3132 58,3127 73,3126 70,3076 43,3078 28,3087 -2,3089"/>
                <Baseline points="18,3120 52,3118"/>
                <TextEquiv>
                    <Unicode>ten</Unicode>
                </TextEquiv>
            </TextLine>
            <TextLine id="r3l5" custom="readingOrder {index:4;}">
                <Coords points="-10,3176 21,3174 33,3179 41,3175 56,3184 71,3177 94,3183 98,3117 67,3115 55,3126 -7,3126"/>
                <Baseline points="9,3168 42,3168 75,3172"/>
                <TextEquiv>
                    <Unicode>Vors</Unicode>
                </TextEquiv>
            </TextLine>
            <TextLine id="r3l6" custom="readingOrder {index:5;}">
                <Coords points="-11,3223 39,3225 47,3221 67,3228 78,3220 97,3220 96,3173 76,3174 69,3182 54,3182 38,3175 34,3179 26,3175 -12,3177"/>
                <Baseline points="10,3216 43,3214 76,3214"/>
                <TextEquiv>
                    <Unicode>hne</Unicode>
                </TextEquiv>
            </TextLine>
            <TextLine id="r3l7" custom="readingOrder {index:6;}">
                <Coords points="-14,3276 21,3273 33,3280 59,3269 86,3267 81,3217 35,3217 31,3222 20,3223 16,3219 1,3228 -18,3230"/>
                <Baseline points="6,3268 37,3264 68,3262"/>
                <TextEquiv>
                    <Unicode>To</Unicode>
                </TextEquiv>
            </TextLine>
            <TextLine id="r3l8" custom="readingOrder {index:7;}">
                <Coords points="27,3340 50,3338 61,3326 77,3332 96,3331 91,3266 61,3268 46,3277 23,3278"/>
                <Baseline points="44,3316 74,3314"/>
                <TextEquiv>
                    <Unicode>2</Unicode>
                </TextEquiv>
            </TextLine>
            <TextEquiv>
                <Unicode>W
ofng

ten
Vors
hne
To
2</Unicode>
            </TextEquiv>
        </TextRegion>
        <TextRegion orientation="0.0" id="r4" custom="readingOrder {index:3;}">
            <Coords points="199,240 199,3205 3340,3205 3340,240"/>
            <TextLine id="r4l1" custom="readingOrder {index:0;}">
                <Coords points="1326,292 1438,305 1461,289 1480,304 1515,280 1534,299 1553,283 1608,298 1704,292 1723,276 1789,298 1791,197 1679,196 1606,217 1579,206 1548,237 1501,203 1444,224 1366,210 1324,226"/>
                <Baseline points="1343,277 1368,276 1393,275 1418,274 1444,274 1469,273 1494,273 1520,273 1545,273 1570,273 1595,273 1621,272 1646,272 1671,271 1697,270 1722,268 1747,266 1773,263"/>
                <TextEquiv>
                    <Unicode>box 2575</Unicode>
                </TextEquiv>
            </TextLine>
            <TextLine id="r4l2" custom="readingOrder {index:1;}">
                <Coords points="246,332 389,306 470,337 902,318 1126,342 1172,327 1172,230 246,232"/>
                <Baseline points="267,293 311,297 355,300 399,303 443,305 488,307 532,308 576,309 620,310 664,310 709,310 753,310 797,309 841,309 885,308 930,306 974,305 1018,304 1062,302 1106,300 1151,299"/>
                <TextEquiv>
                    <Unicode>20. Zuischenspiel</Unicode>
                </TextEquiv>
            </TextLine>
            <TextLine id="r4l3" custom="readingOrder {index:2;}">
                <Coords points="1162,1338 1563,1321 1599,1343 1625,1319 1791,1316 1793,1246 1620,1250 1570,1286 1482,1292 1404,1251 1342,1268 1238,1255 1196,1291 1161,1288"/>
                <Baseline points="1180,1330 1209,1328 1239,1328 1269,1326 1299,1325 1329,1324 1358,1324 1388,1323 1418,1323 1448,1322 1478,1322 1507,1321 1537,1321 1567,1320 1597,1319 1627,1318 1656,1318 1686,1317 1716,1316 1746,1314 1776,1313"/>
                <TextEquiv>
                    <Unicode>9•—</Unicode>
                </TextEquiv>
            </TextLine>
            <TextLine id="r4l4" custom="readingOrder {index:3;}">
                <Coords points="774,1417 3118,1346 3248,1280 771,1321"/>
                <Baseline points="793,1388 914,1388 1036,1386 1158,1384 1280,1382 1401,1379 1523,1376 1645,1372 1767,1368 1888,1364 2010,1360 2132,1355 2254,1351 2375,1347 2497,1343 2619,1340 2741,1336 2862,1333 2984,1331 3106,1329 3228,1327"/>
                <TextEquiv>
                    <Unicode>zwischen diesem Dokumente und den hochtrabenden Er= weil man es versuchte, uns in unserem eigenen Hause nicht</Unicode>
                </TextEquiv>
            </TextLine>
            <TextLine id="r4l5" custom="readingOrder {index:4;}">
                <Coords points="185,1402 247,1416 590,1400 588,1338 511,1348 448,1331 395,1349 341,1343 264,1369 213,1343 183,1345"/>
                <Baseline points="204,1404 230,1403 256,1403 282,1402 309,1401 335,1400 361,1399 388,1397 414,1397 440,1395 466,1394 493,1393 519,1393 545,1393 572,1394"/>
                <TextEquiv>
                    <Unicode>egsschauplatz.</Unicode>
                </TextEquiv>
            </TextLine>
            <TextLine id="r4l6" custom="readingOrder {index:5;}">
                <Coords points="787,1455 3198,1404 3246,1329 786,1401"/>
                <Baseline points="805,1450 926,1449 1047,1447 1168,1444 1289,1441 1410,1437 1531,1434 1652,1430 1773,1426 1894,1422 2016,1418 2137,1414 2258,1410 2379,1406 2500,1403 2621,1399 2742,1396 2863,1393 2984,1390 3105,1388 3227,1386"/>
                <TextEquiv>
                    <Unicode>klärungen des Herrn Miljukow klafft ein schreiender Wider= zur Ruhe kommen zu lassen, aber wir werden den Krieg nicht</Unicode>
                </TextEquiv>
            </TextLine>
            <TextLine id="r4l7" custom="readingOrder {index:6;}">
                <Coords points="178,1449 707,1442 760,1421 758,1359 669,1358 508,1407 177,1410"/>
                <Baseline points="199,1445 226,1445 253,1444 280,1444 307,1443 334,1443 361,1442 388,1442 415,1441 442,1440 469,1439 496,1438 523,1436 550,1436 577,1434 604,1433 631,1432 658,1430 685,1430 712,1428 739,1427"/>
                <TextEquiv>
                    <Unicode>Peopold von Bayern.</Unicode>
                </TextEquiv>
            </TextLine>
            <TextLine id="r4l8" custom="readingOrder {index:7;}">
                <Coords points="2002,1473 3225,1457 3254,1398 2001,1430"/>
                <Baseline points="2022,1472 2082,1471 2143,1470 2204,1469 2265,1467 2325,1466 2386,1464 2447,1462 2508,1460 2568,1458 2629,1457 2690,1455 2751,1453 2811,1451 2872,1450 2933,1448 2994,1447 3054,1446 3115,1445 3176,1445 3237,1445"/>
                <TextEquiv>
                    <Unicode>weiter fortführen, um in einem fremden Hause mitzusprechen.</Unicode>
                </TextEquiv>
            </TextLine>
            <TextLine id="r4l9" custom="readingOrder {index:8;}">
                <Coords points="199,1492 653,1473 723,1499 793,1489 791,1424 741,1421 603,1448 537,1434 198,1454"/>
                <Baseline points="216,1486 243,1485 271,1484 299,1484 327,1483 355,1483 382,1482 410,1482 438,1482 466,1482 494,1481 521,1481 549,1481 577,1480 605,1479 633,1478 660,1476 688,1475 716,1473 744,1471 772,1468"/>
                <TextEquiv>
                    <Unicode>Zloczow—Tarnopol und</Unicode>
                </TextEquiv>
            </TextLine>
            <TextLine id="r4l10" custom="readingOrder {index:9;}">
                <Coords points="796,1527 1968,1495 2010,1482 2008,1424 793,1458"/>
                <Baseline points="813,1511 871,1509 930,1508 989,1506 1048,1505 1107,1503 1166,1502 1224,1500 1283,1499 1342,1497 1401,1496 1460,1494 1519,1492 1578,1490 1636,1488 1695,1486 1754,1484 1813,1481 1872,1479 1931,1476 1990,1473"/>
                <TextEquiv>
                    <Unicode>spruch. Es ist schon auffallend, daß die Lage Rußlands</Unicode>
                </TextEquiv>
            </TextLine>
            <TextLine id="r4l11" custom="readingOrder {index:10;}">
                <Coords points="190,1526 349,1541 434,1522 449,1534 596,1521 611,1536 723,1513 722,1479 652,1473 189,1488"/>
                <Baseline points="209,1525 235,1526 261,1527 287,1527 313,1527 339,1526 365,1526 391,1524 417,1524 443,1523 470,1521 496,1520 522,1520 548,1518 574,1517 600,1516 626,1515 652,1515 678,1514 705,1514"/>
                <TextEquiv>
                    <Unicode>russische Feuertätigkeit.</Unicode>
                </TextEquiv>
            </TextLine>
            <TextLine id="r4l12" custom="readingOrder {index:11;}">
                <Coords points="793,1573 3257,1494 791,1516"/>
                <Baseline points="811,1563 932,1561 1053,1559 1174,1557 1296,1554 1417,1551 1538,1547 1660,1543 1781,1540 1902,1536 2024,1531 2145,1527 2266,1523 2387,1519 2509,1515 2630,1511 2751,1507 2873,1503 2994,1500 3115,1497 3237,1494"/>
                <TextEquiv>
                    <Unicode>mit einer geradezu verblüffenden Offenheit geschildert, daß Die Ideen aber, welche der Reichskanzler und Graf Czernin</Unicode>
                </TextEquiv>
            </TextLine>
            <TextLine id="r4l13" custom="readingOrder {index:12;}">
                <Coords points="184,1593 354,1569 801,1565 800,1511 726,1498 680,1526 429,1521 337,1539 182,1519"/>
                <Baseline points="204,1570 234,1570 264,1570 295,1569 325,1569 356,1569 386,1568 417,1568 447,1567 478,1566 508,1566 539,1565 569,1564 600,1563 630,1562 661,1560 691,1559 722,1558 752,1556 783,1555"/>
                <TextEquiv>
                    <Unicode>bersten Erzherzogs Josef und</Unicode>
                </TextEquiv>
            </TextLine>
            <TextLine id="r4l14" custom="readingOrder {index:13;}">
                <Coords points="792,1627 3190,1572 3258,1496 790,1569"/>
                <Baseline points="812,1621 933,1619 1054,1616 1176,1613 1297,1610 1419,1607 1540,1603 1661,1600 1783,1595 1904,1591 2026,1587 2147,1583 2268,1579 2390,1575 2511,1571 2633,1566 2754,1563 2875,1559 2997,1556 3118,1553 3240,1551"/>
                <TextEquiv>
                    <Unicode>die Anarchie im Transporte und Verpflegswesen zugegeben in jüngster Zeit zum Ausdrucke gebracht haben, stehen nicht</Unicode>
                </TextEquiv>
            </TextLine>
            <TextLine id="r4l15" custom="readingOrder {index:14;}">
                <Coords points="204,1623 282,1644 613,1620 714,1633 733,1613 802,1615 801,1557 203,1569"/>
                <Baseline points="222,1612 251,1612 280,1611 310,1611 339,1611 369,1610 398,1609 427,1609 457,1608 486,1607 516,1606 545,1605 575,1604 604,1603 633,1603 663,1602 692,1601 722,1600 751,1599 781,1599"/>
                <TextEquiv>
                    <Unicode>klfeldmarsch( ls v. Mackensen</Unicode>
                </TextEquiv>
            </TextLine>
            <TextLine id="r4l16" custom="readingOrder {index:15;}">
                <Coords points="1003,1674 3259,1606 1002,1631"/>
                <Baseline points="1023,1676 1133,1673 1244,1671 1355,1668 1466,1665 1576,1661 1687,1657 1798,1653 1909,1649 2019,1646 2130,1641 2241,1637 2352,1634 2462,1630 2573,1626 2684,1623 2795,1620 2905,1617 3016,1614 3127,1613 3238,1611"/>
                <TextEquiv>
                    <Unicode>selbstverständlich infolge des Verschuldens der mehr im schroffsten Gegensatze mit den Erklärungen der</Unicode>
                </TextEquiv>
            </TextLine>
            <TextLine id="r4l17" custom="readingOrder {index:16;}">
                <Coords points="203,1711 940,1688 938,1631 772,1612 607,1645 579,1618 506,1648 455,1622 394,1647 202,1653"/>
                <Baseline points="224,1698 258,1698 293,1698 328,1697 363,1697 398,1697 433,1696 467,1696 502,1695 537,1694 572,1693 607,1692 642,1690 677,1689 711,1688 746,1686 781,1684 816,1683 851,1680 886,1679 921,1676"/>
                <TextEquiv>
                    <Unicode>rtiermeister: Ludendorff.“wird</Unicode>
                </TextEquiv>
            </TextLine>
            <TextLine id="r4l18" custom="readingOrder {index:17;}">
                <Coords points="773,1777 3256,1714 772,1746"/>
                <Baseline points="793,1790 915,1786 1037,1783 1159,1780 1282,1776 1404,1771 1526,1767 1648,1762 1771,1758 1893,1753 2015,1749 2137,1744 2260,1740 2382,1736 2504,1731 2626,1728 2749,1725 2871,1722 2993,1719 3115,1717 3238,1716"/>
                <TextEquiv>
                    <Unicode>werden brauchte und doch von allen befolgt wurde. Ein fest= die Regie von innen nach außen, nicht von außen nach innen.</Unicode>
                </TextEquiv>
            </TextLine>
            <TextLine id="r4l19" custom="readingOrder {index:18;}">
                <Coords points="801,1838 3258,1781 3232,1713 799,1788"/>
                <Baseline points="819,1836 940,1834 1061,1830 1182,1827 1303,1823 1424,1819 1545,1815 1666,1810 1787,1806 1908,1802 2029,1797 2150,1792 2271,1788 2392,1784 2513,1780 2634,1777 2755,1773 2876,1770 2997,1768 3118,1766 3239,1765"/>
                <TextEquiv>
                    <Unicode>lich gekleidetes Haus bereitete den Wiener Gästen einen fest= Das ist seine Besonderheit, das hebt das Burgtheater über</Unicode>
                </TextEquiv>
            </TextLine>
            <TextLine id="r4l20" custom="readingOrder {index:19;}">
                <Coords points="788,1874 2654,1824 2559,1773 786,1839"/>
                <Baseline points="807,1885 898,1884 989,1882 1081,1880 1172,1877 1264,1874 1355,1871 1446,1867 1538,1864 1629,1861 1721,1856 1812,1852 1903,1849 1995,1845 2086,1842 2178,1837 2269,1834 2360,1831 2452,1828 2543,1826 2635,1823"/>
                <TextEquiv>
                    <Unicode>lichen Empfang. Die Zurückhaltung, mit der der Schweizer alle deutschen Bühnen empor.</Unicode>
                </TextEquiv>
            </TextLine>
            <TextLine id="r4l21" custom="readingOrder {index:20;}">
                <Coords points="2128,1895 3254,1872 3253,1799 2127,1852"/>
                <Baseline points="2148,1886 2202,1884 2256,1882 2310,1880 2365,1878 2419,1877 2473,1875 2527,1874 2582,1873 2636,1872 2690,1871 2744,1870 2799,1868 2853,1867 2907,1866 2961,1865 3016,1864 3070,1863 3124,1861 3178,1860 3233,1858"/>
                <TextEquiv>
                    <Unicode>Jeder Schauspieler, der aus der Fremde kommt, muß</Unicode>
                </TextEquiv>
            </TextLine>
            <TextLine id="r4l22" custom="readingOrder {index:21;}">
                <Coords points="208,1922 314,1897 428,1915 472,1880 546,1885 571,1863 658,1883 687,1857 739,1880 729,1769 688,1784 648,1768 611,1790 520,1767 481,1813 428,1822 359,1789 255,1798 196,1780"/>
                <Baseline points="223,1881 249,1886 275,1889 301,1892 327,1893 353,1893 379,1891 405,1889 431,1886 457,1884 484,1880 510,1876 536,1872 562,1868 588,1865 614,1861 640,1858 666,1857 692,1855 719,1855"/>
                <TextEquiv>
                    <Unicode>eion.</Unicode>
                </TextEquiv>
            </TextLine>
            <TextLine id="r4l23" custom="readingOrder {index:22;}">
                <Coords points="802,1947 2028,1905 2026,1855 1984,1852 800,1889"/>
                <Baseline points="819,1931 878,1930 938,1929 997,1928 1057,1927 1116,1925 1176,1923 1235,1921 1295,1919 1354,1917 1414,1916 1474,1913 1533,1911 1593,1909 1652,1907 1712,1905 1771,1903 1831,1901 1890,1899 1950,1898 2010,1897"/>
                <TextEquiv>
                    <Unicode>alles Fremde aufnimmt — er ist nichts weniger als ein</Unicode>
                </TextEquiv>
            </TextLine>
            <TextLine id="r4l24" custom="readingOrder {index:23;}">
                <Coords points="2026,1950 3264,1909 3262,1851 3116,1843 2025,1881"/>
                <Baseline points="2046,1934 2105,1933 2165,1932 2225,1931 2285,1929 2345,1928 2405,1927 2464,1926 2524,1924 2584,1923 2644,1922 2704,1921 2764,1919 2824,1918 2883,1916 2943,1914 3003,1913 3063,1910 3123,1909 3183,1907 3243,1904"/>
                <TextEquiv>
                    <Unicode>sich mit dem Geist des Hauses auseinandersetzen, muß mit</Unicode>
                </TextEquiv>
            </TextLine>
            <TextLine id="r4l25" custom="readingOrder {index:24;}">
                <Coords points="810,1982 2029,1963 2028,1905 809,1943"/>
                <Baseline points="830,1980 888,1979 947,1977 1006,1976 1065,1974 1124,1973 1183,1971 1242,1970 1301,1967 1360,1965 1419,1964 1477,1961 1536,1959 1595,1958 1654,1955 1713,1953 1772,1952 1831,1950 1890,1948 1949,1947 2008,1945"/>
                <TextEquiv>
                    <Unicode>Enthusiast und seine Begeisterung ist schwer in Brand zu</Unicode>
                </TextEquiv>
            </TextLine>
            <TextLine id="r4l26" custom="readingOrder {index:25;}">
                <Coords points="2019,1993 3219,1968 3257,1963 3256,1906 2018,1951"/>
                <Baseline points="2040,1985 2099,1983 2159,1981 2219,1979 2279,1977 2339,1976 2398,1974 2458,1973 2518,1972 2578,1971 2638,1969 2697,1968 2757,1967 2817,1966 2877,1964 2937,1963 2996,1961 3056,1959 3116,1958 3176,1956 3236,1954"/>
                <TextEquiv>
                    <Unicode>ihm ringen, darf ihm nicht unterliegen sondern muß sich mit</Unicode>
                </TextEquiv>
            </TextLine>
            <TextLine id="r4l27" custom="readingOrder {index:26;}">
                <Coords points="201,2036 587,2031 617,2010 637,2029 694,2012 737,2031 810,2010 808,1932 769,1926 697,1943 588,1930 566,1954 523,1932 199,1948"/>
                <Baseline points="221,2011 249,2011 277,2011 306,2011 334,2011 363,2011 391,2010 419,2010 448,2009 476,2009 505,2008 533,2007 561,2006 590,2005 618,2004 647,2003 675,2002 703,2001 732,2000 760,1999 789,1998"/>
                <TextEquiv>
                    <Unicode>ater in der Schwelz.</Unicode>
                </TextEquiv>
            </TextLine>
            <TextLine id="r4l28" custom="readingOrder {index:27;}">
                <Coords points="812,2034 1992,2007 2045,1963 810,1980"/>
                <Baseline points="831,2029 890,2027 950,2025 1010,2024 1070,2022 1129,2020 1189,2018 1249,2016 1309,2014 1368,2012 1428,2010 1488,2008 1548,2006 1607,2004 1667,2002 1727,2000 1787,1998 1846,1996 1906,1994 1966,1992 2026,1990"/>
                <TextEquiv>
                    <Unicode>setzen — wich sehr schnell einer rückhaltlosen Bewunderung.</Unicode>
                </TextEquiv>
            </TextLine>
            <TextLine id="r4l29" custom="readingOrder {index:28;}">
                <Coords points="2025,2034 3259,2002 3258,1963 3154,1954 2024,1988"/>
                <Baseline points="2044,2030 2103,2029 2163,2027 2223,2026 2283,2025 2343,2024 2402,2022 2462,2021 2522,2020 2582,2018 2642,2017 2701,2016 2761,2014 2821,2012 2881,2011 2941,2009 3000,2006 3060,2004 3120,2002 3180,2000 3240,1997"/>
                <TextEquiv>
                    <Unicode>ihm vermählen. Auch die persönlichsten deuischen Schau¬</Unicode>
                </TextEquiv>
            </TextLine>
            <TextLine id="r4l30" custom="readingOrder {index:29;}">
                <Coords points="816,2085 2038,2054 2040,1996 814,2035"/>
                <Baseline points="835,2074 894,2073 953,2072 1013,2071 1072,2069 1131,2068 1191,2066 1250,2064 1309,2063 1369,2061 1428,2059 1487,2057 1547,2055 1606,2053 1665,2051 1725,2048 1784,2047 1843,2044 1903,2041 1962,2039 2022,2037"/>
                <TextEquiv>
                    <Unicode>Man sprach in Zürich in diesen Gastspieltagen von nichts</Unicode>
                </TextEquiv>
            </TextLine>
            <TextLine id="r4l31" custom="readingOrder {index:30;}">
                <Coords points="208,2097 266,2111 393,2085 455,2102 667,2077 818,2088 816,2027 715,2022 662,2046 607,2021 473,2044 403,2026 353,2051 206,2032"/>
                <Baseline points="227,2089 255,2089 284,2088 312,2088 341,2087 370,2087 398,2086 427,2085 455,2085 484,2084 513,2084 541,2083 570,2082 598,2081 627,2080 656,2079 684,2078 713,2077 741,2076 770,2074 799,2073"/>
                <TextEquiv>
                    <Unicode>Wiener Burgtheaters ist ein</Unicode>
                </TextEquiv>
            </TextLine>
            <TextLine id="r4l32" custom="readingOrder {index:31;}">
                <Coords points="821,2127 3272,2006 819,2077"/>
                <Baseline points="840,2121 960,2118 1081,2115 1202,2112 1322,2108 1443,2105 1564,2101 1684,2097 1805,2093 1926,2088 2047,2085 2167,2080 2288,2076 2409,2072 2529,2068 2650,2064 2771,2060 2891,2057 3012,2054 3133,2050 3254,2048"/>
                <TextEquiv>
                    <Unicode>anderem als vom Wiener Burgtheater. Es beherrschte das spieler, die es jemals gegeben hat, auch Mitterwurzer und</Unicode>
                </TextEquiv>
            </TextLine>
            <TextLine id="r4l33" custom="readingOrder {index:32;}">
                <Coords points="212,2143 302,2156 320,2140 818,2130 817,2087 735,2078 493,2101 392,2084 373,2100 211,2093"/>
                <Baseline points="233,2138 261,2138 289,2137 317,2137 345,2136 374,2136 402,2135 430,2135 458,2134 486,2134 515,2133 543,2132 571,2131 599,2130 627,2130 656,2129 684,2127 712,2125 740,2124 768,2123 797,2120"/>
                <TextEquiv>
                    <Unicode>ie Reiselust stak freilich seinen</Unicode>
                </TextEquiv>
            </TextLine>
            <TextLine id="r4l34" custom="readingOrder {index:33;}">
                <Coords points="812,2181 3121,2118 3274,2055 810,2127"/>
                <Baseline points="832,2171 953,2167 1074,2164 1195,2160 1316,2156 1437,2152 1558,2148 1679,2144 1800,2140 1921,2136 2043,2131 2164,2127 2285,2123 2406,2119 2527,2115 2648,2111 2769,2108 2890,2104 3011,2101 3132,2099 3254,2096"/>
                <TextEquiv>
                    <Unicode>öffentliche Interesse trotz der schweren Konkurrenz, die just Kainz, sind diesen Bund eingegangen. Man mag vielerlei</Unicode>
                </TextEquiv>
            </TextLine>
            <TextLine id="r4l35" custom="readingOrder {index:34;}">
                <Coords points="818,2223 3275,2162 3261,2096 816,2173"/>
                <Baseline points="838,2217 958,2214 1079,2211 1200,2208 1321,2205 1442,2201 1562,2197 1683,2192 1804,2188 1925,2184 2046,2179 2166,2175 2287,2170 2408,2166 2529,2162 2650,2158 2770,2154 2891,2151 3012,2148 3133,2146 3254,2144"/>
                <TextEquiv>
                    <Unicode>in denselben Tagen die politischen Nachrichten aus Ost und Formeln für ihn finden — idealistischer Realismus, stili¬</Unicode>
                </TextEquiv>
            </TextLine>
            <TextLine id="r4l36" custom="readingOrder {index:35;}">
                <Coords points="211,2198 766,2186 820,2177 819,2131 209,2132"/>
                <Baseline points="229,2185 257,2185 286,2185 314,2185 343,2185 372,2184 400,2184 429,2183 457,2182 486,2182 515,2181 543,2180 572,2179 600,2179 629,2177 658,2176 686,2175 715,2174 743,2173 772,2171 801,2169"/>
                <TextEquiv>
                    <Unicode>Die Größen des Burgtheaters</Unicode>
                </TextEquiv>
            </TextLine>
            <TextLine id="r4l37" custom="readingOrder {index:36;}">
                <Coords points="813,2267 3269,2177 812,2216"/>
                <Baseline points="834,2264 954,2262 1075,2259 1196,2255 1317,2252 1438,2248 1559,2245 1680,2240 1801,2236 1922,2232 2043,2228 2163,2223 2284,2219 2405,2215 2526,2211 2647,2208 2768,2204 2889,2200 3010,2197 3131,2195 3252,2193"/>
                <TextEquiv>
                    <Unicode>West ihm bereiteten. Natürlich lag es den Zürchern nahe sierte Natürlichkeit usw. usw. — der rechte Geist des Burg¬</Unicode>
                </TextEquiv>
            </TextLine>
            <TextLine id="r4l38" custom="readingOrder {index:37;}">
                <Coords points="211,2247 316,2264 388,2238 431,2256 473,2228 528,2253 550,2229 724,2240 812,2225 811,2175 403,2199 209,2174"/>
                <Baseline points="229,2235 257,2235 285,2234 313,2234 341,2233 370,2233 398,2232 426,2231 454,2230 482,2229 511,2228 539,2227 567,2226 595,2225 623,2224 652,2223 680,2223 708,2222 736,2221 764,2220 793,2219"/>
                <TextEquiv>
                    <Unicode>der ganzen Theaterwelt und</Unicode>
                </TextEquiv>
            </TextLine>
            <TextLine id="r4l39" custom="readingOrder {index:38;}">
                <Coords points="210,2289 368,2292 437,2262 492,2287 537,2270 565,2289 730,2271 839,2283 837,2241 798,2227 208,2247"/>
                <Baseline points="227,2282 256,2283 286,2283 315,2283 345,2283 374,2282 404,2282 433,2281 463,2280 492,2279 522,2278 551,2276 581,2275 610,2274 640,2272 669,2271 699,2270 728,2268 758,2267 787,2266 817,2265"/>
                <TextEquiv>
                    <Unicode>fern auch in kleineren und</Unicode>
                </TextEquiv>
            </TextLine>
            <TextLine id="r4l40" custom="readingOrder {index:39;}">
                <Coords points="818,2321 3275,2250 2752,2190 817,2270"/>
                <Baseline points="838,2312 965,2309 1092,2307 1219,2303 1347,2300 1474,2296 1601,2291 1729,2287 1856,2283 1983,2278 2111,2273 2238,2269 2365,2265 2493,2260 2620,2256 2747,2253 2875,2249 3002,2246 3129,2244 3257,2242"/>
                <TextEquiv>
                    <Unicode>Vergleiche zu ziehen. Reinhardt mit seinen Leuten war ja theaters ist nicht zu fassen, man muß ihn empfinden, um ihn</Unicode>
                </TextEquiv>
            </TextLine>
            <TextLine id="r4l41" custom="readingOrder {index:40;}">
                <Coords points="2024,2321 3274,2306 3272,2241 2023,2271"/>
                <Baseline points="2045,2321 2105,2320 2165,2317 2226,2316 2286,2314 2347,2312 2407,2310 2467,2309 2528,2307 2588,2306 2649,2304 2709,2303 2769,2301 2830,2300 2890,2298 2951,2296 3011,2294 3071,2292 3132,2291 3192,2289 3253,2287"/>
                <TextEquiv>
                    <Unicode>zu verstehen. Man muß ihn fühlen, um ihn sehen zu können.</Unicode>
                </TextEquiv>
            </TextLine>
            <TextLine id="r4l42" custom="readingOrder {index:41;}">
                <Coords points="203,2332 257,2346 369,2326 400,2341 828,2319 826,2272 564,2289 440,2262 410,2283 201,2278"/>
                <Baseline points="224,2333 253,2332 282,2331 311,2330 341,2329 370,2328 399,2328 429,2327 458,2326 487,2325 517,2324 546,2323 575,2322 604,2321 634,2319 663,2319 692,2317 722,2317 751,2315 780,2314 810,2312"/>
                <TextEquiv>
                    <Unicode>ner es Meister= und Muster¬</Unicode>
                </TextEquiv>
            </TextLine>
            <TextLine id="r4l43" custom="readingOrder {index:42;}">
                <Coords points="827,2367 2046,2332 2044,2282 1971,2281 826,2317"/>
                <Baseline points="846,2364 905,2361 964,2359 1023,2357 1082,2355 1141,2353 1200,2351 1259,2348 1318,2347 1377,2345 1436,2343 1495,2341 1554,2339 1613,2337 1672,2336 1731,2334 1790,2333 1849,2331 1908,2329 1967,2328 2026,2327"/>
                <TextEquiv>
                    <Unicode>vor kurzem hier gewesen. Aber nicht nur für die Zi#cher,</Unicode>
                </TextEquiv>
            </TextLine>
            <TextLine id="r4l44" custom="readingOrder {index:43;}">
                <Coords points="818,2429 3081,2361 3272,2293 816,2363"/>
                <Baseline points="836,2410 956,2406 1077,2403 1198,2399 1319,2395 1440,2391 1561,2387 1682,2383 1803,2378 1924,2374 2045,2370 2165,2365 2286,2362 2407,2358 2528,2354 2649,2351 2770,2347 2891,2345 3012,2342 3133,2340 3254,2338"/>
                <TextEquiv>
                    <Unicode>sondern auch für alle Kunstfreunde war dieser Vergleich Und wenn man ihm in der Fremde, fern von Wien. begegnet,</Unicode>
                </TextEquiv>
            </TextLine>
            <TextLine id="r4l45" custom="readingOrder {index:44;}">
                <Coords points="215,2394 824,2367 823,2320 214,2340"/>
                <Baseline points="234,2380 262,2379 290,2378 319,2377 347,2377 376,2376 404,2375 433,2374 461,2374 490,2373 518,2372 546,2371 575,2370 603,2369 632,2368 660,2367 689,2366 717,2365 746,2364 774,2362 803,2361"/>
                <TextEquiv>
                    <Unicode>aren die Burgtheaterleute da¬</Unicode>
                </TextEquiv>
            </TextLine>
            <TextLine id="r4l46" custom="readingOrder {index:45;}">
                <Coords points="2041,2426 3093,2379 3252,2413 3277,2335 2039,2372"/>
                <Baseline points="2060,2415 2120,2414 2180,2412 2240,2410 2300,2409 2360,2408 2420,2406 2480,2405 2540,2403 2600,2401 2660,2399 2720,2398 2780,2396 2840,2394 2900,2393 2960,2391 3020,2390 3080,2388 3140,2386 3200,2385 3260,2384"/>
                <TextEquiv>
                    <Unicode>dann fühlt man seine Kraft doppelt und dreifach. Dann</Unicode>
                </TextEquiv>
            </TextLine>
            <TextLine id="r4l47" custom="readingOrder {index:46;}">
                <Coords points="218,2455 275,2434 819,2417 817,2367 625,2381 531,2353 466,2378 216,2398"/>
                <Baseline points="235,2427 263,2426 291,2425 319,2425 348,2424 376,2423 404,2423 432,2421 461,2421 489,2420 517,2419 545,2418 574,2418 602,2416 630,2415 658,2414 687,2413 715,2412 743,2411 771,2410 800,2408"/>
                <TextEquiv>
                    <Unicode>und Fernfahrten handelte es</Unicode>
                </TextEquiv>
            </TextLine>
            <TextLine id="r4l48" custom="readingOrder {index:47;}">
                <Coords points="2034,2496 3248,2431 3247,2401 3096,2381 2032,2411"/>
                <Baseline points="2053,2459 2111,2458 2170,2458 2229,2457 2287,2456 2346,2455 2405,2454 2463,2452 2522,2451 2581,2449 2640,2447 2698,2446 2757,2444 2816,2443 2874,2441 2933,2439 2992,2438 3050,2436 3109,2435 3168,2433 3227,2432"/>
                <TextEquiv>
                    <Unicode>erkennt man staunend die ewige Jugend des alten Hauses.</Unicode>
                </TextEquiv>
            </TextLine>
            <TextLine id="r4l49" custom="readingOrder {index:48;}">
                <Coords points="229,2478 2049,2429 2001,2376 227,2428"/>
                <Baseline points="246,2475 335,2472 424,2470 513,2468 602,2465 692,2462 781,2459 870,2457 959,2454 1048,2452 1138,2449 1227,2445 1316,2443 1405,2440 1494,2437 1584,2434 1673,2431 1762,2428 1851,2425 1940,2422 2030,2419"/>
                <TextEquiv>
                    <Unicode>und niemals noch hat sich das äußerst lehrreich. Reinhardt spielt heute im Theaterleben die</Unicode>
                </TextEquiv>
            </TextLine>
            <TextLine id="r4l50" custom="readingOrder {index:49;}">
                <Coords points="819,2513 2011,2482 2049,2473 2047,2403 818,2467"/>
                <Baseline points="838,2506 897,2503 957,2500 1016,2498 1076,2496 1136,2493 1195,2491 1255,2490 1314,2488 1374,2487 1434,2484 1493,2483 1553,2481 1612,2480 1672,2478 1732,2476 1791,2474 1851,2471 1910,2469 1970,2466 2030,2463"/>
                <TextEquiv>
                    <Unicode>Rolle eines hinreißend genialen Dirigenten. Man wäre ver¬</Unicode>
                </TextEquiv>
            </TextLine>
            <TextLine id="r4l51" custom="readingOrder {index:50;}">
                <Coords points="2138,2498 2336,2528 2913,2482 3234,2500 3272,2484 3270,2411 2909,2455 2815,2426 2137,2464"/>
                <Baseline points="2156,2507 2210,2506 2265,2504 2320,2503 2375,2502 2429,2501 2484,2499 2539,2498 2594,2497 2648,2495 2703,2494 2758,2492 2813,2490 2867,2489 2922,2487 2977,2486 3032,2484 3086,2483 3141,2482 3196,2480 3251,2479"/>
                <TextEquiv>
                    <Unicode>Die Wahl der Stücke, mit denen das Burgtheater auf</Unicode>
                </TextEquiv>
            </TextLine>
            <TextLine id="r4l52" custom="readingOrder {index:51;}">
                <Coords points="232,2535 370,2517 386,2533 490,2519 648,2533 706,2512 741,2535 764,2515 833,2518 832,2468 744,2462 690,2486 601,2468 231,2481"/>
                <Baseline points="250,2520 278,2518 306,2518 334,2517 362,2516 391,2516 419,2516 447,2516 475,2516 503,2516 532,2516 560,2516 588,2515 616,2515 644,2515 673,2514 701,2513 729,2512 757,2510 785,2509 814,2506"/>
                <TextEquiv>
                    <Unicode>Wien hinwegbegeben. Zum</Unicode>
                </TextEquiv>
            </TextLine>
            <TextLine id="r4l53" custom="readingOrder {index:52;}">
                <Coords points="831,2560 2023,2524 2056,2468 830,2510"/>
                <Baseline points="849,2553 908,2550 967,2547 1027,2545 1086,2543 1146,2541 1205,2539 1264,2538 1324,2535 1383,2534 1443,2532 1502,2530 1561,2529 1621,2527 1680,2525 1740,2524 1799,2522 1858,2520 1918,2518 1977,2516 2037,2514"/>
                <TextEquiv>
                    <Unicode>sucht, ihn mit Strauß und Nikisch in einem Atem zu nennen.</Unicode>
                </TextEquiv>
            </TextLine>
            <TextLine id="r4l54" custom="readingOrder {index:53;}">
                <Coords points="2049,2565 3275,2528 3274,2493 3165,2477 2214,2526 2047,2492"/>
                <Baseline points="2066,2558 2125,2558 2185,2557 2244,2555 2304,2554 2363,2552 2423,2550 2482,2548 2542,2546 2601,2544 2661,2543 2720,2540 2780,2539 2839,2537 2899,2535 2958,2534 3018,2533 3077,2532 3137,2531 3196,2531 3256,2531"/>
                <TextEquiv>
                    <Unicode>Reisen ging, und ihre Anordnung waren sehr glücklich.</Unicode>
                </TextEquiv>
            </TextLine>
            <TextLine id="r4l55" custom="readingOrder {index:54;}">
                <Coords points="246,2573 833,2570 832,2512 751,2529 716,2510 659,2531 246,2527"/>
                <Baseline points="264,2566 291,2565 319,2564 346,2564 374,2563 401,2563 429,2563 456,2563 484,2562 511,2562 539,2562 566,2562 594,2562 621,2561 649,2561 676,2560 704,2559 731,2558 759,2556 786,2554 814,2552"/>
                <TextEquiv>
                    <Unicode>seine Ausstattung, gehören</Unicode>
                </TextEquiv>
            </TextLine>
            <TextLine id="r4l56" custom="readingOrder {index:55;}">
                <Coords points="829,2607 1993,2575 2047,2569 2046,2523 827,2560"/>
                <Baseline points="846,2598 905,2596 964,2594 1023,2592 1082,2590 1141,2588 1200,2586 1259,2584 1318,2583 1377,2581 1436,2579 1495,2577 1554,2575 1613,2573 1672,2572 1731,2570 1790,2568 1849,2567 1908,2565 1967,2563 2026,2562"/>
                <TextEquiv>
                    <Unicode>So vortreffliche Künstlerr sein Ensemble auch aufweist, keiner</Unicode>
                </TextEquiv>
            </TextLine>
            <TextLine id="r4l57" custom="readingOrder {index:56;}">
                <Coords points="2039,2593 3251,2597 3276,2530 2038,2562"/>
                <Baseline points="2059,2608 2118,2606 2178,2605 2238,2603 2298,2601 2358,2600 2418,2597 2477,2596 2537,2594 2597,2592 2657,2591 2717,2589 2777,2587 2837,2585 2896,2584 2956,2582 3016,2580 3076,2579 3136,2577 3196,2576 3256,2574"/>
                <TextEquiv>
                    <Unicode>Zwei überragende schauspielerische Leistungen haben das</Unicode>
                </TextEquiv>
            </TextLine>
            <TextLine id="r4l58" custom="readingOrder {index:57;}">
                <Coords points="217,2638 371,2610 448,2628 714,2601 776,2615 826,2606 825,2563 385,2567 351,2584 215,2568"/>
                <Baseline points="235,2617 263,2616 292,2616 320,2615 349,2615 378,2614 406,2613 435,2612 464,2612 492,2611 521,2611 550,2610 578,2610 607,2608 636,2608 664,2607 693,2606 722,2605 750,2603 779,2602 808,2600"/>
                <TextEquiv>
                    <Unicode>Kollen, sondern auch die Dar¬</Unicode>
                </TextEquiv>
            </TextLine>
            <TextLine id="r4l59" custom="readingOrder {index:58;}">
                <Coords points="823,2656 2054,2627 2052,2566 2005,2563 822,2606"/>
                <Baseline points="841,2647 900,2646 960,2644 1019,2642 1079,2640 1139,2639 1198,2637 1258,2634 1318,2632 1377,2630 1437,2628 1497,2626 1556,2624 1616,2622 1676,2620 1735,2618 1795,2616 1855,2615 1914,2613 1974,2612 2034,2611"/>
                <TextEquiv>
                    <Unicode>vermag den Regisseur zu verdunkeln. Der Regisseur könnte</Unicode>
                </TextEquiv>
            </TextLine>
            <TextLine id="r4l60" custom="readingOrder {index:59;}">
                <Coords points="2043,2654 3281,2637 3283,2567 2041,2593"/>
                <Baseline points="2061,2653 2121,2652 2181,2651 2241,2650 2302,2649 2362,2648 2422,2646 2483,2645 2543,2643 2603,2642 2664,2640 2724,2638 2784,2636 2844,2635 2905,2633 2965,2631 3025,2629 3086,2627 3146,2625 3206,2624 3267,2622"/>
                <TextEquiv>
                    <Unicode>Gastspiel begonnen und beendet. (Die Bleibtreu als Medea,</Unicode>
                </TextEquiv>
            </TextLine>
            <TextLine id="r4l61" custom="readingOrder {index:60;}">
                <Coords points="220,2680 475,2655 514,2674 586,2656 837,2662 836,2612 716,2599 435,2629 369,2611 219,2634"/>
                <Baseline points="241,2665 269,2664 298,2662 327,2661 356,2660 385,2659 414,2658 443,2658 472,2657 501,2656 530,2656 558,2656 587,2655 616,2655 645,2654 674,2653 703,2653 732,2652 761,2652 790,2650 819,2649"/>
                <TextEquiv>
                    <Unicode>te Rollen — mit einem Wort,</Unicode>
                </TextEquiv>
            </TextLine>
            <TextLine id="r4l62" custom="readingOrder {index:61;}">
                <Coords points="2653,2665 2676,2663 2685,2670 2692,2669 2697,2673 2712,2668 2715,2663 2719,2667 2738,2665 2735,2623 2650,2634"/>
                <Baseline points="2673,2665 2719,2661"/>
                <TextEquiv>
                    <Unicode>270</Unicode>
                </TextEquiv>
            </TextLine>
            <TextLine id="r4l63" custom="readingOrder {index:62;}">
                <Coords points="834,2698 2053,2664 2051,2617 1777,2614 833,2660"/>
                <Baseline points="852,2696 911,2694 970,2692 1029,2690 1088,2688 1147,2685 1206,2683 1265,2681 1324,2679 1383,2677 1442,2675 1501,2674 1560,2672 1619,2670 1678,2668 1737,2667 1796,2665 1855,2664 1914,2662 1973,2660 2032,2659"/>
                <TextEquiv>
                    <Unicode>auch allein auf Reisen gehen und es würde ihm gelingen, in</Unicode>
                </TextEquiv>
            </TextLine>
            <TextLine id="r4l64" custom="readingOrder {index:63;}">
                <Coords points="829,2753 3035,2702 3283,2625 827,2696"/>
                <Baseline points="847,2744 968,2739 1089,2735 1210,2730 1331,2726 1452,2722 1573,2718 1694,2714 1815,2710 1936,2706 2057,2703 2178,2700 2299,2696 2420,2692 2541,2689 2662,2685 2783,2682 2904,2679 3025,2676 3146,2672 3267,2669"/>
                <TextEquiv>
                    <Unicode>jeder fremden Stadt, in jedem fremden Ensemble, wenn man die Medelsky im „Weibsteufel“.) Von Grillparzer führte</Unicode>
                </TextEquiv>
            </TextLine>
            <TextLine id="r4l65" custom="readingOrder {index:64;}">
                <Coords points="220,2731 451,2702 478,2717 690,2697 833,2713 832,2651 219,2681"/>
                <Baseline points="237,2711 265,2711 294,2710 323,2709 352,2709 381,2708 410,2708 438,2707 467,2706 496,2706 525,2705 554,2704 583,2704 612,2703 640,2702 669,2702 698,2701 727,2700 756,2700 785,2699 814,2698"/>
                <TextEquiv>
                    <Unicode>uft, in der es in Wien atnckt.</Unicode>
                </TextEquiv>
            </TextLine>
            <TextLine id="r4l66" custom="readingOrder {index:65;}">
                <Coords points="828,2792 3253,2736 3278,2665 826,2749"/>
                <Baseline points="848,2793 968,2788 1089,2783 1210,2779 1330,2775 1451,2770 1572,2766 1692,2762 1813,2759 1934,2755 2055,2751 2175,2748 2296,2744 2417,2741 2537,2738 2658,2734 2779,2731 2899,2727 3020,2723 3141,2719 3262,2715"/>
                <TextEquiv>
                    <Unicode>ihm nur genügend Zeit ließe, eine Vorstellung des Deutschen der Spielplan zu Hofmannsthal und Schnitzler, zu Schön¬</Unicode>
                </TextEquiv>
            </TextLine>
            <TextLine id="r4l67" custom="readingOrder {index:66;}">
                <Coords points="224,2766 410,2789 510,2771 541,2786 621,2757 706,2755 776,2781 842,2764 841,2718 697,2698 223,2723"/>
                <Baseline points="243,2754 271,2755 300,2756 329,2757 358,2757 387,2757 416,2757 445,2756 474,2756 503,2755 532,2754 560,2753 589,2752 618,2752 647,2750 676,2749 705,2748 734,2747 763,2747 792,2746 821,2746"/>
                <TextEquiv>
                    <Unicode>Kulissen, steckt in den Möbeln,</Unicode>
                </TextEquiv>
            </TextLine>
            <TextLine id="r4l68" custom="readingOrder {index:67;}">
                <Coords points="838,2842 3285,2734 836,2796"/>
                <Baseline points="858,2836 978,2832 1099,2829 1219,2825 1340,2821 1460,2818 1581,2814 1701,2810 1822,2807 1942,2803 2063,2800 2183,2796 2304,2793 2424,2789 2545,2786 2665,2782 2786,2778 2906,2775 3027,2770 3147,2767 3268,2763"/>
                <TextEquiv>
                    <Unicode>Theaters zu geben, denn das Deutsche Theater, der Geist des herr und Salten. Alt und Neu, Vergangenheit und Gegen¬</Unicode>
                </TextEquiv>
            </TextLine>
            <TextLine id="r4l69" custom="readingOrder {index:68;}">
                <Coords points="231,2862 277,2854 305,2876 328,2857 482,2846 590,2863 837,2847 836,2801 782,2790 670,2808 546,2779 462,2812 353,2779 230,2797"/>
                <Baseline points="252,2850 280,2850 308,2850 336,2850 364,2850 393,2850 421,2850 449,2850 477,2849 505,2849 534,2849 562,2848 590,2847 618,2847 646,2846 675,2845 703,2844 731,2843 759,2842 787,2840 816,2838"/>
                <TextEquiv>
                    <Unicode>r geschehen. Das Burgtheater</Unicode>
                </TextEquiv>
            </TextLine>
            <TextLine id="r4l70" custom="readingOrder {index:69;}">
                <Coords points="229,2911 3285,2762 227,2864"/>
                <Baseline points="248,2906 399,2901 550,2896 701,2890 852,2886 1003,2881 1154,2877 1305,2872 1456,2867 1607,2863 1758,2858 1909,2854 2060,2849 2211,2845 2362,2840 2513,2836 2664,2830 2815,2826 2966,2821 3117,2816 3268,2810"/>
                <TextEquiv>
                    <Unicode>ürich. Das ist ein Ereignis in Deutschen Theaters ist er selbst. Der eigentliche Regisseur der wart, ein Bild des geistigen Oesterreich, wie es war und</Unicode>
                </TextEquiv>
            </TextLine>
            <TextLine id="r4l71" custom="readingOrder {index:70;}">
                <Coords points="230,2957 3280,2875 3297,2805 228,2907"/>
                <Baseline points="248,2955 399,2949 551,2944 702,2940 854,2935 1005,2930 1157,2925 1308,2921 1460,2916 1611,2912 1763,2907 1914,2903 2066,2898 2217,2894 2369,2889 2520,2884 2672,2879 2823,2874 2975,2870 3126,2865 3278,2859"/>
                <TextEquiv>
                    <Unicode>De denn auch hier als künstleri= Burg aber ist die Tradition. Ist der Geist, den, von einem wie es ist. Die stärkste Wirkung holte sich das Buratheater</Unicode>
                </TextEquiv>
            </TextLine>
            <TextLine id="r4l72" custom="readingOrder {index:71;}">
                <Coords points="234,3011 3300,2918 233,2957"/>
                <Baseline points="252,3000 403,2995 554,2991 706,2986 857,2982 1008,2977 1160,2973 1311,2968 1462,2964 1614,2959 1765,2954 1916,2949 2068,2945 2219,2940 2370,2936 2522,2931 2673,2926 2824,2922 2976,2917 3127,2913 3279,2909"/>
                <TextEquiv>
                    <Unicode>ignis gewertet. Die vier Gast= im Burgtheater groß gewordenen Ensemble auf das andere entschieden am letzten Abend im „Weibsteufel“. Dies ist</Unicode>
                </TextEquiv>
            </TextLine>
            <TextLine id="r4l73" custom="readingOrder {index:72;}">
                <Coords points="232,3049 3286,2956 231,3011"/>
                <Baseline points="250,3048 400,3043 551,3038 702,3033 853,3028 1004,3023 1154,3018 1305,3014 1456,3009 1607,3004 1758,3000 1908,2995 2059,2990 2210,2986 2361,2981 2512,2977 2662,2973 2813,2968 2964,2964 3115,2960 3266,2956"/>
                <TextEquiv>
                    <Unicode>ter in Zürich gab, trugen den übergehend, die Ueberlieserung des Hauses beseelt. Dieser vielleicht die beste Vorstellung überhaupt, die man heute auf</Unicode>
                </TextEquiv>
            </TextLine>
            <TextLine id="r4l74" custom="readingOrder {index:73;}">
                <Coords points="837,3079 3309,3023 3330,2957 835,3029"/>
                <Baseline points="858,3074 980,3070 1103,3065 1225,3062 1348,3057 1471,3054 1593,3050 1716,3047 1839,3044 1961,3040 2084,3037 2207,3033 2329,3030 2452,3027 2575,3024 2697,3020 2820,3016 2943,3013 3065,3009 3188,3005 3311,3001"/>
                <TextEquiv>
                    <Unicode>Geist kann nicht allein auf Gastspielfahrten gehen. Er war es, einer deutschen Bühne zu sehen bekommen kann. And.-</Unicode>
                </TextEquiv>
            </TextLine>
            <TextLine id="r4l75" custom="readingOrder {index:74;}">
                <Coords points="232,3105 320,3083 351,3102 853,3087 851,3033 231,3051"/>
                <Baseline points="251,3087 280,3087 309,3087 338,3087 367,3087 396,3087 425,3086 454,3086 483,3085 512,3085 541,3084 570,3084 599,3083 628,3082 657,3081 686,3080 715,3079 744,3078 773,3077 802,3075 832,3074"/>
                <TextEquiv>
                    <Unicode>en Charakter eines Théätre</Unicode>
                </TextEquiv>
            </TextLine>
            <TextLine id="r4l76" custom="readingOrder {index:75;}">
                <Coords points="232,3154 3301,3055 3272,2986 231,3100"/>
                <Baseline points="251,3142 402,3138 554,3134 705,3129 857,3125 1009,3121 1160,3117 1312,3112 1463,3107 1615,3103 1767,3098 1918,3093 2070,3089 2221,3085 2373,3080 2525,3075 2676,3071 2828,3066 2979,3062 3131,3058 3283,3053"/>
                <TextEquiv>
                    <Unicode>n Publikum selbst ausgegeben der hier in Zürich einen in der Zürcher Theatergeschichte schwächsten wirkte „Tor und Tod“ von Hofmannsthal. Der</Unicode>
                </TextEquiv>
            </TextLine>
            <TextLine id="r4l77" custom="readingOrder {index:76;}">
                <Coords points="238,3231 3323,3140 3358,3027 236,3150"/>
                <Baseline points="255,3194 409,3190 563,3185 717,3180 872,3176 1026,3170 1180,3165 1334,3160 1489,3155 1643,3150 1797,3145 1951,3140 2106,3135 2260,3131 2414,3127 2568,3123 2723,3119 2877,3115 3031,3112 3185,3110 3340,3108"/>
                <TextEquiv>
                    <Unicode>, die nicht laut verkündet zu wohl beispiellosen Triumph errang. Im Burgtheater wirkt Grund, warum diese Dichtung nur mit kühler Hochachtung</Unicode>
                </TextEquiv>
            </TextLine>
            <TextEquiv>
                <Unicode>box 2575
20. Zuischenspiel
9•—
zwischen diesem Dokumente und den hochtrabenden Er= weil man es versuchte, uns in unserem eigenen Hause nicht
egsschauplatz.
klärungen des Herrn Miljukow klafft ein schreiender Wider= zur Ruhe kommen zu lassen, aber wir werden den Krieg nicht
Peopold von Bayern.
weiter fortführen, um in einem fremden Hause mitzusprechen.
Zloczow—Tarnopol und
spruch. Es ist schon auffallend, daß die Lage Rußlands
russische Feuertätigkeit.
mit einer geradezu verblüffenden Offenheit geschildert, daß Die Ideen aber, welche der Reichskanzler und Graf Czernin
bersten Erzherzogs Josef und
die Anarchie im Transporte und Verpflegswesen zugegeben in jüngster Zeit zum Ausdrucke gebracht haben, stehen nicht
klfeldmarsch( ls v. Mackensen
selbstverständlich infolge des Verschuldens der mehr im schroffsten Gegensatze mit den Erklärungen der
rtiermeister: Ludendorff.“wird
werden brauchte und doch von allen befolgt wurde. Ein fest= die Regie von innen nach außen, nicht von außen nach innen.
lich gekleidetes Haus bereitete den Wiener Gästen einen fest= Das ist seine Besonderheit, das hebt das Burgtheater über
lichen Empfang. Die Zurückhaltung, mit der der Schweizer alle deutschen Bühnen empor.
Jeder Schauspieler, der aus der Fremde kommt, muß
eion.
alles Fremde aufnimmt — er ist nichts weniger als ein
sich mit dem Geist des Hauses auseinandersetzen, muß mit
Enthusiast und seine Begeisterung ist schwer in Brand zu
ihm ringen, darf ihm nicht unterliegen sondern muß sich mit
ater in der Schwelz.
setzen — wich sehr schnell einer rückhaltlosen Bewunderung.
ihm vermählen. Auch die persönlichsten deuischen Schau¬
Man sprach in Zürich in diesen Gastspieltagen von nichts
Wiener Burgtheaters ist ein
anderem als vom Wiener Burgtheater. Es beherrschte das spieler, die es jemals gegeben hat, auch Mitterwurzer und
ie Reiselust stak freilich seinen
öffentliche Interesse trotz der schweren Konkurrenz, die just Kainz, sind diesen Bund eingegangen. Man mag vielerlei
in denselben Tagen die politischen Nachrichten aus Ost und Formeln für ihn finden — idealistischer Realismus, stili¬
Die Größen des Burgtheaters
West ihm bereiteten. Natürlich lag es den Zürchern nahe sierte Natürlichkeit usw. usw. — der rechte Geist des Burg¬
der ganzen Theaterwelt und
fern auch in kleineren und
Vergleiche zu ziehen. Reinhardt mit seinen Leuten war ja theaters ist nicht zu fassen, man muß ihn empfinden, um ihn
zu verstehen. Man muß ihn fühlen, um ihn sehen zu können.
ner es Meister= und Muster¬
vor kurzem hier gewesen. Aber nicht nur für die Zi#cher,
sondern auch für alle Kunstfreunde war dieser Vergleich Und wenn man ihm in der Fremde, fern von Wien. begegnet,
aren die Burgtheaterleute da¬
dann fühlt man seine Kraft doppelt und dreifach. Dann
und Fernfahrten handelte es
erkennt man staunend die ewige Jugend des alten Hauses.
und niemals noch hat sich das äußerst lehrreich. Reinhardt spielt heute im Theaterleben die
Rolle eines hinreißend genialen Dirigenten. Man wäre ver¬
Die Wahl der Stücke, mit denen das Burgtheater auf
Wien hinwegbegeben. Zum
sucht, ihn mit Strauß und Nikisch in einem Atem zu nennen.
Reisen ging, und ihre Anordnung waren sehr glücklich.
seine Ausstattung, gehören
So vortreffliche Künstlerr sein Ensemble auch aufweist, keiner
Zwei überragende schauspielerische Leistungen haben das
Kollen, sondern auch die Dar¬
vermag den Regisseur zu verdunkeln. Der Regisseur könnte
Gastspiel begonnen und beendet. (Die Bleibtreu als Medea,
te Rollen — mit einem Wort,
270
auch allein auf Reisen gehen und es würde ihm gelingen, in
jeder fremden Stadt, in jedem fremden Ensemble, wenn man die Medelsky im „Weibsteufel“.) Von Grillparzer führte
uft, in der es in Wien atnckt.
ihm nur genügend Zeit ließe, eine Vorstellung des Deutschen der Spielplan zu Hofmannsthal und Schnitzler, zu Schön¬
Kulissen, steckt in den Möbeln,
Theaters zu geben, denn das Deutsche Theater, der Geist des herr und Salten. Alt und Neu, Vergangenheit und Gegen¬
r geschehen. Das Burgtheater
ürich. Das ist ein Ereignis in Deutschen Theaters ist er selbst. Der eigentliche Regisseur der wart, ein Bild des geistigen Oesterreich, wie es war und
De denn auch hier als künstleri= Burg aber ist die Tradition. Ist der Geist, den, von einem wie es ist. Die stärkste Wirkung holte sich das Buratheater
ignis gewertet. Die vier Gast= im Burgtheater groß gewordenen Ensemble auf das andere entschieden am letzten Abend im „Weibsteufel“. Dies ist
ter in Zürich gab, trugen den übergehend, die Ueberlieserung des Hauses beseelt. Dieser vielleicht die beste Vorstellung überhaupt, die man heute auf
Geist kann nicht allein auf Gastspielfahrten gehen. Er war es, einer deutschen Bühne zu sehen bekommen kann. And.-
en Charakter eines Théätre
n Publikum selbst ausgegeben der hier in Zürich einen in der Zürcher Theatergeschichte schwächsten wirkte „Tor und Tod“ von Hofmannsthal. Der
, die nicht laut verkündet zu wohl beispiellosen Triumph errang. Im Burgtheater wirkt Grund, warum diese Dichtung nur mit kühler Hochachtung</Unicode>
            </TextEquiv>
        </TextRegion>
    </Page>
</PcGts>
