3484 4192
1322 43 1793 137 box 25/4
249 48 1182 177 20. Zuischensniel
1794 681 3119 749 sind, worauf die Menge Beifall klatscht. Die Zahl der Voraus¬
813 715 3090 789 Theater und Masik. ungen in der Wirklichkeit aber ist für das Leben des Menschen
876 773 3101 839 Deutsches Schauspielhaus.unendlich groß. Treiben wir also nicht niedere dramatische Mathe¬
495 827 3101 881 Zwischenspiel, Komödie in drei Akten von Artour S#nitter, matik mit etlichen plumpen Zahlen, treiben wir dramatische
1806 849 3034 895 Differenzialrechnung, um der Wirklichkeit näher zu kommen.
1675 855 1727 907 144
555 860 1803 923 Nach Sudermann Schnitzler. Nach dem Man##röhe Bühssell¬
1804 881 3100 934 Wiederum eine große Sache, deren sich der Dichter unterfängt.
503 913 1809 981 effekte der sensible Künstler des feinen, seelischen Geschehens. Nach
1805 925 3082 980 Es fragt sich nur, ob die große Wandtafel der Bühne, auf
503 965 1803 1007 einem polternden Theaterdonner soll man das Gras wachsen hören.
1798 961 3103 1022 der man anscheinend nur mit groben, dicken Kreidestrichen den
496 999 1808 1047 Fast zu rasch kam Schnitzler im Deutschen Schauspielhause auf Sudermann.
1808 999 3088 1067 Zuschauerschülern etwas klar machen kann, der gegebene Raum
490 1042 1796 1094 Die Empfänglichkeit war noch auf laute und derbe Einwirkungen
1806 1043 3089 1092 für so feine Seelenmathematik ist. Sollte sie nicht besser auf
501 1080 1803 1126 gestimmt; das Verständnis war auf Mutteilungen gefaßt, die in ihrer
1801 1085 3094 1143 den weißen Blättern des Romans oder der Novelle zu fixieren
509 1099 1808 1163 bulgären Zudringlichkeit beinahe beleidigend und abstoßend wirkten.
1810 1122 3093 1170 sein? Sollte dem Publikum gegenüber der mit einem gewaltigen
508 1144 1817 1204 Empfindliche Geister rollen sich einem Sudermann gegenüber zusammen
1796 1166 3092 1220 Stück Kreide bewehrte Sudermann recht behalten gegenüber dem
495 1187 1804 1249 wie ein Igel, wollen lieber gar nicht berührt sein, als daß sie
1803 1204 3096 1262 mit einem feingespitzten Silberstift seine mysteriösen Zahlenreihen
510 1221 1822 1292 mit unzarten Händen an sich herumtasten, herumkneten lassen.]
1810 1230 2329 1307 aufschreibenden Schnitzler?
500 1276 1806 1345 „Dagegen verlangt Schnitzler in seinem „Zwischenspiel“ ein
1846 1261 3106 1322 Lassen wir ihn rechnen, und sehen wir uns das Resultat
514 1299 1810 1360 weites Oeffnen von Auge und Ohr. Grelle Lichter und schrille Klänge
1809 1310 3089 1367 an. Aus den langen Kolonnen seiner Zeichen entwickeln sich
513 1349 1802 1408 sind nicht zu fürchten. Zarte Nuancen wollen liebevoll gesehen, leise,
1810 1354 3097 1419 einige stärker geschriebene Hauptzahlen, die wichtigen Stationen
513 1376 1803 1434 ganz leise, kaum hörbare Oberköne wollen vernommen sein. Man
1802 1398 2734 1457 auf dem Wege zur Auflösung kennzeichnend.
505 1430 1804 1479 darf und muß die Tore weit aufmachen, durch die das Kunst¬
1843 1433 3104 1501 Der Kapellmeister Amadeus, als solcher eine komplizierte Künstler¬
511 1457 1807 1511 werk in die Seele einzieht; kein Pförtner braucht an der Tür zu
1811 1485 3103 1530 natur, ist auf dem Wege von seinem Heim und seiner Frau zu einer
524 1502 1808 1556 stehen, um groben, ungebetenen Gästen den Eingang zu wehren.
1811 1521 3090 1569 Andern, der Gräfin Friederike. Sein Frau Cäcilie empfindet die
525 1541 1809 1592 Es ist eine zarte, stille, ätherische Gesellschaft von Empfindungen und
1815 1560 3095 1609 allmähliche Trennung des Mannes, das Divergieren der beiden Lebens¬
515 1583 1811 1643 Wedanken, die Einloß heischend draußen steht: silberne, kristallhelle, von
1811 1585 3097 1650 prozesse stärker als der Gatte. Wahrheit soll in der Ehe herrschen.
506 1627 1799 1669 straumhafter Dämmerung umwobene, von seidenen Falten weich um¬
1804 1633 3091 1688 Seit Ibsen ganz besonders. Ist das eheliche Zusammenleben keine
506 1663 1811 1709 flossene Gestalten. Alle in dem hochzeitlichen Kleide, das ein feiner und
1806 1676 3095 1721 vollkommene Einheit, so dürfen den zwei besonderen Leben keine
506 1696 1806 1747 Liebenswürdiger Geist in Stunden gesegneter Muße und Zurückgezogenheit
1810 1713 3090 1762 Freiheitsbeschränkungen auferlegt werden. Jeder von den Ehegatten
498 1739 1804 1792 für sie gewoben hat. Im Gewande des weichen, graziösen Schnitzter'schen
1811 1755 3091 1803 kann tun und lassen was er will, obgleich ein fünf Jahre altes Kind
504 1772 1810 1839 Dialogs, der dahinfließt wie ein ruhiges Gewässer, mit leichtem
1810 1784 3100 1849 da ist. Wenn man näher zusieht, so muß dieser Freiheit ein schranken¬
505 1823 1811 1871 zitterndem Wellenspiel unter dem Hanche des Abendwindes. Den
1802 1830 3095 1878 loser Individualismus zugrunde gelegt werden, den es in der Wirk¬
507 1863 1809 1922 großen Stürmen der Leidenschaft ist in den Landen der Schnitzler'schen
1801 1862 3098 1919 lichkeit gar nicht gibt. Und hier stößt uns das vollkommen Erkünstelte,
500 1902 1422 1957 Dichtung das Brausen und Zerstören untersagt.
1815 1911 3095 1959 das fundamental Falsche in den Schnitzlerschen Suppositionen ab. Es
572 1931 1800 1983 Zwischen zwei Menschen spielt die Komödie Schnitzters: Ein Duett
1811 1944 3098 2000 ist Niemand allein auf der Welt, und es handelt keiner für sich allein,
503 1974 1803 2026 seelischen Erlebens. Zwischen Mann und Frau. Es heben sich im
1805 1985 3095 2044 ohne daß andere tangiert werden. Der Pflichtbegriff ist ein Unsinn,
507 2018 1806 2077 Laufe der Zwiegespräche, aus denen diese Komödie wesentlich zusammen¬
1815 2028 3107 2077 wenn er nur als Pflicht gegen sich selbst aufgefaßt wird, wie es ein
514 2051 1806 2112 gesetzt ist, die Schleier von verhüllten Seelenzuständen. Es findet eine
1812 2056 3102 2115 absoluter Individualismus tut. Und Schnitzler bleibt auch nicht bei
517 2090 1801 2157 chemische Analyse statt, die die Elemente zweier scheinbar fest ver¬
1808 2100 3098 2157 der absoluten Freiheit des Einzelnen stehen. Ganz leise und unver¬
509 2133 1287 2188 bundenen Naturen von einander scheidet.
1810 2142 3100 2194 merkt schleicht sich der übliche Pflichtbegriff ein, und er ermöglicht
575 2163 1803 2219 Die Trennung ist möglich, weil die Naturen nicht im tiefsten Kern zu
1806 2176 3102 2232 erst das Drama. Amadeus und Cäcilie treffen das Abkommen, daß
516 2207 1819 2254 einer unlöslichen Einheit verbunden sind. Oder gibt es keine unlösliche
1810 2210 3100 2270 jeder für sich ganz frei handeln darf. Amadeus handelt frei, das
1715 2244 1789 2299 I
521 2244 1726 2296 Einheit in dem Verhältnis zweier Menschen zu einander?
1806 2252 3096 2303 heißt er bricht seine Ehe mit der Gräfin Friederike, um mit dürren
510 2287 1816 2341 diese Einheit, von der die Dichter singen, und von der Liebende
1813 2293 3102 2345 Worten das zu sagen, was in der Komödie mit weichen Schleiern
524 2323 1823 2375 auf dem Gipsel ihres Glückes überzengt sind, nur eine innige
1805 2330 3098 2382 verhüllt ist. Cäcilie fühlt sich nur versucht, frei zu handeln, sie em¬
508 2356 1805 2416 Berührung zweier wesensverschiedener Körper? Eine Berührung,
1814 2372 3104 2422 pfindet die Verlockungen dazu. Die Erde scheint ihr voll von Aben¬
522 2388 1818 2456 die die Zeit und die äußeren Einwirkungen wieder aufheben?
1808 2409 3097 2457 teuern, der Himmel wie von Flammen strahlend, sie steht mit aus¬
520 2435 1813 2488 Steht in Wahrheit nicht vielmehr jeder allein? Eine schmerzliche,
1805 2445 3095 2514 gebreiteten Armen und wartet. Und Amadeus, der de facto Untreue,
518 2477 1805 2529 milde Skepsis spricht aus der Schnitzler'schen Dichtung. Sind
1811 2481 3110 2536 benutzt dieses Warten, und er wird in einer Nacht der Geliebte seiner
510 2507 1816 2567 wir nicht ein Spiel von jedem Druck der Luft? Leben und
1820 2523 3100 2580 Frau. Er vermeint dadurch wieder der Ehegatte Cäciliens geworden
521 2560 1817 2614 wachsen wir nicht? Hat nicht jeder sein eigenes Leben und sein eigenes
1813 2562 3106 2627 zu sein. Ein Wahn! Denn Cäcilie stößt ihn von sich, dekretiert ewige
508 2595 1805 2648 Wachstum? Und ist es möglich, daß sich Leben und Wachstum zweier
1819 2602 3102 2654 Trennung. Warum in Wahrheit? Weil ihr Amadeus durch ein
514 2636 1810 2701 Meuschen in vollkommener Einheit vollzieht? Daß Hassen und Lieben
1816 2620 3112 2689 wirklich erlebtes Abenteuer mit der Gräfin untreu geworden war. Der
516 2662 1319 2732 immer auf die gleichen Ziele gerichtet ist?
1806 2689 3108 2739 ganz ordinäre Pflichtbegriff von Liebe undTreue reitet in die Schranken
577 2711 1815 2768 Wo beginnt die Untreue bei seelischen Divergenzen? Wo sind
1814 2713 3110 2768 und wirft alle superfeine Individualitätskünstelei leblos in den Sand.
517 2759 1810 2823 die Punkte, von denen aus das voneinandergerichtete Seelenleben
1822 2755 3102 2806 Sieht man sich die Schnitzlersche Komödie unter dem Mikroskop an, so
1809 2790 3108 2848 erblickt man Launen und Augenblicksgelüste als Grundmotive alles
520 2788 1806 2851 zweier nicht zusammengehöriger Menschen sich nicht wieder zu
1811 2840 3101 2882 menschlichen Handelns. Und auf solchen Motiven läßt sich wohl ein
519 2826 974 2901 sammenfinden kann?
1823 2870 3103 2916 dramatisches Hin und Her, aber kein Drama aufbauen. So kommt es,
578 2854 1816 2917 Es gibt kein wahres Leben ohne Aufrichtigkeit, sagen sich der
1811 2908 3101 2951 daß bei aller wunderfeinen Detailarbeit die Komödie als Ganzes voll¬
512 2897 1811 2962 Kapellmeister Amadeus und seine Frau Cäcilie. Und sie wollen
1818 2943 2499 3008 kommen kühl und gleichgültig läßt.
509 2946 1818 3019 aufrichtig gegen einander sein. Sie sind es auch, so weit sie
517 2974 1823 3051 sich über sich selbst klar sind. Wer aber ist sich über sich selbst
1865 2983 3110 3038 Allen zarten Nuancen der Schnitzlerschen Detailmalerei wurde Frl.
524 3012 1814 3077 vollkommen klar? Es ist eine große Kunst, sich selbst zu erkennen,
1811 3021 3120 3096 [Hönigsvald in bewundernswertem Maße gerecht. Die Künstlerin
524 3061 1807 3116 sagt ein alter Denker. Vielleicht ist es eine unmögliche Sache.
1821 3076 3098 3132 gehört zu den bedeutendsten Darstellerinnen moderner Frauencharaktere.
1822 3101 3099 3153 Schon um dieses Spiel zu sehen, das für jede kleinste seelische Regung
511 3089 1811 3154 Mit einer Situation, in der sich Mann und Frau über sich
1818 3141 3107 3192 leicht und mühelos den wirksamgen Ausdruck findet, lohnt ein Besuch
515 3134 1812 3191 selbst nicht klar sind, fängt das Drama an. Wer wollte leugnen,
1827 3173 3101 3229 des „Zwischenspiels". Herr Wagner war der Künstlerin ein wür¬
521 3179 1821 3234 daß es solche Situationen gibt? Vielleicht besteht das ganze
1823 3216 3107 3267 diger Partner. Ein ganz vollkommener konnte er nicht sein, da seine
524 3226 1823 3273 Leben aus einer Folge von solchen Situationen. Und Schnitzler
1824 3255 3110 3307 Natur für die feinnerdigen Gestalten Schnitzlers zu wuchtig und schwer¬
527 3258 1817 3320 schildert die traumhafte Unsicherheit einer solchen Lage mit feinster
1812 3283 3105 3343 blütig ist. In den Nebenrollen, die die Hauptfiguren nur stützen und
526 3292 1813 3350 Künstlersch#ft. Aber sind unsichere seelische Verhältnisse geeignet,
1816 3319 3106 3380 erläutern, leisteten die Herren Gebhardt und Keller=Nebri,
528 3318 1824 3404 die sichere Grundlage für ein Drama abzugeben? — Versuchen
1828 3366 3114 3425 sowie Frl. Westhoven Löbliches. Frl. Kühnert gab die Gräfin
768 3371 1819 3424 sagt Schnitzler. Wir hätten dann ein Drama, das
524 3381 726 3437 wir es
1816 3408 3102 3465 Friederike etwas zu geziert. Die Inszenierung, für die Freiherr
524 3417 1820 3483 der Realität näher käme, als eure ordinären Dramen mit den
524 3477 3136 3502 siebenunddreißig oder neununddreißig ganz bestimmten Voraus=svon Berger verantwortlich zeichnete, zeugte von vollkommener Einz
2924 3471 2986 3525 Pr
513 3476 2535 3549 setzungen, aus denen ganz bestimmte Schlüsse leicht zu ziehen fühlung in die Schnitzlersche Eigenart.
