3484 4224
4 1104 95 1193 cht v
11 1280 97 1338 kani
3 1325 107 1384 em I
4 1372 101 1430 ter
3 1422 105 1476 t wie
-8 1517 105 1589 die in
-3 1604 109 1688 e Vi
0 1870 74 1917 nn.
3 1912 108 1971 l=Var
8 1962 105 2019 alle
2 2010 109 2067 jahm
22 2058 97 2121 nhei
21 2157 99 2212 hr u
2 2343 102 2405 Jah
11 2393 110 2455 dem
39 2442 86 2504 äh
24 2495 82 2550 tal
4 2679 71 2744 ibe
7 2733 97 2784 ne R
13 2778 99 2837 sich
-8 2827 102 2880 elber
-4 2875 100 2935 ihre
12 2914 108 2984 ickel
20 3021 60 3090 d
1436 114 1888 205 box 25/5
363 110 1268 219 20. Zuischenspiel
818 321 1290 400 (Quellenangabe oline Gewan)
512 392 1610 500 Ausschnitt au PRWARTS, GGF# 1.
668 469 929 544 2951.P 19 15
508 518 680 579 vom:
452 637 1587 698 Künstler=Theater: Zwischenspiel von Schnitzler.
474 701 1607 762 Offenbar aus dem Bestreben, etwas Leichtes und doch Aiterürisches
393 749 1618 801 zu Feben, das zugleich als geistreiche Plauderei über ein immerhin
401 785 1613 843 intelessantes Thema (mit Beispielen) gelten könnte, hat das Künstler¬
402 814 1591 876 Theaker Schnitzlers nun zehn Jahre altes „Zwischenspiel“
392 857 1605 920 neu einstudiert. Indes das „Zwischenspiel“ erwies sich wirk¬
398 890 1614 959 lich aks Zwischenspiel, das allein nicht tragkräftig genug
401 926 1597 987 ist, um einen Theaterabend zu erfüllen. Diese Künstlerehe, die auf
402 966 1602 1024 dem Umwege über eine Freundschaftsepoche mit gegenseitigen Frei¬
390 1002 1607 1064 heiten, in dem Augenblick wirklich zergeht, in dem der
387 1048 1613 1108 Mann sie durch neuen Liebesrausch zu befestigen glaubt, ist weder
397 1090 1619 1148 menschlich bedeutend, noch in ihren Trägern (vor allem in dem
389 1118 1614 1188 Mann nicht) zu wirklich interessierenden Persönlichkeiten ausgestaltet.
385 1164 1602 1211 Möglich, daß Schauspieler wie Kainz und Bassermann dem Kapell¬
389 1207 1602 1267 meister Amadeus vorübergehend zum Leben zu verhelfen verstanden,
391 1253 1599 1289 Herr Götz zeigte uns aber nur einen zappeligen Jüngling. Seine
399 1279 1610 1326 Partnerin Fr. Lina Lossen lieh als der Künstlersgattin
386 1326 1609 1374 alle vornehme Fraulichkeit, sie hatte einen wunderbaren Moment,
388 1354 1617 1416 da sie von der Lockung der Freiheit schwärmte. Aber eine leichtere
392 1397 1611 1457 Note hätte der Komödie vielleicht mehr geholfen. Dem Erklärer
388 1433 1594 1494 des Stückes, dem geistreichelnden Vertrauten des Amadeus, wollté
390 1478 1596 1525 Herr Forest neue Reize abgewinnen. Er übersetzte ihn ins ruppige
392 1520 1609 1562 Galizische oder Slowinische und vertrieb den Teufel einer ab¬
371 1539 1532 1617 genutzten Salonfigur durch den Beelzebub eines Bohsmelackls.
501 2301 1526 2458 Ausschnitt aus:
510 2422 663 2475 vom:
768 2524 1336 2610 Schnitziers „Zwischenspiel“.
541 2578 1551 2660 Neueinstudierung im Künstlertheater.
516 2631 1625 2710 E. T. Eine überlaute Aufführung, polternd, stimmung¬
442 2675 1626 2766 zerreißend, unschnitzlerisch. Im ersten Akt Pariser Schwank¬
433 2712 1626 2801 komik; Wedekind stand als Dämon hinter dem Schluß des zweiten;
430 2760 1626 2845 der dritte war echtester Sudermann. Nichts von Zartheit, nichts
430 2807 1619 2898 von der Melancholie, die hinter den Scherzworten lächelt. Das
425 2856 1631 2956 tappte auf Holzschuhen einher. Vor allem das Bassermännchen
431 2898 1621 2985 Kurt Götz. Sein Kapellmeister Amadeus Adams war ein
436 2934 1629 3026 schlimmer Primaner, der allenfalls dilettantische Kompositions¬
421 2980 1631 3071 versuche macht und ungezogen auf die Tasten haut, so zappelig
418 3024 1621 3118 wie eine der Marionettenfiguren, die Peterl von seiner Mama,
418 3064 1625 3155 der Opernsängerin Cäcilie Adams=Ortenburg, mitgebracht be¬
419 3106 1623 3212 kommt. Der Tragödin Lina Lossen glaubte man diese Gestalt
424 3157 1625 3243 nur zum geringen Teil. Von Griechenland nach Wien ist eben
411 3203 1619 3288 doch ein weiter Weg. Wienerisch=altenbergisch dagegen war
421 3239 1609 3324 Carl Forest. Ein echter Dichtersmann von Schnitzlers Gnaden;
410 3297 1622 3378 ein Original in seiner Pracht. Das Publikum sprach der Auf¬
414 3314 1482 3417 führung das Urteil, indem es lachte, anstatt zu lächeln.
2019 1527 2465 1603 Ausschnitt aus:
2578 1538 2834 1624 D. M. Z.
2095 1583 3057 1707 4—0K 119 1 Dentsche Montags-Zeitnug
2026 1627 2188 1681 vom:
2557 1681 2782 1770 Ben
2108 1733 2553 1838 Ein mißratener s
2622 1757 2714 1843 itl
1983 1795 3136 1893 Schnihlersche Menschen verlungeh vom Schauspielek schärfstes
1912 1872 3131 1941 Nachdenken und tiefstes Fühlen. Die grüblerischen und feinfühliger
1923 1918 3118 1988 Erotiker Amadeus und Cecilie Adams, die ihre unsexuell geworden
1919 1953 3129 2030 Kameradschaftsehe durch ein stimmungsvoll aufflackerndes, letztel
1916 2016 3113 2075 „Zwischenspiel“ der Liebe zu einander kurz unterbrechen,
1912 2058 3121 2112 dürften im Deutschen Künstlertheater einem Stimmen¬
1918 2104 3113 2159 Imnitator und einer klassischen Heroine anvertraut werden. Herr
1917 2158 3123 2223 Götz war das eine, Fräulein Lossen das andere. Beide viel
1921 2201 3113 2271 weniger, als man nach ihren sonstigen Leistungen sich für diesen Abend
1923 2245 3102 2314 von ihnen erwartete. Herr Götz probiert brei Skunben daran
1924 2288 3104 2375 herum, Bassermann=Nuancen zu finden, im Ton und in der Be¬
1917 2343 3123 2429 wegung. Ein paarmal glückt es ihm so, daß man sich darüber freut,
1914 2389 3114 2454 wie über eine gelungene Parodie. Für den Rest der Aufführung
1916 2446 3106 2491 aber ist man bitter verstimmt. Man verzichtet natürlich auf den Vor¬
1903 2497 3107 2541 zug, Herrn Götz, der Verstand genug hat, um sich nach dieser Nieder¬
1911 2545 3107 2589 lage alles Erforderliche selbst zu sagen, auseinanderzusetzen, warum
1915 2580 3111 2640 ein Schnitzlerdarsteller nicht auf den Tonfall eines Vorgängers statt
1906 2631 3105 2698 auf den Ton des Dichters hören darf. Noch dazu eines Vorgängers,
1916 2672 3105 2748 dessen Tonfall, je besser er getroffen wird, um so falscher, sinnwidri¬
1917 2731 3100 2800 ger, krankhafter, dessen Stimme, je verblüffender sie reproduziert
1905 2779 3103 2842 wird, um so unerträglicher wird; einfach deshalb, weil nur bei dem
1905 2815 3096 2889 einzigen Bassermann, dem persönlichkeitsstarken Bassermann, eine
1906 2863 3096 2943 kranke Stimme, eine fehlerhafte Aussprache und eine launische Be¬
1905 2914 3091 2993 tonung weder krank noch sehlerhaft noch launisch wirken. Herr Göß
1896 2973 3092 3044 hätte sich in seinen Schnitzler zu vertiefen gehabt, statt als bravou¬
1909 3082 3103 3146 reuser Copist zu brillieren. Dann hätte er nicht einen Schnitzler¬
1905 3131 3113 3187 abend, auf den sich viele freuten, auf dem Gewissen gehabt; denn auch
1892 3176 3075 3251 Artur Eloessers Regie vermochte ihn nicht zu retten. r.
