3532 4352
1383 193 1779 306 box 25/
309 200 1315 328 20. Zuischensniel
1103 1293 1454 1392 O
2078 1306 2842 1386 Inserate werden von sämtlichen konzessionierten
2082 1365 2848 1426 Annoncen=Expeditionen des In= und Auslands,
2080 1407 2838 1460 sowie von der Administration: Österreichs Illu¬
2084 1449 2850 1514 strierte Zeitung, Wien, VI. Barnabitengasse 7. u.
1418 1476 1534 1542 #
2083 1475 2857 1548 7a entgegengenommen. Einzelnhefte auch Wien,
2255 1530 2670 1581 I. Wollzeile 11 erhältlich.
2016 1529 2076 1610 9
1164 1522 1853 1631 Sefral
2186 1554 2742 1632 Postsparkassen=Konto Nr. 827.560.
660 1547 1116 1641 Mirkrie
1188 1577 1435 1660 72
1589 1595 1844 1652 Einzelne Hefte¬
815 1617 1074 1670 Einzelne Hefte
1347 1633 1405 1675 4
1573 1596 1997 1698 aoh e i0 9a 40
1186 1630 1354 1697 atsonOse*
897 1646 1095 1702 —.50 Pfg.
658 1662 2825 1772 2½jähr. K 50.—, Modernes Familienblatt. Abonnements für das übrige Ausland ¼jähr. Franks 7.—, ½jähr. 14.—, ½ jähr. 28.—
660 1746 2792 1844 v0s Wien, Sonntag, 22. Oktober 1905. Erscheint jeden Sonntag. XV. Jahrgang.
2164 1879 2474 1962 Logogriph.
1060 1903 1468 1983 Silben=Rätsel.
2007 1929 2631 2013 Von Wladimir Korolowsky.
963 1954 1567 2032 Von Erwin Steiner in Wien.
1894 1984 2753 2057 Auf hohen Türmen und in Felsenschlünden
1895 2041 2738 2094 Sind die zu Hause, die mit D man kennt.
1896 2083 2661 2140 Jedoch im Erdeninnern sind zu finden,
1901 2115 2688 2177 Die uns mit K das Rätselwort benennt.
1893 2157 2758 2222 Gar lieblich ist's mit F auf grünen Weiden,
1889 2196 2687 2255 Wo wir's an seiner Mutter Seite seh'n.
1896 2235 2702 2296 Und nun mit 8 da müssen sie es leiden,
1885 2265 2784 2348 Daß wir auf ihnen tanzen, steh'n und geh'n.
1884 2365 2776 2429 Auflösung des Rebus in Heft 2.
2053 2413 2602 2477 „Aller Anfang ist schwer.“
1860 2432 2854 2518 Richtige Auflösungen haben uns zugeschickt: J. Cesnik und
1800 2493 2854 2531 Ad. Hruschka in Hohenmauth, Franz J Kirchmeyer in Weixelbaum,
1796 2508 2862 2567 Rudolf Poklié in Lugatz. Joh. Micko in Haselberg, Aug. Lichnowsky,
1804 2547 2851 2594 in Wien, Mina Sinzinger in Wien, Georg Kornhuber in Wien,
1794 2573 2862 2631 Jos. Kaulich in Braunau, Josef Ludwig Heidl in Karlsbad, Franz
1809 2615 2860 2654 Smaschil in Turnau, Wladi Prazak in Wien, Marie Paszkofsky in
1797 2603 2857 2679 Wien, Jenny Jezek in Wien, Franz Rost in Kaplitz, Hans Röger in
1794 2672 2837 2722 Wandsbeck, Karl Lerch in Kwasney, H. Hüttenbacher in Komotau.
1791 2753 2853 2822 Auflösung des Füll=Rätsels in Heft 2.
2097 2800 2560 2864 „Franz Grillparzer“.
1800 2828 2860 2884 Fagott, Reiher, Agathe Napoleon, Zither Gera, Rhombus,
1793 2879 2863 2943 Istrien, Lupe, Lama, Pfirsich, Ameise, Reuter, Zinnober,
2203 2907 2465 2955 Examen, Ré.
1859 2918 2863 2987 Richtige Auflösungen haben uns zugeschickt: Wladi Prazak in
1804 2969 2864 3031 Wien, Franz Smaschil in Turnau, Josef Ludwig Heidl in Karlsbad,
1809 2993 2868 3041 Jos. Kaulich in Braunau, Georg Kornhuber in Wien, Thomas
1807 3024 2856 3075 Hanzekovic in Koprivnica, Baron Wilhelm Königswarter auf Schloß
1800 3058 2865 3103 Kwasney, H. Fiedler in Solnitz, Mina Sinzinger „in Wien, Aug.
1812 3086 2866 3139 Lichnowsky in Wien, Joh. Mieko in Haselberg, J. Cesnik und Ad.
1803 3119 2850 3157 Hruschka in Hohenmauth, Franz J. Kirchmeyer in Weixelbaum,
1805 3143 2840 3195 Rudolf Poklié in Lugatz, Marie Paszkofsky in Wien, Jenny Jezek
1812 3188 2831 3235 in Wien, Karl Lerch in Kwasney, H. Hüttenbacher in Komotau,
1824 3257 2852 3328 Auflösung des Zitaten=Rätsels in Heft 2.
2110 3311 2565 3370 „Rudolf Baumbach.“
1894 3338 2762 3413 Die Zitate waren durch folgende Wörter zu ergänzen:
1834 3377 2856 3440 1 Rosen, 2. Urteil. 3. Deutschen, 4. Othellos, 5. Lebenslauf,
1814 3432 2860 3489 6. Frage, 7. Begriff, 8. Auf, 9. Menschheit, 10. Begnügt,
2114 3455 2586 3505 11. Arznei, 12. Chevalier.
1899 3467 2863 3535 Richtige Auflösungen haben uns zugeschickt: Rudolf Poklié in
1817 3507 2858 3584 Lugatz, Franz J. Kirchmeyer in Weixelbaum, J. Cesnit und Ad.
2322 3546 2868 3604 dies in Haselbera. Mina Sinzinger
