3436 4384
241 176 1281 291 20. Zuischensniel
1297 174 1752 286 box 25/1
2035 24 2129 111 10
1959 117 3051 161 Handlung sind nicht ganz einwandfrei. Daß Schnitzler seinen
1962 159 3045 204 Stoff mit einem geistigen Inhalt erfüllt, der über manche
1959 203 3045 259 phycholog'sche Untiefen der Handlung hinüberführt, daß sein
1966 258 3050 321 glänzender Dialog die Situation mit einem Stimmungsgehal¬
1956 304 3049 353 ausstatet, der die Regungen des Widerspruchs zum Schwei¬
1957 355 3052 407 gen bringt, zeugt von der dichterischen Begabung, sein einenes
1968 401 3054 448 Innenleben auch dann zur Geltung zu bringen, wenn die emp¬
1964 454 3038 501 irischen Tatsachen des Lebens lauten Einspruch dagegen er
1959 512 3041 565 heben. Der Kapellmeister und Komponist Amadeus,
1970 546 3043 622 Adams lebt mit seiner Gattin Cäcilie sieben Jahre in
1967 597 3070 658 glücklicher Ehe. Daß diese Ehe glücklich war, beweist schon das
1964 640 3067 711 schöne, kameradschaftliche Verhältnis, und die Anwesenheit eine##
1970 673 3085 769 sechsjährigen Söhnchens, zwei Momente, die für bürgerlich
1966 747 3079 806 Begriffe als die mächtigsten Stützen eines Lebensbundes gelge
1956 788 3054 836 ten. Die Beiden haben sich aber schon im Anfang gegenseitige
1969 848 3092 910 rückhaltlose Aufrichtigkeit gelobt. — Hier stutz' ich schon. Klingt g
1966 885 3091 950 das nicht schon von vorneherein, wie eine Ehe auf Kündi=ia.
1952 983 3054 1052 gung? Ist dieser geistige Vorbehalt etwas anderes, als das
1951 1034 3055 1094 bekann'e Verhältnis mit dem „süßen Mädel“, von dem auch
1958 1079 3055 1136 jeder Teil weiß, daß es eines „Tages aus sein wird. Es
1958 1132 3051 1180 ist also der latente Ehebruch in den Heiratskontrakt als Auf.
1960 1177 3053 1227 richtigkeitsparagraph ausgenommen. Echte Liebe ist bei einem
1969 1236 3052 1296 solchen seltsamen Bunde von vorneherein ausgeschlossen. Ist¬
1963 1280 3064 1335 eine solche ohne Leidenschaft und ohne Eifersucht denkbar?
1960 1325 3050 1386 =Und müßten nicht schon die „aufrichtig“ gestandenen Ge¬
1972 1377 3059 1426 dankensünden, auftauchende Wünsche und Begierden, jeden
1973 1422 3058 1501 Augenblick den Gleichklang der Seelen stören? Diese Aufrich¬
2015 1516 3101 1592 tigkeit trägt auch sonderbare Früchte. Amabeus will sei¬
2005 1584 3106 1627 neu sinnlichen Trieben zu einer abenteuernden Gräfin freien
2013 1611 3099 1697 Lauf lassen, und Cäcilie fühlt auch ihre leidenschaftliche Natur
2012 1675 3101 1748 erwachen. So trennen die Beiden die eheliche Gemeinschaft,
2006 1727 3106 1792 bleiben jedoch als gute Kameraden beisammen. Das ist gewiß
2010 1775 3103 1852 ein seltener Fall. Wie dann, wenn die Frau ihn noch immer
2003 1823 3103 1890 liebt? Was nützt dann alle Aufrichtigkeit? Adelt sie dann
2002 1868 3105 1940 den Verrat? Amadeus ist von seinem Sinnesrausch mit der
2008 1916 3110 1993 Gräfin bald ernüchtert, und als Cäcilie von einem Gastspiel!
2005 1977 3095 2033 „gereister“ und schöner denn je zurückkehrt, ist er wieder so
2004 2019 3097 2090 aufricht'g, ihr seine wiedererwachte Liebe zu gestehen, die sich
1990 2075 3100 2139 aber in einer merkwürdig unsauberen Idee äußert. Er fleht
2000 2114 3089 2192 sie nicht an, ihm zu vergeben, und zu ihm als sein Weib
1988 2171 3089 2228 zurückzusehren: Es reitzt inn den zukünf igen Geten seiner Frau
1987 2227 3090 2289 zu betrügen, und diese, vom Sturm der Leibenschaft fortge¬
1999 2267 3086 2332 rissen, willigt ein. Das ist ein Sakrilegium an den heiligsten
1992 2326 3094 2393 Gefühlen, und in welcher Seelenfalte können die Motive
1993 2359 3064 2431 schlummern, die ein Weib bewegen, nach diesem Li#e##
1988 2413 3100 2489 erst recht auf der Trennung zu bestehen? Das geht hart an
1994 2468 3083 2538 die Grenze des Wunderlichen. Wie dann, erlaubt sich da der
1990 2511 3027 2587 Dutzendverstand zu fragen, wenn der Sinnestaumel F##
1986 2567 3098 2648 hat? Wird neben dem Peterl dann auch der Paul den neu¬
1991 2615 3083 2692 rasthenischen Haarspaltereien der Gatten geopfert werden? Dieser
1987 2667 3071 2708 letzte Akt wirkte abkühlend auf die gute Stimmung, die der A##n
1985 2705 3088 2784 gebracht. Denn es muß konstatiert werden, daß das Stück
1984 2773 3082 2829 trotz vielfacher Bedenken stark wirkte. Man war verwirrt, aber
1986 2816 3083 2896 auch bestochen von dem geistreichen Labyriuth von psychologi¬
2657 2926 3046 2987 schen Scharfsinn und
2646 2973 3043 3045 dialektischen Spitzfin¬
2647 3026 3030 3087 digkeiten, denen aller¬
2651 3066 3005 3142 dings Herr Kain
2643 3119 3023 3193 durch eine meisterhafte
2687 3177 2965 3241 Darstellung der
2639 3214 2770 3292 Odem
2646 3272 2758 3326 blütig
2644 3317 2832 3382 hauchte. Au
2643 3366 2734 3426 Wit
2640 3418 2720 3476 dun
2645 3467 2749 3522 spaltig
2638 3517 2888 3583 ihrer Rolle man
2629 3557 2885 3631 le. Herr Kor
2639 3617 2959 3684 den feingesinnten F.
2625 3660 3000 3738 sten mit sympathischer
2633 3707 3014 3779 Treuherzigkeit. Der
2629 3757 3016 3831 Tichter wurde nach
2623 3804 3018 3886 dem ersten und zweiten
2625 3852 3021 3927 Akte wiederholt stür¬
2614 3908 3021 3996 misch gerufen. V. Ch,
