3436 4192
262 53 1182 176 20. Zuischensniel
1339 75 1800 170 box 25/5
1334 331 1725 435 Telephon 12.801.
825 421 1466 591 „OBSERVER“
750 547 1714 647 behördl. konz. Unternehmen für Zeitungs-Ausschaltte
749 631 1597 726 Wien, I., Concordiaplatz 4.
950 702 1399 781 Vertretungen
613 746 1705 820 in Berlin, Budapest, Chicago, Christiania, Genf, Kopen¬
620 805 1713 868 hagen, London, Madrid, Mailand, Minneapolis, New-Vork,
670 842 1678 924 Paris, Rom, San Francisco, Stockholm, St. Petersburg.
968 888 1403 951 (Quellenangabe ehne Gewähr).
618 937 1012 1020 Ausschnitt aus:
941 1006 1649 1138 WVeser Zeitung, Bremen
628 1044 777 1137 vom:
928 1067 1194 1153 —
2539 1098 2869 1169 E#. Verfügung.
1804 1208 2878 1281 die einst von ihr abglitten wie von einem Panzer,
904 1230 1686 1323 Theater und Musik.
1821 1251 2882 1303 machen sie jetzt glühen und beben. Sie zittert, sie
1812 1289 2886 1377 schmachtet nach unbekannter Seligkeit und Qual,
1084 1303 1583 1403 Bremer Stadttheater.
1809 1349 2878 1410 aber nicht in seinen Armen. Was hilft es, daß dies
1127 1372 1457 1451 Zwischenspiel.
1814 1384 2883 1449 fremde, neue Weib, das er erstannt vor sich sieht, ihn
1816 1428 2878 1495 wieder zu heißer Liebe entflammt, daß ihr Leib, der
946 1423 1625 1515 Komödie von Arthur Schnißter.
1807 1470 2873 1528 so lange gedarbt, dem stürmisch Fordernden noch eine
839 1473 1752 1557 (Gastspiel des Lessisig=Theaters in Bertin.)
1812 1514 2881 1584 Nacht gehört. Ihre Seele ist ihm verloren. Noch
842 1534 1808 1607 Früher stellten die Komödien dar, wie zwei sich
1822 1563 2876 1619 einmal hofft er, als er von dem Fürsten, mit dem er
760 1581 1555 1658 finden; heute, wie zwei sich verlieren.
1542 1591 1806 1659 Schnitzlers
1814 1600 2873 1685 sich schlagen will, erfährt, daß zwischen Cäcilie nichts,
761 1636 1814 1698 Stück ist keine Komödie im alten Sinne, es ist
1817 1656 2865 1712 auch gar nichts vorgegangen ist. Aber es ist zu spät.
747 1684 2866 1761 eigentlich überhaupt kein Drama. Es ist eine Sie hat eingeselen, daß ihr früheres Leben und ihre
751 1719 2864 1798 Novelle, in eine Anzahl sei igewebter Dialoge Ehrlichkeit, auf die sie sich soviel zugute taten, auch
755 1769 1808 1826 zerlegt. Der Inhalt: Ibsens „Nora“ ins Wienerisch¬
1816 1786 2862 1847 nur gemacht und unecht war. Ihr graut vor der
746 1809 1288 1876 Schnitzlersche übertragen.
1815 1829 2868 1899 Ehe der Allzuvielen, mit Betrug, Versöhnung, wieder
838 1853 1810 1924 Der Komponist und Kapellmeister Amadeus
1814 1866 2865 1936 Betrug, und dem Ekel am Ende. Mit einer letzten
1483 1908 1578 1942 7 3ei
745 1909 1807 1971 Adams und seine schöne, junge Frau Cäcilie, Prima¬
1810 1917 2866 1956 Seligkeit und in Schmerzen wollen sie von einander
744 1940 2879 2024 donna an der Hofoper, haben sich ihre Ehe einge=lgehn. Da begreift er, daß alles vorbei ist. Als sie
752 1993 1813 2046 richtet, wie sie es sich als Künstlern, d. h. Ausnahme¬
1809 2001 2857 2059 aus dem Garten zurück kommt, wo sie einige Mi¬
747 2039 1805 2092 menschen, schuldig zu sein glaubten: persönliche Frei¬
1806 2049 2856 2103 nuten mit ihrem Kinde gespielt hat, findet sie das
737 2080 1801 2154 Theit des Handelns und Erlebens, und dabei rückhalt¬
1806 2088 2859 2151 Haus leer. Den Schluß kennt man von Scheffel her:
742 2133 1811 2195 lose Offenheit gegeneinander; das waren die Be¬
1807 2139 2858 2208 „Da neigte die schöne Frau ihr Haupt und weinte
751 2170 1804 2239 dingungen, die sie bisher auch treulich gehalten
1808 2177 2859 2256 bitterlich.“ Aus dem Zwischenspiel, dem Capriccio,
1806 2217 2376 2276 ist ein Doloroso geworden.
744 2216 1802 2285 hatten. Freilich, er hatte nur wenig zu bekennen,
748 2270 1809 2329 sie gar nichts. Jetzt plötzlich ändert sich die Sache.
1894 2257 2869 2330 „Das ist alles sehr sonderbar,“ sagt Cäcilie selbst
749 2314 1797 2378 Einé Sängerin, die sich mit ihren Liebeskünsten schon
1814 2299 2854 2358 über die Wendung, welche die Sache nimmt. Für
1807 2347 2855 2415 viele wird das der vorherrschende Eindruck gewesen
738 2359 1802 2417 einen gräflichen Gemahl erobert hat, wird ihm ge¬
1808 2392 2846 2456 sein. Daß das alles auch sehr sein und geistvoll ist,
743 2394 1804 2453 fährlich, und Cäcilien entschädigt die Freundschaft
1806 2438 2854 2498 daß man da und dort aufhorcht und still erschrocken
744 2439 1803 2506 des Fürsten Sigismud, des früheren Schülers ihres
1803 2483 2851 2549 fühlt: „Wie wahr!", das wird doch nur der lite¬
741 2492 1792 2548 Mannes. Auch jetzt verschweigen sie sich nichts; ver¬
1808 2529 2851 2590 rarische Feinschmecker ganz genießen können. Ein
734 2535 1801 2597 hehlen sich auch nicht, daß es mit ihrer ehelichen
736 2573 2855 2647 Liebe vorbei ist, daß künftig ihr Verhältnis zu ein= Stück Leben, was der gesunde Alltagsgeschmack vom!
1791 2616 2850 2684 Drama verlangt, ist es nicht; nur ein „interessanter
740 2623 1804 2691 ander wesentlich verändert sein werde. Aber nur in
1797 2656 1943 2728 Fall“.
744 2657 1800 2729 diesem einen Punkte. Denn an eine Scheidung, wie
1875 2679 2866 2765 Das Spiel von Irene Triesch war ganz Kunstt
741 2711 1794 2777 die ersten besten Müllers oder Schulzes, denken
1798 2742 2857 2809 und kühle Berechnung, blieb also durchaus im Stile
746 2749 1794 2817 natürlich Menschen wie sie nicht. Sie können sich als
1809 2789 2860 2855 des Stückes. Und es ist ganz natürlich, daß es nicht
746 2795 1794 2865 Künstler, als Freunde ja gar nicht entbehren. Sie
1799 2829 2850 2901 erwärmte, nicht erregte, nicht begeisterte, sondern
741 2850 1802 2917 haben ja auch ihr gemütliches Heim, und sie haben
1801 2875 2855 2943 nur mit scheuer Bewunderung erfüllte vor diesem
735 2887 1805 2945 ihr Kind, einen hübschen fünfjährigen Jungen.
1798 2914 2846 2995 reifen, feinen Künstlertum. Einen Gegensatz zu ihr
737 2941 1798 2985 Also, sie werden zusammenbleiben, nicht mehr als
1802 2960 2848 3027 bildete der Amadens des Herrn Monnard, den ich
733 2974 1792 3044 Gatten, sondern als gute eheliche Kameraden. Das
1791 2999 2842 3079 weniger bewundern konnte. Der Mangel an Vor¬
730 3031 1791 3082 alles setzen sie sich ohne Groll oder unfeine Gefühls¬
1792 3041 2851 3118 nehmheit, das dem Spiel anzuhaften schien, läßt sich
741 3059 1796 3127 ausbrüche ruhig auseinander, oder wenigstens er
1789 3093 2848 3162 ja vielleicht damit begründen, daß der Dargestellte
737 3103 2845 3209 setzt es ihr auseinander. Sie gibt, wehmütig aus den Niederungen des Lebens stammt. Aber
735 3156 1796 3234 zögernd, nach. Die bevorstehenden Ferien lassen eine
1799 3180 2846 3259 trotzdem war er für einen Künstler, noch dazu eines
744 3200 1795 3261 kurze Trennung ganz natürlich erscheinen. Jeder
1795 3233 2849 3298 Schnitzlerschen Stückes, reichlich robust und unter¬
738 3237 1799 3311 vird seine eigenen Wege gehn. Er wird dabei Zeit
1788 3271 2868 3351 strich einige Pointen mehr als reichlich. Eine präch¬
728 3278 1794 3356 finden, seine Symphonie zu vollenden, von der er
1796 3309 2852 3385 tige Figur war Emanuel Reichers Albertus. Viel¬
732 3332 1783 3399 das „Zwischenspiel“ ein Capriccio, bereits fertig hat.
1789 3353 2858 3411 leicht hatte er den wohlwollenden Raisonneur nocht
725 3379 1787 3436 „Ein Zwischenspiel!“ — vielleicht wird das ganze
1804 3399 2847 3476 etwas philiströser gemacht, als er in dem Buche er¬
729 3415 1798 3497 Erlebnis nicht mehr sein. Als sie sich im Herbst
1790 3437 2846 3510 scheint, aber nicht weniger amüsant und charakte¬
738 3467 2852 3556 wiedertreffen, ist sein Zwischenspiel vorbei. Mit deriristisch. Ebenfalls sehr gelungen war das kurze Auf¬
731 3491 1795 3577 Gräfin ist es aus. Cäcilie, die den Sommer mit
1785 3532 2852 3595 treten von Ida Wüst als Gräfin Moosheim. Die
723 3555 1793 3619 einer Freundin in Tirol verbracht hat, kehrt gerade
1791 3573 2861 3649 reizende Ungeniertheit, mit der die Liebesvirtuosiy
733 3593 1782 3666 von einer erfolgreichen Gastspielreise aus Berlin
1785 3610 2773 3673 ihre Eroberungen machte, war höchst ergötzlich
729 3649 1791 3709 zurück, und er wäre nicht abgeneigt, die alten Fäden
1788 3667 2852 3732 zeichnet. Sehr sympathisch wurden der schlichte Ernst
731 3686 2839 3778 wieder anzuknüpfen. Ihr aber sind sie für immertund die ruhige Vornehmheit des Fürsten von Hakrn
715 3740 2850 3815 zerriffen. Daß er so leichten Spieles sie aufgab, wie Rudoff, und die gutmütige Unbedentendheitsder
721 3776 1313 3845 könnte sie das je vergessen.
1783 3790 2757 3877 Frau Rhon von Mathilde Sussin wiedergegeben
819 3817 1816 3881 Und sodann: sie ist inzwischen eine ganz andere
2624 3842 2781 3926 IV.
721 3854 1792 3964 geworden, sie ist wie zum Leben erwacht, Wünsche,
1923 3861 2127 3956 —
2542 3876 2881 3967 —7—
