<?xml version="1.0" encoding="UTF-8" standalone="yes"?>
<PcGts xmlns="http://schema.primaresearch.org/PAGE/gts/pagecontent/2013-07-15" xmlns:xsi="http://www.w3.org/2001/XMLSchema-instance" xsi:schemaLocation="http://schema.primaresearch.org/PAGE/gts/pagecontent/2013-07-15 http://schema.primaresearch.org/PAGE/gts/pagecontent/2013-07-15/pagecontent.xsd">
    <Metadata>
        <Creator>prov=University of Rostock/Institute of Mathematics/CITlab/Gundram Leifert/gundram.leifert@uni-rostock.de:name=ONB_Newseye_GT_M1+(htr_id=10810)::::v=2.4.2
prov=University of Rostock/Institute of Mathematics/CITlab/Tobias Gruening/tobias.gruening@uni-rostock.de:name=de.uros.citlab.module.baseline2polygon.B2PSeamMultiOriented:v=2.4.2
prov=University of Rostock/Institute of Mathematics/CITlab/Tobias Gruening/tobias.gruening@uni-rostock.de:name=/mnt/transkribus/LA/DEA/URO/LA_news_onb_att.pb:de.uros.citlab.segmentation.CITlab_LA_ML:v=2.4.2
Transkribus</Creator>
        <Created>2019-10-07T11:20:14.609+02:00</Created>
        <LastChange>2019-10-08T05:01:41.503+02:00</LastChange>
        <TranskribusMetadata docId="223968" pageId="9497224" pageNr="208" tsid="16502145" status="IN_PROGRESS" userId="40391" imgUrl="https://files.transkribus.eu/Get?id=AETSOEWORSMKGTBNHFWUQLTB&amp;fileType=view" xmlUrl="https://files.transkribus.eu/Get?id=ISLNZOKGYMIXZFSJVAATRQVB" imageId="6187450"/>
    </Metadata>
    <Page imageFilename="223968_0208.jpeg" imageWidth="3532" imageHeight="4352">
        <ReadingOrder>
            <OrderedGroup id="ro_1711439636566" caption="Regions reading order">
                <RegionRefIndexed index="0" regionRef="r1"/>
                <RegionRefIndexed index="1" regionRef="r2"/>
                <RegionRefIndexed index="2" regionRef="r3"/>
            </OrderedGroup>
        </ReadingOrder>
        <TextRegion orientation="0.0" id="r1" custom="readingOrder {index:0;}">
            <Coords points="230,144 230,319 1162,319 1162,144"/>
            <TextLine id="r1l1" custom="readingOrder {index:0;}">
                <Coords points="222,268 1031,283 1169,263 1170,223 987,188 654,222 474,189 383,224 312,178 222,207"/>
                <Baseline points="230,244 276,250 323,254 369,258 416,262 463,265 509,266 556,268 602,268 649,269 696,269 742,269 789,268 835,268 882,267 929,266 975,265 1022,264 1068,263 1115,262 1162,262"/>
                <TextEquiv>
                    <Unicode>20. Zuischenspiel</Unicode>
                </TextEquiv>
            </TextLine>
            <TextEquiv>
                <Unicode>20. Zuischenspiel</Unicode>
            </TextEquiv>
        </TextRegion>
        <TextRegion orientation="0.0" id="r2" custom="readingOrder {index:1;}">
            <Coords points="1301,145 1301,301 1723,301 1723,145"/>
            <TextLine id="r2l1" custom="readingOrder {index:0;}">
                <Coords points="1294,253 1430,277 1500,248 1581,268 1602,254 1628,267 1731,256 1731,199 1667,185 1635,197 1522,190 1484,215 1443,196 1409,213 1335,179 1294,190"/>
                <Baseline points="1301,245 1327,247 1353,248 1380,248 1406,249 1432,250 1459,250 1485,251 1512,251 1538,250 1564,250 1591,250 1617,250 1643,249 1670,249 1696,248 1723,248"/>
                <TextEquiv>
                    <Unicode>box 25/2</Unicode>
                </TextEquiv>
            </TextLine>
            <TextEquiv>
                <Unicode>box 25/2</Unicode>
            </TextEquiv>
        </TextRegion>
        <TextRegion orientation="0.0" id="r3" custom="readingOrder {index:2;}">
            <Coords points="1836,89 1836,4057 3133,4057 3133,89"/>
            <TextLine id="r3l1" custom="readingOrder {index:0;}">
                <Coords points="1873,139 3027,122 3012,84 1873,87"/>
                <Baseline points="1881,119 1937,117 1994,116 2051,115 2108,114 2165,113 2222,112 2279,111 2336,111 2393,110 2450,110 2506,110 2563,109 2620,109 2677,110 2734,110 2791,110 2848,111 2905,111 2962,112 3019,113"/>
                <TextEquiv>
                    <Unicode>roblem der Liebe und der Ehe, von denen darin in zwar</Unicode>
                </TextEquiv>
            </TextLine>
            <TextLine id="r3l2" custom="readingOrder {index:1;}">
                <Coords points="1848,171 2942,170 3024,157 3024,119 1847,125"/>
                <Baseline points="1855,163 1913,162 1971,161 2029,160 2087,159 2145,158 2203,158 2261,157 2319,157 2377,157 2435,156 2493,156 2551,156 2609,156 2667,156 2725,156 2783,156 2841,156 2899,156 2957,156 3016,156"/>
                <TextEquiv>
                    <Unicode>leichten und seinen Plauderstunden gesprochen wird. Das</Unicode>
                </TextEquiv>
            </TextLine>
            <TextLine id="r3l3" custom="readingOrder {index:2;}">
                <Coords points="1835,206 2981,216 3019,170 1834,162"/>
                <Baseline points="1843,205 1901,205 1959,205 2018,204 2076,204 2135,204 2193,203 2251,203 2310,202 2368,202 2427,201 2485,201 2543,200 2602,200 2660,199 2719,199 2777,198 2835,198 2894,198 2952,198 3011,198"/>
                <TextEquiv>
                    <Unicode>alte Lied: was für den Mann ein Stück des Lebens ist, ist</Unicode>
                </TextEquiv>
            </TextLine>
            <TextLine id="r3l4" custom="readingOrder {index:3;}">
                <Coords points="1829,259 3019,253 2950,196 1829,201"/>
                <Baseline points="1836,249 1894,248 1953,247 2012,246 2071,245 2130,244 2188,243 2247,242 2306,242 2365,241 2424,241 2482,241 2541,241 2600,241 2659,241 2718,242 2776,242 2835,244 2894,245 2953,247 3012,249"/>
                <TextEquiv>
                    <Unicode>für die Fran das Leben selbst. Der Mann, von unaustilg¬</Unicode>
                </TextEquiv>
            </TextLine>
            <TextLine id="r3l5" custom="readingOrder {index:4;}">
                <Coords points="1845,354 2985,356 3035,344 3034,291 1844,315"/>
                <Baseline points="1852,354 1910,354 1969,353 2028,353 2087,354 2145,354 2204,354 2263,354 2322,355 2380,355 2439,355 2498,354 2557,354 2615,353 2674,352 2733,350 2792,348 2850,346 2909,343 2968,339 3027,335"/>
                <TextEquiv>
                    <Unicode>baren polygamistischen Instinkten getrieben, kann wohl</Unicode>
                </TextEquiv>
            </TextLine>
            <TextLine id="r3l6" custom="readingOrder {index:5;}">
                <Coords points="1842,415 3050,402 3049,350 2942,343 1841,355"/>
                <Baseline points="1849,397 1908,399 1968,400 2028,400 2087,401 2147,401 2207,401 2266,400 2326,399 2386,398 2446,397 2505,396 2565,394 2625,392 2684,391 2744,389 2804,388 2863,386 2923,384 2983,383 3043,382"/>
                <TextEquiv>
                    <Unicode>Liebe und Ehe, Leidenschaft und Treue scheiden, kann wohl in</Unicode>
                </TextEquiv>
            </TextLine>
            <TextLine id="r3l7" custom="readingOrder {index:6;}">
                <Coords points="1856,442 3037,444 3036,398 2972,384 1855,415"/>
                <Baseline points="1863,445 1921,443 1979,442 2037,440 2096,440 2154,439 2212,438 2271,438 2329,437 2387,437 2446,437 2504,436 2562,436 2620,435 2679,434 2737,434 2795,432 2854,431 2912,430 2970,428 3029,425"/>
                <TextEquiv>
                    <Unicode>sich die Kraft und Sicherheit fühlen, nach einer erotischen</Unicode>
                </TextEquiv>
            </TextLine>
            <TextLine id="r3l8" custom="readingOrder {index:7;}">
                <Coords points="1849,471 2624,497 3013,485 3039,441 1848,450"/>
                <Baseline points="1857,483 1915,483 1974,483 2033,483 2092,483 2150,483 2209,483 2268,482 2327,482 2385,482 2444,481 2503,481 2562,480 2620,479 2679,478 2738,478 2797,476 2855,475 2914,474 2973,472 3032,470"/>
                <TextEquiv>
                    <Unicode>Episode zu dem tieferen Gefühl zurückzukehren, das ihn an</Unicode>
                </TextEquiv>
            </TextLine>
            <TextLine id="r3l9" custom="readingOrder {index:8;}">
                <Coords points="1859,536 3020,527 3037,491 1858,487"/>
                <Baseline points="1867,526 1925,526 1983,526 2041,526 2099,526 2157,526 2215,526 2273,526 2331,526 2389,526 2448,525 2506,525 2564,524 2622,523 2680,522 2738,521 2796,520 2854,518 2912,515 2970,513 3029,510"/>
                <TextEquiv>
                    <Unicode>die Gefährtin des Lebens bindet, und dessen innere Fäden</Unicode>
                </TextEquiv>
            </TextLine>
            <TextLine id="r3l10" custom="readingOrder {index:9;}">
                <Coords points="1857,575 2797,578 3047,568 3047,536 1857,537"/>
                <Baseline points="1865,570 1923,569 1982,568 2041,567 2099,567 2158,566 2217,566 2275,566 2334,565 2393,565 2452,565 2510,564 2569,564 2628,563 2686,563 2745,562 2804,561 2862,560 2921,559 2980,557 3039,555"/>
                <TextEquiv>
                    <Unicode>auch während des „Zwischenspiels“ nicht zerrissen waren.</Unicode>
                </TextEquiv>
            </TextLine>
            <TextLine id="r3l11" custom="readingOrder {index:10;}">
                <Coords points="1861,616 2943,617 3047,605 3047,567 1861,576"/>
                <Baseline points="1869,613 1927,612 1986,611 2044,611 2103,610 2161,610 2220,609 2278,609 2337,609 2395,608 2454,608 2512,608 2571,607 2629,607 2688,606 2746,606 2805,605 2863,604 2922,603 2980,601 3039,600"/>
                <TextEquiv>
                    <Unicode>Die Frau wird das nie ganz verstehen, ja mehr, sie darf es</Unicode>
                </TextEquiv>
            </TextLine>
            <TextLine id="r3l12" custom="readingOrder {index:11;}">
                <Coords points="1857,672 3040,648 3039,609 2991,602 1857,639"/>
                <Baseline points="1865,661 1923,658 1981,656 2040,654 2098,653 2156,652 2215,652 2273,651 2331,651 2390,651 2448,651 2506,651 2565,651 2623,651 2681,650 2740,650 2798,649 2856,649 2915,647 2973,646 3032,644"/>
                <TextEquiv>
                    <Unicode>garnicht verstehen; denn wenn sie es versteht, so hat es meist</Unicode>
                </TextEquiv>
            </TextLine>
            <TextLine id="r3l13" custom="readingOrder {index:12;}">
                <Coords points="1921,707 2997,698 3046,654 1921,669"/>
                <Baseline points="1929,700 1984,698 2039,698 2095,697 2150,696 2206,695 2261,695 2317,694 2372,694 2428,694 2483,693 2538,693 2594,693 2649,693 2705,692 2760,692 2816,691 2871,691 2927,690 2982,689 3038,688"/>
                <TextEquiv>
                    <Unicode>seine Gründe. Der Kapellmeister Amadeus Adams und</Unicode>
                </TextEquiv>
            </TextLine>
            <TextLine id="r3l14" custom="readingOrder {index:13;}">
                <Coords points="1851,768 2931,748 3050,724 3050,686 1850,691"/>
                <Baseline points="1859,745 1918,744 1977,742 2036,741 2095,740 2155,739 2214,738 2273,738 2332,737 2391,737 2451,737 2510,736 2569,736 2628,736 2687,735 2747,734 2806,733 2865,732 2924,731 2983,729 3043,727"/>
                <TextEquiv>
                    <Unicode>seine Gattin Cäcilie, ihres Zeichens berühmte und umwor¬</Unicode>
                </TextEquiv>
            </TextLine>
            <TextLine id="r3l15" custom="readingOrder {index:14;}">
                <Coords points="1847,793 3016,787 3042,741 1847,762"/>
                <Baseline points="1855,787 1914,786 1973,785 2032,784 2091,783 2150,782 2209,782 2268,782 2327,781 2386,781 2445,781 2504,781 2563,781 2622,780 2681,779 2740,779 2799,778 2858,777 2917,775 2976,773 3035,770"/>
                <TextEquiv>
                    <Unicode>bene Opernsängerin, beschließen als freie Menschen, eine</Unicode>
                </TextEquiv>
            </TextLine>
            <TextLine id="r3l16" custom="readingOrder {index:15;}">
                <Coords points="1860,836 3055,818 3054,782 2992,776 1860,804"/>
                <Baseline points="1867,831 1926,830 1985,829 2044,828 2103,827 2162,827 2221,827 2280,826 2339,826 2398,826 2457,826 2516,825 2575,825 2634,824 2693,823 2752,822 2811,820 2870,819 2929,817 2988,815 3047,812"/>
                <TextEquiv>
                    <Unicode>Ehe der Wahrhaftigkeit zu führen, in der es unwürdige Ge¬</Unicode>
                </TextEquiv>
            </TextLine>
            <TextLine id="r3l17" custom="readingOrder {index:16;}">
                <Coords points="1857,889 2986,874 3053,870 3052,823 1856,845"/>
                <Baseline points="1864,878 1923,876 1982,874 2041,873 2100,872 2159,870 2218,870 2277,869 2336,868 2395,867 2454,867 2513,866 2572,865 2631,865 2690,864 2749,863 2808,863 2867,862 2926,860 2985,859 3045,857"/>
                <TextEquiv>
                    <Unicode>heimnisse nicht geben darf. So erstatten sie dann auch offen</Unicode>
                </TextEquiv>
            </TextLine>
            <TextLine id="r3l18" custom="readingOrder {index:17;}">
                <Coords points="1847,912 3060,905 3059,867 2938,858 1846,890"/>
                <Baseline points="1855,923 1914,920 1974,918 2034,916 2094,915 2154,914 2214,913 2273,912 2333,911 2393,911 2453,911 2513,910 2573,910 2633,910 2692,909 2752,909 2812,908 2872,907 2932,905 2992,903 3052,901"/>
                <TextEquiv>
                    <Unicode>einander Bericht, als Amadeus im Begriff ist, in die Netze</Unicode>
                </TextEquiv>
            </TextLine>
            <TextLine id="r3l19" custom="readingOrder {index:18;}">
                <Coords points="1860,970 3040,957 3062,917 1859,918"/>
                <Baseline points="1867,962 1926,961 1985,960 2045,960 2104,959 2164,958 2223,958 2282,958 2342,957 2401,957 2461,956 2520,956 2579,955 2639,954 2698,953 2758,952 2817,952 2876,950 2936,949 2995,947 3055,946"/>
                <TextEquiv>
                    <Unicode>einer koketten singenden Gräfin zu gehen, und Cäcilie die</Unicode>
                </TextEquiv>
            </TextLine>
            <TextLine id="r3l20" custom="readingOrder {index:19;}">
                <Coords points="1857,1015 3002,1006 3053,952 1857,974"/>
                <Baseline points="1865,1005 1924,1005 1983,1004 2042,1004 2101,1003 2160,1002 2219,1002 2278,1001 2337,1000 2396,1000 2455,999 2514,998 2573,997 2632,996 2691,995 2750,994 2809,993 2868,992 2927,990 2986,989 3046,988"/>
                <TextEquiv>
                    <Unicode>Neigung eines jungen fürstlichen Musikdilettanten zu er¬</Unicode>
                </TextEquiv>
            </TextLine>
            <TextLine id="r3l21" custom="readingOrder {index:20;}">
                <Coords points="1849,1042 3061,1044 3025,990 1849,1010"/>
                <Baseline points="1857,1049 1916,1049 1976,1049 2036,1048 2096,1048 2156,1047 2215,1047 2275,1046 2335,1046 2395,1045 2455,1044 2514,1044 2574,1043 2634,1042 2694,1041 2754,1040 2813,1039 2873,1038 2933,1037 2993,1036 3053,1035"/>
                <TextEquiv>
                    <Unicode>widern beginnt. Zögernd geht die Frau, mit übermütigem</Unicode>
                </TextEquiv>
            </TextLine>
            <TextLine id="r3l22" custom="readingOrder {index:21;}">
                <Coords points="1856,1105 3063,1085 3041,1042 1856,1055"/>
                <Baseline points="1864,1097 1923,1096 1983,1095 2042,1093 2102,1092 2162,1092 2221,1091 2281,1090 2340,1090 2400,1089 2460,1089 2519,1088 2579,1088 2638,1087 2698,1086 2758,1086 2817,1085 2877,1084 2936,1082 2996,1081 3056,1079"/>
                <TextEquiv>
                    <Unicode>Siegesbewußtsein, der Mann darauf ein, die Konsequenzen</Unicode>
                </TextEquiv>
            </TextLine>
            <TextLine id="r3l23" custom="readingOrder {index:22;}">
                <Coords points="1862,1141 3023,1139 3049,1089 1862,1108"/>
                <Baseline points="1870,1142 1928,1141 1987,1139 2045,1138 2104,1137 2163,1136 2221,1135 2280,1134 2338,1134 2397,1133 2456,1132 2514,1132 2573,1132 2631,1131 2690,1131 2749,1130 2807,1129 2866,1129 2924,1128 2983,1127 3042,1126"/>
                <TextEquiv>
                    <Unicode>aus jener „Wahrhaftigkeit“ zu ziehen: man trennt sich auf</Unicode>
                </TextEquiv>
            </TextLine>
            <TextLine id="r3l24" custom="readingOrder {index:23;}">
                <Coords points="1861,1177 3016,1182 3054,1131 1860,1145"/>
                <Baseline points="1868,1187 1926,1186 1985,1184 2044,1183 2103,1182 2162,1181 2221,1180 2280,1179 2339,1178 2398,1178 2457,1177 2515,1176 2574,1175 2633,1175 2692,1174 2751,1173 2810,1172 2869,1171 2928,1171 2987,1170 3046,1169"/>
                <TextEquiv>
                    <Unicode>eine kurze Zeit in Freiheit und unter eigener Verantwor¬</Unicode>
                </TextEquiv>
            </TextLine>
            <TextLine id="r3l25" custom="readingOrder {index:24;}">
                <Coords points="1851,1228 3061,1200 3042,1166 1850,1178"/>
                <Baseline points="1858,1231 1917,1229 1977,1228 2037,1227 2097,1226 2157,1225 2216,1224 2276,1223 2336,1222 2396,1222 2456,1221 2515,1220 2575,1219 2635,1218 2695,1217 2755,1216 2814,1215 2874,1214 2934,1213 2994,1212 3054,1211"/>
                <TextEquiv>
                    <Unicode>tung wie Ibsen sagen würde. Aber als das Zwischenspiel</Unicode>
                </TextEquiv>
            </TextLine>
            <TextLine id="r3l26" custom="readingOrder {index:25;}">
                <Coords points="1855,1267 3056,1255 2990,1211 1854,1242"/>
                <Baseline points="1862,1272 1921,1272 1980,1271 2039,1271 2099,1270 2158,1269 2217,1268 2277,1267 2336,1265 2395,1264 2455,1263 2514,1262 2573,1261 2632,1260 2692,1259 2751,1259 2810,1258 2870,1258 2929,1258 2988,1258 3048,1259"/>
                <TextEquiv>
                    <Unicode>vorüber,gt sich die Verwirrung. Amadeus hat sorglos</Unicode>
                </TextEquiv>
            </TextLine>
            <TextLine id="r3l27" custom="readingOrder {index:26;}">
                <Coords points="1855,1319 3036,1310 3058,1255 1854,1288"/>
                <Baseline points="1862,1317 1921,1316 1980,1315 2040,1314 2099,1313 2159,1312 2218,1311 2277,1311 2337,1310 2396,1309 2456,1308 2515,1308 2574,1307 2634,1306 2693,1306 2753,1305 2812,1304 2871,1304 2931,1303 2990,1302 3050,1301"/>
                <TextEquiv>
                    <Unicode>sein Abenteuer bis zur Neige ausgekostet. Ernüchtert und</Unicode>
                </TextEquiv>
            </TextLine>
            <TextLine id="r3l28" custom="readingOrder {index:27;}">
                <Coords points="1862,1365 3005,1357 3070,1343 3069,1296 1861,1322"/>
                <Baseline points="1870,1363 1929,1361 1989,1359 2048,1358 2108,1356 2168,1355 2227,1355 2287,1354 2346,1353 2406,1353 2466,1352 2525,1352 2585,1352 2644,1351 2704,1350 2764,1350 2823,1349 2883,1348 2942,1346 3002,1345 3062,1342"/>
                <TextEquiv>
                    <Unicode>mit neuer, verstärkter Sehnsucht will er sich der Gattin wie¬</Unicode>
                </TextEquiv>
            </TextLine>
            <TextLine id="r3l29" custom="readingOrder {index:28;}">
                <Coords points="1860,1426 3081,1389 3080,1345 2949,1338 1860,1368"/>
                <Baseline points="1868,1404 1928,1403 1988,1401 2048,1400 2109,1400 2169,1399 2229,1398 2289,1398 2350,1397 2410,1397 2470,1397 2530,1396 2591,1395 2651,1395 2711,1394 2771,1392 2832,1391 2892,1390 2952,1388 3012,1386 3073,1383"/>
                <TextEquiv>
                    <Unicode>der nähern, die selbst dem Gatten im Sinne des Gesetzes</Unicode>
                </TextEquiv>
            </TextLine>
            <TextLine id="r3l30" custom="readingOrder {index:29;}">
                <Coords points="1863,1464 3049,1443 3049,1394 1862,1419"/>
                <Baseline points="1871,1449 1929,1448 1988,1447 2046,1446 2105,1445 2163,1444 2222,1443 2280,1442 2339,1441 2397,1440 2456,1439 2515,1437 2573,1436 2632,1436 2690,1434 2749,1433 2807,1432 2866,1431 2924,1430 2983,1429 3042,1428"/>
                <TextEquiv>
                    <Unicode>nicht die Treue gebrochen, deren ganzes Wesen aber in der</Unicode>
                </TextEquiv>
            </TextLine>
            <TextLine id="r3l31" custom="readingOrder {index:30;}">
                <Coords points="1860,1505 2850,1496 3065,1440 1860,1459"/>
                <Baseline points="1867,1489 1926,1488 1986,1488 2045,1487 2105,1487 2164,1486 2224,1485 2283,1485 2343,1484 2402,1483 2462,1482 2522,1481 2581,1480 2641,1479 2700,1477 2760,1476 2819,1475 2879,1473 2938,1472 2998,1470 3058,1468"/>
                <TextEquiv>
                    <Unicode>verhängnisvollen Zeit der Freiheit durchrüttelt und ver¬</Unicode>
                </TextEquiv>
            </TextLine>
            <TextLine id="r3l32" custom="readingOrder {index:31;}">
                <Coords points="1857,1538 3073,1526 3060,1450 2847,1491 1857,1502"/>
                <Baseline points="1865,1535 1925,1533 1985,1532 2045,1531 2105,1529 2165,1529 2225,1528 2285,1527 2345,1527 2405,1526 2465,1526 2525,1526 2585,1525 2645,1524 2705,1524 2765,1523 2825,1522 2885,1520 2945,1518 3005,1516 3066,1514"/>
                <TextEquiv>
                    <Unicode>ändert worden. Ihr Frauengefühl sträubt sich gegen die</Unicode>
                </TextEquiv>
            </TextLine>
            <TextLine id="r3l33" custom="readingOrder {index:32;}">
                <Coords points="1858,1583 3074,1557 3073,1521 2986,1509 1857,1545"/>
                <Baseline points="1865,1578 1925,1576 1985,1574 2045,1573 2105,1572 2165,1571 2225,1570 2285,1570 2345,1569 2405,1569 2465,1568 2525,1567 2585,1567 2645,1566 2705,1565 2765,1563 2825,1562 2885,1560 2945,1557 3005,1554 3066,1551"/>
                <TextEquiv>
                    <Unicode>autokratische Herrenmoral des Gatten, der zuerst im Sin¬</Unicode>
                </TextEquiv>
            </TextLine>
            <TextLine id="r3l34" custom="readingOrder {index:33;}">
                <Coords points="1856,1636 3049,1618 3058,1555 1855,1586"/>
                <Baseline points="1863,1621 1922,1620 1981,1619 2041,1619 2100,1618 2160,1617 2219,1616 2278,1615 2338,1614 2397,1613 2457,1612 2516,1611 2575,1610 2635,1609 2694,1608 2754,1607 2813,1606 2872,1605 2932,1604 2991,1603 3051,1602"/>
                <TextEquiv>
                    <Unicode>nenrausch des Wiedersehens leidenschaftlich ihrer begehrt,</Unicode>
                </TextEquiv>
            </TextLine>
            <TextLine id="r3l35" custom="readingOrder {index:34;}">
                <Coords points="1869,1661 2938,1670 3059,1659 3059,1617 1868,1626"/>
                <Baseline points="1877,1667 1935,1666 1994,1664 2053,1663 2111,1662 2170,1661 2229,1660 2287,1659 2346,1658 2405,1657 2464,1656 2522,1655 2581,1655 2640,1654 2698,1653 2757,1652 2816,1651 2874,1650 2933,1648 2992,1647 3051,1645"/>
                <TextEquiv>
                    <Unicode>sodann, aus dem Rausch erwachend, ihr Leben während der</Unicode>
                </TextEquiv>
            </TextLine>
            <TextLine id="r3l36" custom="readingOrder {index:35;}">
                <Coords points="1859,1705 3016,1707 3067,1700 3066,1633 1858,1683"/>
                <Baseline points="1867,1713 1926,1711 1986,1709 2045,1707 2105,1706 2165,1705 2224,1704 2284,1702 2344,1701 2403,1701 2463,1700 2523,1699 2582,1698 2642,1697 2702,1696 2761,1695 2821,1694 2881,1693 2940,1691 3000,1690 3060,1688"/>
                <TextEquiv>
                    <Unicode>Zwischenzeit mit ungerechter Eifersucht durchstöbert, und</Unicode>
                </TextEquiv>
            </TextLine>
            <TextLine id="r3l37" custom="readingOrder {index:36;}">
                <Coords points="2763,1743 2832,1753 2928,1730 2959,1747 2988,1748 3066,1734 3065,1701 3009,1704 2934,1687 2909,1706 2819,1697 2804,1708 2789,1698 2762,1705"/>
                <Baseline points="2771,1736 2797,1737 2823,1737 2849,1736 2875,1735 2901,1735 2928,1734 2954,1732 2980,1731 3006,1730 3032,1729 3059,1728"/>
                <TextEquiv>
                    <Unicode>seines bru¬</Unicode>
                </TextEquiv>
            </TextLine>
            <TextLine id="r3l38" custom="readingOrder {index:37;}">
                <Coords points="1870,1754 1992,1774 2091,1745 2730,1747 2729,1706 2680,1691 2412,1721 1869,1710"/>
                <Baseline points="1878,1756 1920,1755 1962,1754 2004,1752 2046,1751 2089,1750 2131,1749 2173,1749 2215,1748 2257,1747 2300,1746 2342,1745 2384,1744 2426,1744 2468,1743 2511,1742 2553,1742 2595,1741 2637,1741 2679,1740 2722,1740"/>
                <TextEquiv>
                    <Unicode>schließlich, als er die Grundlosigkeit</Unicode>
                </TextEquiv>
            </TextLine>
            <TextLine id="r3l39" custom="readingOrder {index:38;}">
                <Coords points="1872,1795 2845,1772 2925,1809 3071,1784 3070,1723 1871,1756"/>
                <Baseline points="1880,1800 1939,1797 1998,1795 2057,1792 2116,1791 2175,1790 2234,1789 2294,1788 2353,1788 2412,1787 2471,1787 2530,1787 2589,1786 2648,1786 2708,1785 2767,1784 2826,1783 2885,1781 2944,1779 3003,1777 3063,1774"/>
                <TextEquiv>
                    <Unicode>talen Verdachts erkennt, Cäcilie wieder dauernd</Unicode>
                </TextEquiv>
            </TextLine>
            <TextLine id="r3l40" custom="readingOrder {index:39;}">
                <Coords points="1860,1831 2979,1834 3074,1819 3074,1784 1859,1799"/>
                <Baseline points="1868,1840 1931,1840 1994,1839 2057,1838 2120,1838 2183,1837 2246,1836 2309,1835 2372,1834 2435,1833 2499,1832 2562,1831 2625,1829 2688,1828 2751,1827 2814,1826 2877,1825 2940,1824 3003,1823 3067,1823"/>
                <TextEquiv>
                    <Unicode>an sich fesseln will, wie Hellmer es mit Nora</Unicode>
                </TextEquiv>
            </TextLine>
            <TextLine id="r3l41" custom="readingOrder {index:40;}">
                <Coords points="1863,1891 3068,1854 3067,1824 2811,1816 1862,1853"/>
                <Baseline points="1870,1888 1929,1887 1989,1887 2048,1886 2108,1885 2167,1884 2227,1883 2286,1882 2346,1882 2405,1881 2465,1880 2524,1879 2584,1878 2643,1876 2703,1875 2762,1874 2822,1873 2881,1872 2941,1870 3000,1869 3060,1868"/>
                <TextEquiv>
                    <Unicode>versucht. Zu vieles liegt dazwischen: die episodische Tren¬</Unicode>
                </TextEquiv>
            </TextLine>
            <TextLine id="r3l42" custom="readingOrder {index:41;}">
                <Coords points="1859,1941 2844,1937 3031,1924 3068,1872 1858,1903"/>
                <Baseline points="1866,1935 1925,1932 1985,1929 2045,1927 2104,1926 2164,1924 2224,1924 2283,1923 2343,1923 2403,1922 2463,1922 2522,1922 2582,1922 2642,1921 2701,1921 2761,1920 2821,1918 2880,1917 2940,1915 3000,1912 3060,1908"/>
                <TextEquiv>
                    <Unicode>nung wird zur dauernden; sie „lassen sich nicht scheiden“ sie</Unicode>
                </TextEquiv>
            </TextLine>
            <TextLine id="r3l43" custom="readingOrder {index:42;}">
                <Coords points="2248,1973 2748,1978 2830,1948 2985,1972 3074,1958 3073,1905 2247,1943"/>
                <Baseline points="2255,1965 2295,1965 2336,1965 2376,1964 2417,1964 2458,1964 2498,1964 2539,1964 2579,1963 2620,1963 2661,1963 2701,1962 2742,1962 2782,1961 2823,1960 2864,1959 2904,1958 2945,1957 2985,1955 3026,1954 3067,1952"/>
                <TextEquiv>
                    <Unicode>Aus dem als Scherzo angelegten</Unicode>
                </TextEquiv>
            </TextLine>
            <TextLine id="r3l44" custom="readingOrder {index:43;}">
                <Coords points="1875,1978 2022,1986 2088,1966 2112,1986 2131,1976 2154,1983 2193,1961 2192,1929 2107,1932 2092,1943 1920,1934 1874,1951"/>
                <Baseline points="1883,1979 1908,1978 1933,1977 1958,1975 1983,1974 2008,1973 2034,1972 2059,1971 2084,1970 2109,1970 2134,1969 2159,1969 2185,1970"/>
                <TextEquiv>
                    <Unicode>„scheiden sich“</Unicode>
                </TextEquiv>
            </TextLine>
            <TextLine id="r3l45" custom="readingOrder {index:44;}">
                <Coords points="1869,2017 3080,2000 3058,1956 1868,1979"/>
                <Baseline points="1877,2022 1936,2020 1996,2018 2056,2016 2116,2015 2175,2013 2235,2012 2295,2011 2355,2010 2414,2009 2474,2009 2534,2008 2594,2008 2653,2007 2713,2007 2773,2006 2833,2006 2892,2006 2952,2005 3012,2005 3072,2005"/>
                <TextEquiv>
                    <Unicode>Zwischenspiel ist ein Capriccio doloroso geworden. Diefen</Unicode>
                </TextEquiv>
            </TextLine>
            <TextLine id="r3l46" custom="readingOrder {index:45;}">
                <Coords points="1876,2063 3065,2038 2920,2006 1876,2020"/>
                <Baseline points="1883,2061 1941,2061 2000,2061 2059,2060 2117,2060 2176,2059 2235,2059 2293,2059 2352,2058 2411,2058 2470,2057 2528,2056 2587,2055 2646,2055 2704,2054 2763,2053 2822,2052 2880,2051 2939,2049 2998,2048 3057,2046"/>
                <TextEquiv>
                    <Unicode>Stoff hat Schnitzler mehr zu einer These, als zu einer drama¬</Unicode>
                </TextEquiv>
            </TextLine>
            <TextLine id="r3l47" custom="readingOrder {index:46;}">
                <Coords points="1864,2133 3055,2103 3078,2047 1863,2080"/>
                <Baseline points="1871,2111 1931,2110 1991,2109 2051,2108 2111,2107 2171,2106 2231,2105 2291,2104 2351,2104 2411,2103 2471,2103 2531,2102 2591,2101 2651,2101 2711,2100 2771,2099 2831,2098 2891,2097 2951,2096 3011,2094 3071,2093"/>
                <TextEquiv>
                    <Unicode>tischen Handlung verarbeitet. Das Stück hat nicht genug</Unicode>
                </TextEquiv>
            </TextLine>
            <TextLine id="r3l48" custom="readingOrder {index:47;}">
                <Coords points="1868,2167 3008,2154 3071,2098 1867,2128"/>
                <Baseline points="1875,2156 1934,2155 1993,2154 2053,2153 2112,2152 2172,2151 2231,2150 2291,2149 2350,2149 2410,2148 2469,2147 2528,2146 2588,2145 2647,2145 2707,2144 2766,2143 2826,2142 2885,2141 2945,2140 3004,2139 3064,2138"/>
                <TextEquiv>
                    <Unicode>eigene Bewegungskraft, um plastische Gestalt anzunehmen, es</Unicode>
                </TextEquiv>
            </TextLine>
            <TextLine id="r3l49" custom="readingOrder {index:48;}">
                <Coords points="1879,2206 2828,2203 3081,2191 3081,2159 1878,2161"/>
                <Baseline points="1886,2200 1945,2199 2004,2199 2064,2199 2123,2198 2183,2197 2242,2196 2301,2196 2361,2195 2420,2194 2480,2192 2539,2192 2598,2191 2658,2190 2717,2189 2777,2188 2836,2187 2895,2186 2955,2185 3014,2185 3074,2184"/>
                <TextEquiv>
                    <Unicode>braucht der Worte, um zu leben. So ist es mehr das, was</Unicode>
                </TextEquiv>
            </TextLine>
            <TextLine id="r3l50" custom="readingOrder {index:49;}">
                <Coords points="1868,2252 2960,2245 3081,2227 3081,2195 1868,2215"/>
                <Baseline points="1876,2247 1935,2246 1995,2244 2055,2243 2115,2242 2175,2241 2235,2241 2295,2240 2355,2239 2415,2238 2475,2238 2534,2237 2594,2236 2654,2236 2714,2235 2774,2234 2834,2232 2894,2231 2954,2229 3014,2227 3074,2225"/>
                <TextEquiv>
                    <Unicode>über die Dinge gesagt wird, was interessiert und packt, als</Unicode>
                </TextEquiv>
            </TextLine>
            <TextLine id="r3l51" custom="readingOrder {index:50;}">
                <Coords points="1880,2305 2976,2273 3086,2302 3073,2226 1880,2253"/>
                <Baseline points="1887,2291 1946,2289 2006,2288 2065,2287 2125,2286 2184,2285 2244,2284 2303,2283 2363,2283 2422,2282 2482,2282 2542,2281 2601,2280 2661,2280 2720,2279 2780,2278 2839,2277 2899,2276 2958,2275 3018,2273 3078,2271"/>
                <TextEquiv>
                    <Unicode>diese Dinge selbst. Aber es ist kein geringes Vergnügen, dem</Unicode>
                </TextEquiv>
            </TextLine>
            <TextLine id="r3l52" custom="readingOrder {index:51;}">
                <Coords points="1877,2328 2891,2336 3034,2328 3071,2275 1876,2308"/>
                <Baseline points="1885,2339 1947,2337 2009,2335 2071,2334 2133,2332 2195,2331 2257,2330 2319,2329 2381,2328 2443,2328 2505,2327 2567,2326 2629,2326 2691,2325 2753,2324 2815,2323 2877,2322 2939,2320 3001,2318 3064,2316"/>
                <TextEquiv>
                    <Unicode>liebenswürdigen Geistreichtum zu lauschen, der über diese</Unicode>
                </TextEquiv>
            </TextLine>
            <TextLine id="r3l53" custom="readingOrder {index:52;}">
                <Coords points="1877,2403 3020,2381 3083,2354 3082,2310 1876,2352"/>
                <Baseline points="1884,2383 1943,2381 2003,2380 2062,2379 2122,2378 2181,2376 2241,2376 2300,2375 2360,2374 2419,2373 2479,2372 2539,2371 2598,2371 2658,2370 2717,2369 2777,2368 2836,2367 2896,2366 2955,2365 3015,2364 3075,2363"/>
                <TextEquiv>
                    <Unicode>Dialoge ausgebreitet ist. Der Dichter hat dazu eine reichlich</Unicode>
                </TextEquiv>
            </TextLine>
            <TextLine id="r3l54" custom="readingOrder {index:53;}">
                <Coords points="1887,2432 3042,2422 3075,2359 1886,2396"/>
                <Baseline points="1894,2425 1952,2424 2011,2423 2070,2422 2128,2422 2187,2421 2246,2420 2304,2420 2363,2419 2422,2418 2481,2418 2539,2417 2598,2416 2657,2416 2715,2415 2774,2414 2833,2413 2891,2411 2950,2410 3009,2408 3068,2407"/>
                <TextEquiv>
                    <Unicode>sorglos=leichte Art der Behandlung gewählt, die in der Non¬</Unicode>
                </TextEquiv>
            </TextLine>
            <TextLine id="r3l55" custom="readingOrder {index:54;}">
                <Coords points="1879,2486 3081,2444 3080,2401 1878,2427"/>
                <Baseline points="1886,2470 1945,2469 2004,2468 2064,2467 2123,2466 2183,2465 2242,2465 2301,2464 2361,2463 2420,2462 2480,2462 2539,2461 2598,2460 2658,2459 2717,2458 2777,2457 2836,2455 2895,2454 2955,2453 3014,2451 3074,2449"/>
                <TextEquiv>
                    <Unicode>chalance des Szenenaufbaus sehr weit geht, an einer knifflichen</Unicode>
                </TextEquiv>
            </TextLine>
            <TextLine id="r3l56" custom="readingOrder {index:55;}">
                <Coords points="1887,2526 3000,2515 3089,2482 3088,2440 1886,2487"/>
                <Baseline points="1894,2512 1953,2511 2012,2511 2072,2510 2131,2509 2191,2509 2250,2509 2309,2508 2369,2508 2428,2507 2488,2507 2547,2506 2606,2506 2666,2505 2725,2504 2785,2503 2844,2501 2903,2500 2963,2498 3022,2496 3082,2494"/>
                <TextEquiv>
                    <Unicode>Stelle zu Beginn des dritten Aktes sich nur mit einem regel¬</Unicode>
                </TextEquiv>
            </TextLine>
            <TextLine id="r3l57" custom="readingOrder {index:56;}">
                <Coords points="1885,2568 3078,2557 3080,2491 1884,2521"/>
                <Baseline points="1892,2558 1951,2557 2010,2557 2069,2556 2128,2556 2187,2555 2246,2554 2305,2554 2364,2553 2423,2552 2482,2551 2541,2551 2600,2549 2659,2548 2718,2547 2777,2546 2836,2545 2895,2543 2954,2542 3013,2540 3073,2539"/>
                <TextEquiv>
                    <Unicode>rechten Monolog (er kehrt uns also selbst im modernen Drama</Unicode>
                </TextEquiv>
            </TextLine>
            <TextLine id="r3l58" custom="readingOrder {index:57;}">
                <Coords points="1884,2605 3088,2608 3057,2548 1884,2586"/>
                <Baseline points="1891,2604 1950,2604 2009,2603 2069,2603 2128,2602 2188,2602 2247,2601 2307,2600 2366,2599 2426,2598 2485,2597 2544,2595 2604,2594 2663,2594 2723,2592 2782,2592 2842,2591 2901,2590 2961,2590 3020,2589 3080,2589"/>
                <TextEquiv>
                    <Unicode>wieder!) aus der Verlegenheit hilft und durch die Einführung</Unicode>
                </TextEquiv>
            </TextLine>
            <TextLine id="r3l59" custom="readingOrder {index:58;}">
                <Coords points="1880,2654 2888,2658 3038,2643 3085,2588 2515,2624 1879,2602"/>
                <Baseline points="1887,2652 1946,2650 2006,2648 2065,2647 2125,2646 2184,2645 2244,2644 2303,2643 2363,2643 2422,2643 2482,2642 2542,2642 2601,2641 2661,2641 2720,2640 2780,2639 2839,2638 2899,2637 2958,2635 3018,2633 3078,2630"/>
                <TextEquiv>
                    <Unicode>eines raisonnierenden Dichters, der Schnitzlers eigene Ab¬</Unicode>
                </TextEquiv>
            </TextLine>
            <TextLine id="r3l60" custom="readingOrder {index:59;}">
                <Coords points="1885,2697 3030,2694 3091,2626 1884,2662"/>
                <Baseline points="1892,2699 1951,2697 2011,2695 2070,2694 2130,2692 2190,2691 2249,2691 2309,2690 2368,2689 2428,2688 2488,2688 2547,2687 2607,2687 2666,2686 2726,2685 2786,2684 2845,2683 2905,2681 2964,2680 3024,2678 3084,2676"/>
                <TextEquiv>
                    <Unicode>sichten lustig zu ironisieren hat, dafür sorgt, daß auch der</Unicode>
                </TextEquiv>
            </TextLine>
            <TextLine id="r3l61" custom="readingOrder {index:60;}">
                <Coords points="1881,2755 3011,2743 3080,2692 1880,2697"/>
                <Baseline points="1888,2742 1947,2741 2006,2740 2065,2739 2124,2738 2184,2737 2243,2736 2302,2735 2361,2734 2420,2733 2480,2732 2539,2731 2598,2730 2657,2729 2716,2728 2776,2727 2835,2727 2894,2726 2953,2725 3012,2725 3072,2724"/>
                <TextEquiv>
                    <Unicode>Zuschauer das Ganze nicht zu schwer nimmt. Demgegen¬</Unicode>
                </TextEquiv>
            </TextLine>
            <TextLine id="r3l62" custom="readingOrder {index:61;}">
                <Coords points="1883,2783 2935,2756 3098,2788 3097,2720 1883,2756"/>
                <Baseline points="1891,2784 1954,2784 2017,2783 2080,2783 2143,2782 2206,2781 2269,2781 2332,2780 2395,2779 2458,2778 2522,2777 2585,2776 2648,2775 2711,2774 2774,2773 2837,2771 2900,2770 2963,2768 3026,2767 3090,2765"/>
                <TextEquiv>
                    <Unicode>über wirkte jedoch der sehr ernsthafte Schluß, der einem</Unicode>
                </TextEquiv>
            </TextLine>
            <TextLine id="r3l63" custom="readingOrder {index:62;}">
                <Coords points="1887,2837 3043,2824 3092,2779 1886,2787"/>
                <Baseline points="1895,2832 1954,2831 2014,2830 2073,2829 2133,2828 2192,2826 2252,2826 2311,2824 2371,2823 2430,2822 2490,2821 2549,2820 2609,2819 2668,2818 2728,2817 2787,2816 2847,2815 2906,2814 2966,2813 3025,2812 3085,2810"/>
                <TextEquiv>
                    <Unicode>Mann von dem Geschmack und der Lebenskultur des Wiener</Unicode>
                </TextEquiv>
            </TextLine>
            <TextLine id="r3l64" custom="readingOrder {index:63;}">
                <Coords points="1887,2897 3054,2873 3095,2823 1886,2841"/>
                <Baseline points="1895,2877 1954,2876 2014,2875 2073,2874 2133,2873 2193,2872 2252,2871 2312,2870 2372,2868 2431,2867 2491,2866 2551,2865 2610,2864 2670,2863 2730,2862 2789,2862 2849,2861 2909,2860 2968,2859 3028,2859 3088,2859"/>
                <TextEquiv>
                    <Unicode>Dichters allein übrig blieb, als eine Dissonanz, und so kam</Unicode>
                </TextEquiv>
            </TextLine>
            <TextLine id="r3l65" custom="readingOrder {index:64;}">
                <Coords points="1891,2922 3078,2921 3092,2867 1890,2895"/>
                <Baseline points="1898,2924 1957,2923 2016,2921 2076,2920 2135,2919 2195,2917 2254,2916 2313,2916 2373,2915 2432,2914 2492,2913 2551,2912 2610,2911 2670,2910 2729,2910 2789,2908 2848,2907 2907,2906 2967,2905 3026,2904 3086,2902"/>
                <TextEquiv>
                    <Unicode>es, daß das Publikum, das den ersten beiden Akten mit ge¬</Unicode>
                </TextEquiv>
            </TextLine>
            <TextLine id="r3l66" custom="readingOrder {index:65;}">
                <Coords points="1886,2965 2947,2971 3089,2918 1885,2931"/>
                <Baseline points="1893,2969 1952,2967 2011,2966 2071,2964 2130,2963 2190,2962 2249,2961 2308,2960 2368,2960 2427,2959 2487,2958 2546,2957 2605,2956 2665,2955 2724,2954 2784,2953 2843,2951 2902,2950 2962,2948 3021,2945 3081,2943"/>
                <TextEquiv>
                    <Unicode>spannter Anteilnahme folgte und den Verfasser oftmals vor</Unicode>
                </TextEquiv>
            </TextLine>
            <TextLine id="r3l67" custom="readingOrder {index:66;}">
                <Coords points="1886,3014 3082,3008 3095,2946 1885,2966"/>
                <Baseline points="1893,3012 1952,3011 2012,3010 2072,3009 2132,3007 2191,3006 2251,3005 2311,3005 2371,3004 2430,3003 2490,3002 2550,3001 2610,3000 2669,2999 2729,2998 2789,2997 2849,2996 2908,2995 2968,2994 3028,2993 3088,2992"/>
                <TextEquiv>
                    <Unicode>die Gardine rief, dem dritten mit geteilten Gefühlen gegen¬</Unicode>
                </TextEquiv>
            </TextLine>
            <TextLine id="r3l68" custom="readingOrder {index:67;}">
                <Coords points="1891,3062 3093,3045 3064,2997 1890,3015"/>
                <Baseline points="1899,3055 1958,3055 2017,3055 2077,3055 2136,3055 2195,3054 2255,3053 2314,3052 2373,3050 2433,3049 2492,3048 2551,3046 2611,3044 2670,3043 2729,3041 2789,3039 2848,3038 2907,3037 2967,3036 3026,3035 3086,3035"/>
                <TextEquiv>
                    <Unicode>überstand. Die Darstellung des Leising=Theaters zeigte</Unicode>
                </TextEquiv>
            </TextLine>
            <TextLine id="r3l69" custom="readingOrder {index:68;}">
                <Coords points="1890,3100 3015,3095 3096,3043 1889,3064"/>
                <Baseline points="1897,3102 1956,3101 2016,3100 2075,3099 2135,3098 2195,3097 2254,3096 2314,3095 2373,3094 2433,3093 2493,3092 2552,3091 2612,3090 2671,3088 2731,3087 2791,3086 2850,3085 2910,3083 2969,3082 3029,3080 3089,3078"/>
                <TextEquiv>
                    <Unicode>wieder, daß die Kunst des modernen Dialogs und des intimen</Unicode>
                </TextEquiv>
            </TextLine>
            <TextLine id="r3l70" custom="readingOrder {index:69;}">
                <Coords points="1895,3159 3087,3144 3086,3099 2978,3086 1895,3119"/>
                <Baseline points="1903,3149 1961,3148 2020,3147 2079,3146 2138,3145 2197,3144 2255,3143 2314,3142 2373,3141 2432,3140 2491,3139 2549,3138 2608,3137 2667,3136 2726,3134 2785,3133 2843,3131 2902,3130 2961,3128 3020,3126 3079,3124"/>
                <TextEquiv>
                    <Unicode>Zusammenspiels nirgends so gut aufgehoben ist wie an dieser</Unicode>
                </TextEquiv>
            </TextLine>
            <TextLine id="r3l71" custom="readingOrder {index:70;}">
                <Coords points="1890,3202 3086,3186 3100,3114 2992,3151 1889,3164"/>
                <Baseline points="1898,3192 1957,3191 2017,3190 2077,3189 2137,3189 2197,3188 2256,3188 2316,3187 2376,3187 2436,3186 2496,3185 2555,3185 2615,3184 2675,3183 2735,3181 2795,3180 2854,3179 2914,3177 2974,3175 3034,3172 3094,3170"/>
                <TextEquiv>
                    <Unicode>Bühne. Albert Bassermann zog als Amadeus alle</Unicode>
                </TextEquiv>
            </TextLine>
            <TextLine id="r3l72" custom="readingOrder {index:71;}">
                <Coords points="1895,3242 3046,3230 3091,3200 3090,3167 2989,3164 2442,3205 1894,3190"/>
                <Baseline points="1902,3239 1961,3237 2020,3235 2079,3234 2138,3232 2197,3231 2256,3231 2315,3230 2374,3229 2433,3229 2493,3228 2552,3227 2611,3227 2670,3226 2729,3225 2788,3224 2847,3223 2906,3221 2965,3218 3024,3216 3084,3213"/>
                <TextEquiv>
                    <Unicode>Register seiner immer von neuem erstaunlichen Charakteri¬</Unicode>
                </TextEquiv>
            </TextLine>
            <TextLine id="r3l73" custom="readingOrder {index:72;}">
                <Coords points="1890,3290 2927,3283 3083,3262 3083,3226 1889,3246"/>
                <Baseline points="1898,3283 1956,3282 2015,3280 2074,3279 2133,3278 2192,3277 2251,3276 2309,3275 2368,3275 2427,3274 2486,3273 2545,3273 2604,3272 2663,3271 2721,3269 2780,3268 2839,3267 2898,3264 2957,3262 3016,3260 3075,3257"/>
                <TextEquiv>
                    <Unicode>sierungskunst, aber die Details seiner analysierenden Min¬</Unicode>
                </TextEquiv>
            </TextLine>
            <TextLine id="r3l74" custom="readingOrder {index:73;}">
                <Coords points="1892,3328 2972,3330 3088,3314 3087,3258 1891,3291"/>
                <Baseline points="1900,3327 1959,3326 2018,3325 2077,3324 2136,3323 2195,3322 2254,3321 2313,3321 2372,3319 2431,3319 2490,3318 2549,3316 2608,3315 2667,3315 2726,3313 2785,3312 2844,3311 2903,3309 2962,3308 3021,3306 3080,3305"/>
                <TextEquiv>
                    <Unicode>schenmalerei waren diesmals überwunden und zu einem ver¬</Unicode>
                </TextEquiv>
            </TextLine>
            <TextLine id="r3l75" custom="readingOrder {index:74;}">
                <Coords points="1892,3381 3076,3368 3076,3309 1892,3340"/>
                <Baseline points="1899,3369 1957,3368 2015,3368 2074,3367 2132,3367 2191,3366 2249,3366 2308,3365 2366,3364 2425,3363 2483,3363 2541,3362 2600,3361 2658,3360 2717,3359 2775,3358 2834,3356 2892,3355 2951,3354 3009,3353 3068,3351"/>
                <TextEquiv>
                    <Unicode>blüffend lebenswahren Ganzen verschmolzen. Dieser nei¬</Unicode>
                </TextEquiv>
            </TextLine>
            <TextLine id="r3l76" custom="readingOrder {index:75;}">
                <Coords points="1899,3430 3086,3421 3085,3371 2988,3351 1898,3370"/>
                <Baseline points="1906,3414 1964,3414 2023,3413 2081,3412 2140,3412 2199,3411 2257,3410 2316,3410 2375,3409 2433,3408 2492,3407 2551,3406 2609,3405 2668,3404 2727,3404 2785,3403 2844,3402 2903,3401 2961,3400 3020,3399 3079,3399"/>
                <TextEquiv>
                    <Unicode>vöse, triebhaft egoistische, bei aller Verfeinerung des seelischen</Unicode>
                </TextEquiv>
            </TextLine>
            <TextLine id="r3l77" custom="readingOrder {index:76;}">
                <Coords points="1898,3477 2997,3460 3080,3445 3080,3411 1897,3429"/>
                <Baseline points="1906,3460 1964,3459 2022,3458 2081,3457 2139,3456 2197,3456 2256,3455 2314,3454 2372,3453 2431,3452 2489,3452 2547,3451 2606,3450 2664,3449 2722,3449 2781,3448 2839,3447 2897,3446 2956,3445 3014,3443 3073,3442"/>
                <TextEquiv>
                    <Unicode>Lebens kindliche Musiker schien nicht mehr auf den Brettern</Unicode>
                </TextEquiv>
            </TextLine>
            <TextLine id="r3l78" custom="readingOrder {index:77;}">
                <Coords points="1894,3511 3101,3508 3100,3456 3044,3445 1894,3478"/>
                <Baseline points="1901,3509 1960,3507 2020,3506 2079,3505 2139,3504 2199,3503 2258,3502 2318,3500 2377,3499 2437,3498 2497,3497 2556,3496 2616,3495 2675,3494 2735,3493 2795,3492 2854,3490 2914,3489 2973,3488 3033,3487 3093,3485"/>
                <TextEquiv>
                    <Unicode>zu stehen. Irene Triesch als sein Widerspiel hob die</Unicode>
                </TextEquiv>
            </TextLine>
            <TextLine id="r3l79" custom="readingOrder {index:78;}">
                <Coords points="1895,3579 3089,3546 3089,3497 1894,3511"/>
                <Baseline points="1902,3548 1964,3547 2026,3547 2088,3547 2150,3546 2212,3546 2274,3545 2336,3544 2398,3544 2460,3543 2522,3542 2584,3541 2646,3540 2708,3539 2770,3537 2832,3536 2894,3535 2956,3533 3018,3531 3081,3530"/>
                <TextEquiv>
                    <Unicode>Schnitzlerische Gestalt der Frau zu einer typischen Höhe empor,</Unicode>
                </TextEquiv>
            </TextLine>
            <TextLine id="r3l80" custom="readingOrder {index:79;}">
                <Coords points="1907,3594 3047,3590 3084,3540 1906,3561"/>
                <Baseline points="1914,3596 1972,3595 2030,3595 2088,3593 2146,3593 2205,3592 2263,3590 2321,3589 2379,3588 2437,3587 2496,3586 2554,3585 2612,3584 2670,3583 2728,3581 2787,3580 2845,3579 2903,3578 2961,3577 3019,3575 3078,3574"/>
                <TextEquiv>
                    <Unicode>die auf ihr Konto zu setzen ist. Ihre Sehnsucht und ihr</Unicode>
                </TextEquiv>
            </TextLine>
            <TextLine id="r3l81" custom="readingOrder {index:80;}">
                <Coords points="1896,3668 3088,3625 3087,3583 2994,3577 2041,3622 1895,3591"/>
                <Baseline points="1903,3639 1961,3638 2020,3637 2079,3637 2138,3636 2197,3635 2256,3634 2314,3634 2373,3633 2432,3632 2491,3631 2550,3630 2609,3629 2668,3628 2726,3626 2785,3625 2844,3623 2903,3622 2962,3620 3021,3618 3080,3616"/>
                <TextEquiv>
                    <Unicode>Stolz, ihre Leidenschaft und ihre Kraft des Entschließens</Unicode>
                </TextEquiv>
            </TextLine>
            <TextLine id="r3l82" custom="readingOrder {index:81;}">
                <Coords points="1910,3693 3000,3680 3099,3658 3098,3599 2903,3641 1910,3649"/>
                <Baseline points="1918,3685 1976,3684 2035,3682 2093,3681 2152,3680 2211,3679 2269,3678 2328,3677 2387,3677 2445,3676 2504,3675 2563,3674 2621,3674 2680,3672 2739,3671 2797,3670 2856,3669 2915,3667 2973,3665 3032,3663 3091,3661"/>
                <TextEquiv>
                    <Unicode>ordneten sich mit außerordentlicher Kunst zu einer organischen</Unicode>
                </TextEquiv>
            </TextLine>
            <TextLine id="r3l83" custom="readingOrder {index:82;}">
                <Coords points="1907,3744 3091,3708 3074,3669 1906,3694"/>
                <Baseline points="1914,3732 1972,3730 2031,3728 2089,3726 2148,3724 2206,3723 2265,3721 2323,3720 2382,3719 2440,3719 2499,3718 2557,3717 2616,3716 2674,3715 2733,3714 2791,3713 2850,3713 2908,3711 2967,3710 3025,3709 3084,3708"/>
                <TextEquiv>
                    <Unicode>Reihe. Herr Reicher als Raisonneur Albertus Rhon, der</Unicode>
                </TextEquiv>
            </TextLine>
            <TextLine id="r3l84" custom="readingOrder {index:83;}">
                <Coords points="1902,3788 2995,3769 3081,3757 3081,3716 1901,3744"/>
                <Baseline points="1909,3775 1967,3774 2025,3772 2083,3770 2142,3769 2200,3768 2258,3768 2316,3767 2375,3766 2433,3765 2491,3765 2549,3764 2608,3763 2666,3763 2724,3762 2782,3761 2841,3760 2899,3758 2957,3756 3015,3755 3074,3752"/>
                <TextEquiv>
                    <Unicode>immer auftritt, wenn es nötig ist, erledigte dies Amt als</Unicode>
                </TextEquiv>
            </TextLine>
            <TextLine id="r3l85" custom="readingOrder {index:84;}">
                <Coords points="1903,3813 3097,3820 3083,3749 1903,3787"/>
                <Baseline points="1911,3819 1969,3817 2028,3816 2087,3815 2146,3813 2205,3813 2264,3812 2322,3811 2381,3810 2440,3810 2499,3809 2558,3808 2617,3808 2676,3807 2734,3806 2793,3804 2852,3803 2911,3802 2970,3799 3029,3797 3088,3795"/>
                <TextEquiv>
                    <Unicode>meisterhafter Sprecher. Die Darsteller der fürstlich=gräf¬</Unicode>
                </TextEquiv>
            </TextLine>
            <TextLine id="r3l86" custom="readingOrder {index:85;}">
                <Coords points="1902,3876 2923,3860 3107,3820 1901,3824"/>
                <Baseline points="1910,3864 1969,3863 2029,3861 2088,3860 2148,3859 2207,3858 2267,3857 2326,3856 2386,3856 2445,3855 2505,3854 2564,3853 2624,3852 2683,3851 2743,3850 2802,3849 2862,3847 2921,3845 2981,3844 3040,3841 3100,3838"/>
                <TextEquiv>
                    <Unicode>lichen Nebenfiguren, Fräulein Schiff und Herr Grun¬</Unicode>
                </TextEquiv>
            </TextLine>
            <TextLine id="r3l87" custom="readingOrder {index:86;}">
                <Coords points="1908,3906 2965,3907 3068,3891 3088,3843 1907,3876"/>
                <Baseline points="1915,3905 1973,3906 2031,3905 2090,3905 2148,3905 2206,3904 2265,3903 2323,3902 2381,3901 2440,3900 2498,3898 2556,3897 2615,3896 2673,3894 2731,3892 2790,3891 2848,3890 2906,3888 2965,3886 3023,3884 3082,3882"/>
                <TextEquiv>
                    <Unicode>wald, hätten ein gut Teil aristokratischer und verführeri¬</Unicode>
                </TextEquiv>
            </TextLine>
            <TextLine id="r3l88" custom="readingOrder {index:87;}">
                <Coords points="1916,3957 2991,3952 3101,3942 3100,3885 1915,3916"/>
                <Baseline points="1923,3952 1981,3952 2040,3951 2098,3950 2157,3949 2215,3947 2274,3946 2332,3945 2391,3944 2449,3943 2508,3941 2567,3940 2625,3939 2684,3937 2742,3936 2801,3935 2859,3934 2918,3933 2976,3932 3035,3931 3094,3930"/>
                <TextEquiv>
                    <Unicode>scher sein dürfen. Auch die Gattin des Albertus, die Frau</Unicode>
                </TextEquiv>
            </TextLine>
            <TextLine id="r3l89" custom="readingOrder {index:88;}">
                <Coords points="1913,4011 2797,3982 2911,4012 2982,3980 3098,4011 3141,3997 3140,3918 1912,3961"/>
                <Baseline points="1921,3997 1981,3998 2042,3997 2102,3997 2163,3996 2224,3995 2284,3994 2345,3993 2405,3991 2466,3989 2527,3987 2587,3986 2648,3984 2708,3983 2769,3981 2830,3980 2890,3979 2951,3978 3011,3978 3072,3978 3133,3978"/>
                <TextEquiv>
                    <Unicode>Pauly spielte, hätte etwas weniger Hausbackenheit und !</Unicode>
                </TextEquiv>
            </TextLine>
            <TextLine id="r3l90" custom="readingOrder {index:89;}">
                <Coords points="1908,4048 2390,4036 2573,4064 2863,4043 2863,4010 2789,3986 1907,4010"/>
                <Baseline points="1916,4047 1965,4045 2014,4044 2064,4042 2113,4041 2163,4040 2212,4039 2261,4037 2311,4036 2360,4035 2410,4034 2459,4033 2509,4032 2558,4031 2607,4030 2657,4029 2706,4027 2756,4026 2805,4024 2855,4023"/>
                <TextEquiv>
                    <Unicode>etwas mehr wienerische Grazie entsalten sollen.</Unicode>
                </TextEquiv>
            </TextLine>
            <TextEquiv>
                <Unicode>roblem der Liebe und der Ehe, von denen darin in zwar
leichten und seinen Plauderstunden gesprochen wird. Das
alte Lied: was für den Mann ein Stück des Lebens ist, ist
für die Fran das Leben selbst. Der Mann, von unaustilg¬
baren polygamistischen Instinkten getrieben, kann wohl
Liebe und Ehe, Leidenschaft und Treue scheiden, kann wohl in
sich die Kraft und Sicherheit fühlen, nach einer erotischen
Episode zu dem tieferen Gefühl zurückzukehren, das ihn an
die Gefährtin des Lebens bindet, und dessen innere Fäden
auch während des „Zwischenspiels“ nicht zerrissen waren.
Die Frau wird das nie ganz verstehen, ja mehr, sie darf es
garnicht verstehen; denn wenn sie es versteht, so hat es meist
seine Gründe. Der Kapellmeister Amadeus Adams und
seine Gattin Cäcilie, ihres Zeichens berühmte und umwor¬
bene Opernsängerin, beschließen als freie Menschen, eine
Ehe der Wahrhaftigkeit zu führen, in der es unwürdige Ge¬
heimnisse nicht geben darf. So erstatten sie dann auch offen
einander Bericht, als Amadeus im Begriff ist, in die Netze
einer koketten singenden Gräfin zu gehen, und Cäcilie die
Neigung eines jungen fürstlichen Musikdilettanten zu er¬
widern beginnt. Zögernd geht die Frau, mit übermütigem
Siegesbewußtsein, der Mann darauf ein, die Konsequenzen
aus jener „Wahrhaftigkeit“ zu ziehen: man trennt sich auf
eine kurze Zeit in Freiheit und unter eigener Verantwor¬
tung wie Ibsen sagen würde. Aber als das Zwischenspiel
vorüber,gt sich die Verwirrung. Amadeus hat sorglos
sein Abenteuer bis zur Neige ausgekostet. Ernüchtert und
mit neuer, verstärkter Sehnsucht will er sich der Gattin wie¬
der nähern, die selbst dem Gatten im Sinne des Gesetzes
nicht die Treue gebrochen, deren ganzes Wesen aber in der
verhängnisvollen Zeit der Freiheit durchrüttelt und ver¬
ändert worden. Ihr Frauengefühl sträubt sich gegen die
autokratische Herrenmoral des Gatten, der zuerst im Sin¬
nenrausch des Wiedersehens leidenschaftlich ihrer begehrt,
sodann, aus dem Rausch erwachend, ihr Leben während der
Zwischenzeit mit ungerechter Eifersucht durchstöbert, und
seines bru¬
schließlich, als er die Grundlosigkeit
talen Verdachts erkennt, Cäcilie wieder dauernd
an sich fesseln will, wie Hellmer es mit Nora
versucht. Zu vieles liegt dazwischen: die episodische Tren¬
nung wird zur dauernden; sie „lassen sich nicht scheiden“ sie
Aus dem als Scherzo angelegten
„scheiden sich“
Zwischenspiel ist ein Capriccio doloroso geworden. Diefen
Stoff hat Schnitzler mehr zu einer These, als zu einer drama¬
tischen Handlung verarbeitet. Das Stück hat nicht genug
eigene Bewegungskraft, um plastische Gestalt anzunehmen, es
braucht der Worte, um zu leben. So ist es mehr das, was
über die Dinge gesagt wird, was interessiert und packt, als
diese Dinge selbst. Aber es ist kein geringes Vergnügen, dem
liebenswürdigen Geistreichtum zu lauschen, der über diese
Dialoge ausgebreitet ist. Der Dichter hat dazu eine reichlich
sorglos=leichte Art der Behandlung gewählt, die in der Non¬
chalance des Szenenaufbaus sehr weit geht, an einer knifflichen
Stelle zu Beginn des dritten Aktes sich nur mit einem regel¬
rechten Monolog (er kehrt uns also selbst im modernen Drama
wieder!) aus der Verlegenheit hilft und durch die Einführung
eines raisonnierenden Dichters, der Schnitzlers eigene Ab¬
sichten lustig zu ironisieren hat, dafür sorgt, daß auch der
Zuschauer das Ganze nicht zu schwer nimmt. Demgegen¬
über wirkte jedoch der sehr ernsthafte Schluß, der einem
Mann von dem Geschmack und der Lebenskultur des Wiener
Dichters allein übrig blieb, als eine Dissonanz, und so kam
es, daß das Publikum, das den ersten beiden Akten mit ge¬
spannter Anteilnahme folgte und den Verfasser oftmals vor
die Gardine rief, dem dritten mit geteilten Gefühlen gegen¬
überstand. Die Darstellung des Leising=Theaters zeigte
wieder, daß die Kunst des modernen Dialogs und des intimen
Zusammenspiels nirgends so gut aufgehoben ist wie an dieser
Bühne. Albert Bassermann zog als Amadeus alle
Register seiner immer von neuem erstaunlichen Charakteri¬
sierungskunst, aber die Details seiner analysierenden Min¬
schenmalerei waren diesmals überwunden und zu einem ver¬
blüffend lebenswahren Ganzen verschmolzen. Dieser nei¬
vöse, triebhaft egoistische, bei aller Verfeinerung des seelischen
Lebens kindliche Musiker schien nicht mehr auf den Brettern
zu stehen. Irene Triesch als sein Widerspiel hob die
Schnitzlerische Gestalt der Frau zu einer typischen Höhe empor,
die auf ihr Konto zu setzen ist. Ihre Sehnsucht und ihr
Stolz, ihre Leidenschaft und ihre Kraft des Entschließens
ordneten sich mit außerordentlicher Kunst zu einer organischen
Reihe. Herr Reicher als Raisonneur Albertus Rhon, der
immer auftritt, wenn es nötig ist, erledigte dies Amt als
meisterhafter Sprecher. Die Darsteller der fürstlich=gräf¬
lichen Nebenfiguren, Fräulein Schiff und Herr Grun¬
wald, hätten ein gut Teil aristokratischer und verführeri¬
scher sein dürfen. Auch die Gattin des Albertus, die Frau
Pauly spielte, hätte etwas weniger Hausbackenheit und !
etwas mehr wienerische Grazie entsalten sollen.</Unicode>
            </TextEquiv>
        </TextRegion>
    </Page>
</PcGts>
