<?xml version="1.0" encoding="UTF-8" standalone="yes"?>
<PcGts xmlns="http://schema.primaresearch.org/PAGE/gts/pagecontent/2013-07-15" xmlns:xsi="http://www.w3.org/2001/XMLSchema-instance" xsi:schemaLocation="http://schema.primaresearch.org/PAGE/gts/pagecontent/2013-07-15 http://schema.primaresearch.org/PAGE/gts/pagecontent/2013-07-15/pagecontent.xsd">
    <Metadata>
        <Creator>prov=University of Rostock/Institute of Mathematics/CITlab/Gundram Leifert/gundram.leifert@uni-rostock.de:name=ONB_Newseye_GT_M1+(htr_id=10810)::::v=2.4.2
prov=University of Rostock/Institute of Mathematics/CITlab/Tobias Gruening/tobias.gruening@uni-rostock.de:name=de.uros.citlab.module.baseline2polygon.B2PSeamMultiOriented:v=2.4.2
prov=University of Rostock/Institute of Mathematics/CITlab/Tobias Gruening/tobias.gruening@uni-rostock.de:name=/mnt/transkribus/LA/DEA/URO/LA_news_onb_att.pb:de.uros.citlab.segmentation.CITlab_LA_ML:v=2.4.2
Transkribus</Creator>
        <Created>2019-10-07T11:20:25.479+02:00</Created>
        <LastChange>2019-10-08T05:39:14.232+02:00</LastChange>
        <TranskribusMetadata docId="223968" pageId="9497458" pageNr="249" tsid="16503623" status="IN_PROGRESS" userId="40391" imgUrl="https://files.transkribus.eu/Get?id=ELZUMVSXRDGGQLEOVDJRUIHK&amp;fileType=view" xmlUrl="https://files.transkribus.eu/Get?id=JRHNYKDNGCHWDQAOWTETQELS" imageId="6187685"/>
    </Metadata>
    <Page imageFilename="223968_0249.jpeg" imageWidth="3436" imageHeight="4352">
        <ReadingOrder>
            <OrderedGroup id="ro_1711439672574" caption="Regions reading order">
                <RegionRefIndexed index="0" regionRef="r1"/>
                <RegionRefIndexed index="1" regionRef="r2"/>
            </OrderedGroup>
        </ReadingOrder>
        <TextRegion orientation="0.0" id="r1" custom="readingOrder {index:0;}">
            <Coords points="319,305 319,3818 1815,3818 1815,305"/>
            <TextLine id="r1l1" custom="readingOrder {index:0;}">
                <Coords points="309,338 611,379 1825,344 1788,270 1415,270 1275,317 1174,269 309,295"/>
                <Baseline points="319,326 393,332 468,337 543,341 618,344 693,346 767,347 842,349 917,349 992,349 1067,348 1141,347 1216,346 1291,344 1366,342 1441,340 1515,339 1590,337 1665,335 1740,334 1815,332"/>
                <TextEquiv>
                    <Unicode>20. Zwischenspiel box 25/2</Unicode>
                </TextEquiv>
            </TextLine>
            <TextLine id="r1l2" custom="readingOrder {index:1;}">
                <Coords points="766,1207 1218,1177 1276,1204 1621,1196 1620,1129 1577,1114 765,1135"/>
                <Baseline points="774,1177 815,1177 857,1177 899,1177 941,1177 983,1177 1025,1176 1067,1175 1109,1174 1151,1174 1193,1173 1234,1172 1276,1171 1318,1171 1360,1170 1402,1170 1444,1171 1486,1171 1528,1173 1570,1174 1612,1176"/>
                <TextEquiv>
                    <Unicode>Telephon 12801.</Unicode>
                </TextEquiv>
            </TextLine>
            <TextLine id="r1l3" custom="readingOrder {index:2;}">
                <Coords points="617,1214 639,1218 648,1211 665,1214 704,1208 688,1022 643,1024 616,1040 602,1041"/>
                <Baseline points="624,1202 659,1198 694,1196"/>
                <TextEquiv>
                    <Unicode></Unicode>
                </TextEquiv>
            </TextLine>
            <TextLine id="r1l4" custom="readingOrder {index:3;}">
                <Coords points="695,1335 1416,1328 1413,1218 1164,1210 989,1239 954,1211 914,1235 799,1226 733,1288 694,1287"/>
                <Baseline points="705,1335 740,1331 775,1327 810,1325 845,1323 880,1321 915,1320 950,1318 985,1318 1020,1317 1055,1317 1090,1317 1125,1317 1160,1317 1195,1317 1230,1316 1265,1316 1300,1315 1335,1314 1370,1313 1405,1311"/>
                <TextEquiv>
                    <Unicode>„OBSERVER‘</Unicode>
                </TextEquiv>
            </TextLine>
            <TextLine id="r1l5" custom="readingOrder {index:4;}">
                <Coords points="510,1393 1629,1373 1564,1322 509,1348"/>
                <Baseline points="519,1390 574,1386 629,1384 684,1382 739,1380 794,1379 849,1377 904,1376 959,1375 1014,1374 1069,1374 1124,1373 1179,1372 1234,1371 1289,1370 1344,1369 1399,1368 1454,1366 1509,1364 1564,1362 1619,1359"/>
                <TextEquiv>
                    <Unicode> I. österr. behördl. konz. Unternehmen für Zeitungs-Aussohnitte</Unicode>
                </TextEquiv>
            </TextLine>
            <TextLine id="r1l6" custom="readingOrder {index:5;}">
                <Coords points="718,1452 811,1467 991,1443 1047,1464 1105,1438 1244,1458 1429,1445 1462,1412 1339,1377 1242,1396 1006,1382 945,1404 716,1392"/>
                <Baseline points="727,1443 763,1443 799,1443 835,1443 872,1442 908,1442 944,1441 980,1440 1017,1439 1053,1438 1089,1437 1125,1436 1162,1435 1198,1434 1234,1433 1270,1432 1307,1432 1343,1431 1379,1431 1415,1431 1452,1432"/>
                <TextEquiv>
                    <Unicode>Wien, I., Concordiaplatz 4.</Unicode>
                </TextEquiv>
            </TextLine>
            <TextLine id="r1l7" custom="readingOrder {index:6;}">
                <Coords points="932,1492 964,1509 988,1501 998,1510 1108,1511 1117,1501 1207,1504 1231,1483 1256,1479 1255,1459 1227,1459 1201,1442 1135,1449 1124,1441 1107,1455 1076,1446 1044,1467 1033,1459 1020,1467 962,1456 932,1462"/>
                <Baseline points="941,1494 966,1495 992,1495 1017,1495 1043,1494 1068,1494 1094,1494 1119,1493 1145,1493 1170,1492 1196,1492 1221,1492 1247,1493"/>
                <TextEquiv>
                    <Unicode>Vertretungen</Unicode>
                </TextEquiv>
            </TextLine>
            <TextLine id="r1l8" custom="readingOrder {index:7;}">
                <Coords points="533,1563 1637,1537 1636,1498 1372,1488 533,1531"/>
                <Baseline points="543,1554 597,1552 651,1551 705,1550 759,1549 814,1548 868,1547 922,1545 976,1544 1030,1543 1085,1542 1139,1541 1193,1539 1247,1539 1301,1537 1356,1536 1410,1535 1464,1534 1518,1533 1572,1531 1627,1530"/>
                <TextEquiv>
                    <Unicode>in Berlin, Budapest, Chicago, Christiania, Genf, Kopenhagen,</Unicode>
                </TextEquiv>
            </TextLine>
            <TextLine id="r1l9" custom="readingOrder {index:8;}">
                <Coords points="528,1593 1627,1584 1626,1550 1519,1538 528,1573"/>
                <Baseline points="537,1594 591,1593 645,1592 699,1591 753,1590 807,1589 861,1587 915,1586 969,1585 1023,1584 1077,1582 1131,1581 1185,1579 1239,1578 1293,1577 1347,1575 1401,1574 1455,1573 1509,1572 1563,1570 1617,1569"/>
                <TextEquiv>
                    <Unicode>London, Madrid, Mailand, Minneapolis, New-York, Paris, Rom,</Unicode>
                </TextEquiv>
            </TextLine>
            <TextLine id="r1l10" custom="readingOrder {index:9;}">
                <Coords points="689,1620 891,1646 915,1627 1456,1635 1486,1616 1439,1583 1304,1578 689,1594"/>
                <Baseline points="699,1625 737,1624 776,1623 815,1623 854,1622 893,1621 932,1620 970,1620 1009,1619 1048,1619 1087,1618 1126,1618 1165,1618 1204,1617 1242,1617 1281,1617 1320,1617 1359,1617 1398,1618 1437,1618 1476,1618"/>
                <TextEquiv>
                    <Unicode>San Francisco, Stockholm, St. Petersburg.</Unicode>
                </TextEquiv>
            </TextLine>
            <TextLine id="r1l11" custom="readingOrder {index:10;}">
                <Coords points="870,1668 951,1679 969,1668 1027,1686 1048,1669 1067,1684 1112,1662 1179,1686 1200,1669 1233,1678 1287,1652 1325,1657 1325,1633 1213,1616 1091,1639 915,1627 870,1646"/>
                <Baseline points="880,1660 905,1660 931,1659 956,1659 982,1658 1008,1658 1033,1658 1059,1657 1085,1657 1110,1657 1136,1656 1162,1657 1187,1657 1213,1657 1239,1657 1264,1658 1290,1659 1316,1660"/>
                <TextEquiv>
                    <Unicode>(Qualienapgp## ehne Sewuhr.)</Unicode>
                </TextEquiv>
            </TextLine>
            <TextLine id="r1l12" custom="readingOrder {index:11;}">
                <Coords points="534,1775 999,1733 1482,1743 1544,1704 1542,1665 1506,1657 532,1723"/>
                <Baseline points="543,1755 592,1754 642,1752 691,1750 741,1749 791,1747 840,1744 890,1742 939,1739 989,1737 1039,1733 1088,1731 1138,1728 1187,1726 1237,1723 1287,1721 1336,1719 1386,1717 1435,1716 1485,1715 1535,1714"/>
                <TextEquiv>
                    <Unicode>Ausachnitt anscan dedlaoc</Unicode>
                </TextEquiv>
            </TextLine>
            <TextLine id="r1l13" custom="readingOrder {index:12;}">
                <Coords points="1155,1863 1249,1867 1300,1851 1350,1866 1414,1849 1468,1871 1529,1854 1521,1725 1479,1744 1415,1737 1404,1747 1387,1733 1307,1743 1153,1830"/>
                <Baseline points="1163,1857 1188,1856 1214,1854 1239,1853 1265,1851 1290,1849 1316,1847 1341,1845 1367,1843 1392,1841 1418,1840 1443,1839 1469,1839 1494,1838 1520,1839"/>
                <TextEquiv>
                    <Unicode>Scl</Unicode>
                </TextEquiv>
            </TextLine>
            <TextLine id="r1l14" custom="readingOrder {index:13;}">
                <Coords points="544,1841 576,1858 670,1856 700,1888 838,1894 874,1887 879,1810 831,1837 809,1819 796,1826 772,1815 545,1818"/>
                <Baseline points="553,1852 579,1851 605,1852 631,1854 657,1856 683,1858 709,1861 735,1864 761,1866 787,1867 813,1867 839,1866 866,1863"/>
                <TextEquiv>
                    <Unicode>vom</Unicode>
                </TextEquiv>
            </TextLine>
            <TextLine id="r1l15" custom="readingOrder {index:14;}">
                <Coords points="826,1956 873,1972 943,1971 967,1985 988,1972 1066,1963 1130,1973 1203,1957 1202,1932 1172,1933 1153,1916 1099,1923 1012,1899 826,1912"/>
                <Baseline points="835,1959 860,1960 886,1962 911,1962 937,1963 962,1963 988,1962 1014,1962 1039,1961 1065,1960 1090,1959 1116,1957 1141,1957 1167,1955 1193,1953"/>
                <TextEquiv>
                    <Unicode>Lessingtheater.</Unicode>
                </TextEquiv>
            </TextLine>
            <TextLine id="r1l16" custom="readingOrder {index:15;}">
                <Coords points="473,2014 1622,2012 1621,1949 1535,1940 1437,1972 473,1964"/>
                <Baseline points="482,2014 538,2015 595,2015 651,2015 708,2015 764,2015 821,2014 877,2013 934,2012 990,2011 1047,2010 1103,2009 1160,2008 1216,2006 1273,2005 1329,2004 1386,2003 1442,2003 1499,2002 1555,2002 1612,2002"/>
                <TextEquiv>
                    <Unicode>Im Lessingtheater fand Arthur Schnitzlers Komödie</Unicode>
                </TextEquiv>
            </TextLine>
            <TextLine id="r1l17" custom="readingOrder {index:16;}">
                <Coords points="412,2069 1632,2049 1586,2001 1449,1998 411,2039"/>
                <Baseline points="422,2062 482,2061 542,2059 602,2058 662,2056 722,2055 782,2053 842,2052 902,2051 962,2050 1022,2049 1082,2047 1142,2046 1202,2045 1262,2044 1322,2043 1382,2042 1442,2041 1502,2040 1562,2039 1622,2038"/>
                <TextEquiv>
                    <Unicode>„Zwischenspiel“ die bei ihrer Erstaufführung am Sonnabend</Unicode>
                </TextEquiv>
            </TextLine>
            <TextLine id="r1l18" custom="readingOrder {index:17;}">
                <Coords points="401,2094 1361,2098 1623,2087 1623,2052 401,2061"/>
                <Baseline points="411,2105 471,2102 531,2099 591,2097 651,2094 711,2093 771,2091 831,2090 891,2089 951,2088 1012,2087 1072,2087 1132,2086 1192,2085 1252,2085 1312,2084 1372,2083 1432,2082 1492,2081 1552,2080 1613,2079"/>
                <TextEquiv>
                    <Unicode>während zweier Akte lebhaft zu fesseln vermochte, zuletzt infolge der</Unicode>
                </TextEquiv>
            </TextLine>
            <TextLine id="r1l19" custom="readingOrder {index:18;}">
                <Coords points="410,2143 1632,2132 1571,2079 409,2109"/>
                <Baseline points="419,2138 479,2137 539,2136 599,2136 659,2135 719,2134 779,2132 840,2132 900,2130 960,2129 1020,2128 1080,2127 1140,2126 1200,2124 1261,2123 1321,2122 1381,2121 1441,2120 1501,2119 1561,2118 1622,2117"/>
                <TextEquiv>
                    <Unicode>Spitzfindigkeiten des Schlusses nur bestrittenen Beifall. Der sich rein</Unicode>
                </TextEquiv>
            </TextLine>
            <TextLine id="r1l20" custom="readingOrder {index:19;}">
                <Coords points="397,2205 1626,2171 1593,2117 1376,2110 396,2145"/>
                <Baseline points="406,2180 466,2179 527,2177 587,2176 648,2174 708,2173 769,2171 829,2170 890,2169 950,2167 1011,2166 1071,2165 1132,2164 1192,2163 1253,2162 1313,2161 1374,2160 1434,2160 1495,2159 1555,2159 1616,2158"/>
                <TextEquiv>
                    <Unicode>psochologisch ent wickelnde Vorgang des Stückes spielt sich innerhalb</Unicode>
                </TextEquiv>
            </TextLine>
            <TextLine id="r1l21" custom="readingOrder {index:20;}">
                <Coords points="406,2223 1622,2199 1584,2157 1436,2156 405,2191"/>
                <Baseline points="416,2220 475,2219 535,2217 595,2216 655,2214 715,2212 774,2211 834,2209 894,2208 954,2206 1014,2205 1073,2204 1133,2203 1193,2201 1253,2200 1313,2199 1372,2199 1432,2198 1492,2197 1552,2197 1612,2196"/>
                <TextEquiv>
                    <Unicode>einer Künstlerehe im wesentlichen nur zwischen den beiden Gatten ab,</Unicode>
                </TextEquiv>
            </TextLine>
            <TextLine id="r1l22" custom="readingOrder {index:21;}">
                <Coords points="407,2252 1625,2240 1624,2195 407,2228"/>
                <Baseline points="417,2258 480,2257 543,2256 606,2255 669,2254 732,2252 795,2250 858,2249 921,2248 984,2246 1048,2245 1111,2243 1174,2242 1237,2240 1300,2240 1363,2238 1426,2237 1489,2236 1552,2235 1616,2234"/>
                <TextEquiv>
                    <Unicode>deren Verhältnis zu einander sich im Verlaufe der Handlung in</Unicode>
                </TextEquiv>
            </TextLine>
            <TextLine id="r1l23" custom="readingOrder {index:22;}">
                <Coords points="413,2299 1638,2265 1637,2235 1566,2233 412,2263"/>
                <Baseline points="422,2298 482,2296 542,2295 602,2293 663,2292 723,2291 783,2289 844,2288 904,2287 964,2286 1025,2285 1085,2284 1145,2283 1205,2281 1266,2280 1326,2279 1386,2277 1447,2276 1507,2274 1567,2271 1628,2269"/>
                <TextEquiv>
                    <Unicode>sonderbarer am Ausgang nicht mehr überzeugend motivierter</Unicode>
                </TextEquiv>
            </TextLine>
            <TextLine id="r1l24" custom="readingOrder {index:23;}">
                <Coords points="410,2339 1625,2318 1609,2271 410,2307"/>
                <Baseline points="419,2337 478,2335 538,2333 598,2332 658,2330 718,2329 778,2328 837,2327 897,2325 957,2324 1017,2323 1077,2322 1137,2321 1197,2320 1256,2319 1316,2317 1376,2316 1436,2315 1496,2314 1556,2313 1616,2311"/>
                <TextEquiv>
                    <Unicode>Weise verschiebt. Das Ganze kann nicht als eine dramitische</Unicode>
                </TextEquiv>
            </TextLine>
            <TextLine id="r1l25" custom="readingOrder {index:24;}">
                <Coords points="404,2377 1633,2351 1632,2312 403,2338"/>
                <Baseline points="414,2379 474,2377 535,2375 595,2373 656,2371 716,2369 777,2368 837,2367 898,2365 958,2364 1019,2362 1079,2361 1140,2360 1200,2358 1261,2357 1321,2356 1382,2355 1442,2354 1503,2353 1563,2352 1624,2351"/>
                <TextEquiv>
                    <Unicode>Dichtung in höherem Sinne, für ein durch ein Temperament ge¬</Unicode>
                </TextEquiv>
            </TextLine>
            <TextLine id="r1l26" custom="readingOrder {index:25;}">
                <Coords points="1349,2389 1383,2401 1442,2399 1452,2389 1470,2398 1579,2400 1611,2381 1627,2383 1627,2357 1564,2363 1539,2354 1470,2355 1431,2375 1401,2356 1378,2368 1369,2360 1348,2363"/>
                <Baseline points="1359,2393 1385,2393 1411,2393 1437,2394 1463,2394 1489,2395 1515,2394 1541,2394 1567,2392 1593,2390 1619,2386"/>
                <TextEquiv>
                    <Unicode>ein Bühnen¬</Unicode>
                </TextEquiv>
            </TextLine>
            <TextLine id="r1l27" custom="readingOrder {index:26;}">
                <Coords points="1314,2396 1327,2399 1345,2391 1356,2394 1363,2369 1354,2366 1347,2370 1345,2369 1336,2373 1332,2368 1323,2365"/>
                <Baseline points="1325,2389 1346,2395"/>
                <TextEquiv>
                    <Unicode></Unicode>
                </TextEquiv>
            </TextLine>
            <TextLine id="r1l28" custom="readingOrder {index:27;}">
                <Coords points="411,2436 563,2402 1136,2411 1181,2385 1220,2401 1219,2362 409,2381"/>
                <Baseline points="419,2420 458,2418 498,2416 537,2414 577,2413 617,2411 656,2410 696,2409 735,2408 775,2408 815,2407 854,2406 894,2405 933,2404 973,2404 1013,2402 1052,2402 1092,2400 1131,2399 1171,2397 1211,2396"/>
                <TextEquiv>
                    <Unicode>sehenes Stück Leben gelten, vielmehr i</Unicode>
                </TextEquiv>
            </TextLine>
            <TextLine id="r1l29" custom="readingOrder {index:28;}">
                <Coords points="404,2458 1609,2441 1635,2401 404,2424"/>
                <Baseline points="413,2458 473,2455 534,2454 594,2452 655,2450 716,2448 776,2446 837,2445 898,2443 958,2441 1019,2440 1080,2439 1140,2437 1201,2436 1262,2435 1322,2434 1383,2433 1444,2432 1504,2432 1565,2431 1626,2430"/>
                <TextEquiv>
                    <Unicode>rechenexempel, das nach dem alten einfachen Verfahren behandelt, ganz</Unicode>
                </TextEquiv>
            </TextLine>
            <TextLine id="r1l30" custom="readingOrder {index:29;}">
                <Coords points="402,2492 1459,2489 1585,2481 1625,2433 402,2470"/>
                <Baseline points="411,2497 471,2494 531,2492 591,2490 652,2488 712,2486 772,2484 832,2483 893,2482 953,2481 1013,2480 1073,2479 1134,2478 1194,2477 1254,2477 1314,2476 1375,2474 1435,2473 1495,2471 1555,2470 1616,2467"/>
                <TextEquiv>
                    <Unicode>leicht aufgehen müßte, nach der heute beliebten komplizierten Differential¬</Unicode>
                </TextEquiv>
            </TextLine>
            <TextLine id="r1l31" custom="readingOrder {index:30;}">
                <Coords points="415,2531 1646,2519 1645,2488 1402,2469 414,2506"/>
                <Baseline points="425,2536 485,2533 546,2531 606,2529 667,2527 727,2526 788,2524 848,2523 909,2522 969,2521 1030,2520 1091,2520 1151,2519 1212,2517 1272,2516 1333,2514 1393,2513 1454,2511 1514,2508 1575,2506 1636,2503"/>
                <TextEquiv>
                    <Unicode>rechenkunft aber, in die sich allzuleicht ein Fehler einschleicht, einen un¬</Unicode>
                </TextEquiv>
            </TextLine>
            <TextLine id="r1l32" custom="readingOrder {index:31;}">
                <Coords points="1162,2562 1630,2550 1629,2516 1602,2508 1161,2525"/>
                <Baseline points="1171,2552 1197,2553 1223,2553 1250,2554 1276,2553 1303,2553 1329,2552 1355,2551 1382,2550 1408,2549 1435,2548 1461,2547 1487,2547 1514,2546 1540,2546 1567,2545 1593,2546 1620,2546"/>
                <TextEquiv>
                    <Unicode>und schon der Titel läßt</Unicode>
                </TextEquiv>
            </TextLine>
            <TextLine id="r1l33" custom="readingOrder {index:32;}">
                <Coords points="416,2576 580,2562 747,2581 828,2549 857,2574 1005,2570 1164,2554 1163,2531 414,2537"/>
                <Baseline points="425,2573 461,2573 498,2573 534,2572 571,2572 607,2571 644,2570 680,2569 717,2568 753,2567 790,2565 826,2564 863,2563 899,2562 936,2560 972,2559 1009,2558 1045,2556 1082,2555 1118,2554 1155,2553"/>
                <TextEquiv>
                    <Unicode>löslichen Bruch ergibt. Fast scheint es —</Unicode>
                </TextEquiv>
            </TextLine>
            <TextLine id="r1l34" custom="readingOrder {index:33;}">
                <Coords points="419,2620 1642,2600 1641,2549 418,2577"/>
                <Baseline points="428,2614 488,2612 548,2610 608,2608 669,2606 729,2604 789,2603 849,2601 910,2600 970,2598 1030,2597 1090,2596 1151,2595 1211,2593 1271,2592 1331,2591 1392,2590 1452,2589 1512,2588 1572,2587 1633,2586"/>
                <TextEquiv>
                    <Unicode>darauf schließen — als wäre es Schnitzler erst während der Arbeit</Unicode>
                </TextEquiv>
            </TextLine>
            <TextLine id="r1l35" custom="readingOrder {index:34;}">
                <Coords points="421,2652 1637,2629 1636,2593 1570,2585 420,2618"/>
                <Baseline points="430,2654 489,2651 549,2648 609,2646 669,2645 729,2643 789,2642 848,2641 908,2639 968,2638 1028,2638 1088,2637 1148,2636 1208,2635 1267,2634 1327,2632 1387,2631 1447,2629 1507,2626 1567,2624 1627,2621"/>
                <TextEquiv>
                    <Unicode>eingefallen, den natürlichen Schluß der Wiedervereinigung der beiden</Unicode>
                </TextEquiv>
            </TextLine>
            <TextLine id="r1l36" custom="readingOrder {index:35;}">
                <Coords points="426,2694 1567,2679 1642,2666 1641,2627 425,2656"/>
                <Baseline points="434,2692 493,2690 553,2688 613,2686 673,2684 733,2682 793,2681 853,2680 913,2679 973,2678 1033,2677 1092,2676 1152,2675 1212,2675 1272,2673 1332,2672 1392,2671 1452,2669 1512,2667 1572,2665 1632,2662"/>
                <TextEquiv>
                    <Unicode>Ebeleute nach einem Zwischenspiel zeitweiliger Entfremdung, während</Unicode>
                </TextEquiv>
            </TextLine>
            <TextLine id="r1l37" custom="readingOrder {index:36;}">
                <Coords points="414,2727 1635,2722 1633,2668 1470,2664 414,2697"/>
                <Baseline points="423,2731 483,2729 543,2727 603,2725 663,2724 723,2723 783,2721 843,2720 903,2719 963,2718 1024,2717 1084,2716 1144,2714 1204,2713 1264,2712 1324,2710 1384,2708 1444,2706 1504,2704 1564,2702 1625,2699"/>
                <TextEquiv>
                    <Unicode>dessen sie wenigstens als Eltern ihres Kindes und als gleichstrebende</Unicode>
                </TextEquiv>
            </TextLine>
            <TextLine id="r1l38" custom="readingOrder {index:37;}">
                <Coords points="416,2777 1576,2757 1635,2748 1634,2692 414,2727"/>
                <Baseline points="425,2771 485,2769 545,2768 605,2766 665,2765 725,2763 785,2762 845,2761 905,2759 965,2758 1025,2757 1085,2755 1145,2754 1205,2753 1265,2751 1325,2750 1385,2749 1445,2747 1505,2746 1565,2744 1626,2742"/>
                <TextEquiv>
                    <Unicode>Künstler freundschaftlich zusamme halten, zu verwerfen und sie</Unicode>
                </TextEquiv>
            </TextLine>
            <TextLine id="r1l39" custom="readingOrder {index:38;}">
                <Coords points="417,2809 1495,2803 1615,2791 1640,2753 416,2777"/>
                <Baseline points="427,2810 487,2809 547,2808 607,2806 668,2805 728,2803 788,2802 848,2801 909,2799 969,2797 1029,2796 1089,2794 1150,2793 1210,2791 1270,2790 1330,2789 1391,2787 1451,2785 1511,2784 1571,2783 1632,2781"/>
                <TextEquiv>
                    <Unicode>schließlich just in dem Augenblick für immer auseinandergehen zu</Unicode>
                </TextEquiv>
            </TextLine>
            <TextLine id="r1l40" custom="readingOrder {index:39;}">
                <Coords points="424,2858 1556,2834 1645,2797 423,2809"/>
                <Baseline points="433,2847 493,2846 553,2845 613,2843 673,2842 733,2841 793,2840 853,2839 913,2838 973,2837 1034,2836 1094,2835 1154,2833 1214,2832 1274,2830 1334,2829 1394,2827 1454,2825 1514,2823 1574,2820 1635,2817"/>
                <TextEquiv>
                    <Unicode>lassen, in dem sie sich eigentlich wiedergefunden haben.</Unicode>
                </TextEquiv>
            </TextLine>
            <TextLine id="r1l41" custom="readingOrder {index:40;}">
                <Coords points="418,2897 1642,2862 1626,2813 418,2862"/>
                <Baseline points="427,2886 487,2885 547,2883 607,2882 668,2881 728,2880 788,2878 848,2877 909,2876 969,2874 1029,2873 1089,2872 1150,2871 1210,2869 1270,2868 1330,2866 1391,2865 1451,2863 1511,2861 1571,2859 1632,2858"/>
                <TextEquiv>
                    <Unicode>Von der unerbittlichen Logik, mit der das Noraproblem Ibsens durch¬</Unicode>
                </TextEquiv>
            </TextLine>
            <TextLine id="r1l42" custom="readingOrder {index:41;}">
                <Coords points="422,2932 1643,2896 1631,2860 421,2896"/>
                <Baseline points="431,2927 491,2926 551,2925 611,2924 671,2923 731,2921 791,2920 852,2919 912,2917 972,2916 1032,2914 1092,2913 1152,2911 1212,2909 1273,2908 1333,2906 1393,2904 1453,2903 1513,2901 1573,2899 1634,2898"/>
                <TextEquiv>
                    <Unicode>geführt wird, ist hier nicht die Rede; hier hat man vielmehr die</Unicode>
                </TextEquiv>
            </TextLine>
            <TextLine id="r1l43" custom="readingOrder {index:42;}">
                <Coords points="432,2974 1619,2950 1659,2906 431,2934"/>
                <Baseline points="442,2964 502,2963 562,2962 623,2961 683,2960 744,2959 804,2958 864,2956 925,2955 985,2953 1046,2952 1106,2951 1166,2949 1227,2947 1287,2946 1348,2944 1408,2943 1468,2941 1529,2940 1589,2938 1650,2937"/>
                <TextEquiv>
                    <Unicode>Empfindung, als hätten nur Laune und die Scheu, den als unmodern</Unicode>
                </TextEquiv>
            </TextLine>
            <TextLine id="r1l44" custom="readingOrder {index:43;}">
                <Coords points="426,3014 1655,2972 1311,2937 425,2976"/>
                <Baseline points="434,3004 494,3002 555,3001 615,3000 676,2998 736,2997 797,2995 857,2994 918,2993 978,2991 1039,2990 1100,2989 1160,2988 1221,2986 1281,2985 1342,2984 1402,2983 1463,2982 1523,2980 1584,2979 1645,2977"/>
                <TextEquiv>
                    <Unicode>verschrienen versöhnlichen Schluß, nach dem alles hindrängt, eintreten</Unicode>
                </TextEquiv>
            </TextLine>
            <TextLine id="r1l45" custom="readingOrder {index:44;}">
                <Coords points="427,3047 1651,3020 1650,2982 1599,2980 427,3013"/>
                <Baseline points="437,3047 497,3045 557,3042 617,3040 678,3039 738,3037 798,3036 858,3035 919,3033 979,3032 1039,3031 1099,3029 1160,3028 1220,3027 1280,3026 1340,3024 1401,3022 1461,3021 1521,3020 1581,3018 1642,3016"/>
                <TextEquiv>
                    <Unicode>zu lassen, dem Verfasser die Feder geführt. Von dieser durch die</Unicode>
                </TextEquiv>
            </TextLine>
            <TextLine id="r1l46" custom="readingOrder {index:45;}">
                <Coords points="425,3089 1654,3066 1617,3024 1447,3017 423,3042"/>
                <Baseline points="433,3082 493,3082 554,3081 614,3079 675,3078 736,3077 796,3075 857,3074 917,3072 978,3070 1039,3068 1099,3067 1160,3065 1220,3063 1281,3062 1342,3060 1402,3059 1463,3058 1523,3057 1584,3056 1645,3056"/>
                <TextEquiv>
                    <Unicode>Anlage der Gesamtkomposition durchaus nicht bedingten Enddissonanz</Unicode>
                </TextEquiv>
            </TextLine>
            <TextLine id="r1l47" custom="readingOrder {index:46;}">
                <Coords points="428,3124 1654,3097 1583,3059 428,3094"/>
                <Baseline points="438,3126 498,3124 558,3122 618,3121 679,3119 739,3116 799,3115 860,3113 920,3111 980,3109 1041,3108 1101,3106 1161,3104 1221,3103 1282,3102 1342,3101 1402,3099 1463,3098 1523,3098 1583,3097 1644,3097"/>
                <TextEquiv>
                    <Unicode>abgesehen, hat aber das Stück mit seinem gut geführten, geistvollen</Unicode>
                </TextEquiv>
            </TextLine>
            <TextLine id="r1l48" custom="readingOrder {index:47;}">
                <Coords points="429,3164 1653,3146 1652,3094 429,3125"/>
                <Baseline points="439,3163 499,3162 559,3160 619,3159 680,3157 740,3156 800,3154 860,3152 921,3151 981,3149 1041,3147 1101,3146 1162,3144 1222,3142 1282,3141 1342,3140 1403,3138 1463,3137 1523,3136 1583,3136 1644,3135"/>
                <TextEquiv>
                    <Unicode>Dialog den großen Vorzug, auch ohne viel äußeres Geschehen nirgends</Unicode>
                </TextEquiv>
            </TextLine>
            <TextLine id="r1l49" custom="readingOrder {index:48;}">
                <Coords points="427,3197 1656,3158 426,3175"/>
                <Baseline points="436,3204 496,3202 557,3200 617,3199 678,3197 738,3195 799,3194 859,3192 920,3190 980,3188 1041,3187 1102,3185 1162,3183 1223,3182 1283,3180 1344,3179 1404,3177 1465,3176 1525,3174 1586,3173 1647,3172"/>
                <TextEquiv>
                    <Unicode>langweilig zu sein. Der Kapellmeister Amadeus ist eine in vielen</Unicode>
                </TextEquiv>
            </TextLine>
            <TextLine id="r1l50" custom="readingOrder {index:49;}">
                <Coords points="427,3226 1346,3236 1649,3215 1648,3166 426,3197"/>
                <Baseline points="436,3243 496,3241 556,3240 616,3237 676,3236 736,3234 796,3233 857,3231 917,3229 977,3228 1037,3227 1097,3225 1157,3224 1217,3222 1278,3221 1338,3219 1398,3218 1458,3216 1518,3215 1578,3213 1639,3211"/>
                <TextEquiv>
                    <Unicode>Zügen gut brobachtete, ohne verzerrende Linien gezeichnete moderne</Unicode>
                </TextEquiv>
            </TextLine>
            <TextLine id="r1l51" custom="readingOrder {index:50;}">
                <Coords points="432,3280 1555,3269 1651,3243 1650,3211 430,3230"/>
                <Baseline points="441,3282 501,3281 561,3279 621,3278 681,3277 741,3275 801,3273 861,3272 921,3270 981,3268 1042,3267 1102,3265 1162,3263 1222,3261 1282,3259 1342,3257 1402,3255 1462,3253 1522,3252 1582,3250 1643,3249"/>
                <TextEquiv>
                    <Unicode>Musikerfigur, und seine Frau Caecilie der fein individualisierte</Unicode>
                </TextEquiv>
            </TextLine>
            <TextLine id="r1l52" custom="readingOrder {index:51;}">
                <Coords points="439,3324 1642,3299 1641,3262 1580,3254 438,3283"/>
                <Baseline points="447,3321 506,3320 565,3318 624,3316 684,3314 743,3312 802,3311 861,3309 921,3308 980,3307 1039,3306 1098,3305 1158,3303 1217,3302 1276,3300 1335,3299 1395,3297 1454,3295 1513,3293 1572,3291 1632,3289"/>
                <TextEquiv>
                    <Unicode>Typus der neuzeitlichen, gebildeten, vornehmen Bühnenkünstlerin, die</Unicode>
                </TextEquiv>
            </TextLine>
            <TextLine id="r1l53" custom="readingOrder {index:52;}">
                <Coords points="430,3362 1648,3330 1647,3289 430,3328"/>
                <Baseline points="439,3359 502,3358 565,3357 628,3355 691,3354 754,3352 817,3351 880,3349 943,3348 1006,3346 1070,3344 1133,3343 1196,3341 1259,3339 1322,3338 1385,3335 1448,3334 1511,3332 1574,3330 1638,3328"/>
                <TextEquiv>
                    <Unicode>Kunst und Leben gleich ernst nimmt. Die anderen Personen sind</Unicode>
                </TextEquiv>
            </TextLine>
            <TextLine id="r1l54" custom="readingOrder {index:53;}">
                <Coords points="437,3401 1617,3382 1660,3371 1659,3322 436,3366"/>
                <Baseline points="446,3400 506,3398 566,3396 626,3394 687,3393 747,3391 807,3390 867,3388 928,3386 988,3385 1048,3383 1108,3381 1169,3380 1229,3379 1289,3377 1349,3376 1410,3374 1470,3372 1530,3371 1590,3370 1651,3368"/>
                <TextEquiv>
                    <Unicode>mehr skizienhaft umrissene Episodengestalten, unter denen die eines</Unicode>
                </TextEquiv>
            </TextLine>
            <TextLine id="r1l55" custom="readingOrder {index:54;}">
                <Coords points="436,3446 1498,3426 1658,3379 434,3401"/>
                <Baseline points="445,3439 505,3437 565,3434 625,3432 686,3430 746,3428 806,3427 866,3425 927,3424 987,3423 1047,3421 1107,3421 1168,3419 1228,3418 1288,3416 1348,3415 1409,3413 1469,3411 1529,3409 1589,3406 1650,3404"/>
                <TextEquiv>
                    <Unicode>dem Ehepaar befreundeten Schriftstellers, der den Konflikt in be¬</Unicode>
                </TextEquiv>
            </TextLine>
            <TextLine id="r1l56" custom="readingOrder {index:55;}">
                <Coords points="439,3484 1661,3438 1632,3407 438,3443"/>
                <Baseline points="448,3478 508,3476 568,3474 628,3472 688,3470 749,3469 809,3467 869,3466 929,3464 989,3463 1050,3461 1110,3460 1170,3459 1230,3457 1290,3456 1351,3454 1411,3453 1471,3451 1531,3450 1591,3448 1652,3446"/>
                <TextEquiv>
                    <Unicode>lustigender Weise vom Standpunkt des Dramatikers, der ihn für die</Unicode>
                </TextEquiv>
            </TextLine>
            <TextLine id="r1l57" custom="readingOrder {index:56;}">
                <Coords points="427,3519 1666,3498 1629,3452 1436,3449 427,3489"/>
                <Baseline points="437,3514 501,3513 565,3511 629,3510 693,3509 757,3508 821,3507 886,3505 950,3504 1014,3503 1078,3501 1142,3499 1206,3498 1271,3497 1335,3495 1399,3493 1463,3492 1527,3490 1591,3488 1656,3486"/>
                <TextEquiv>
                    <Unicode>Bühne zu behandeln hätte, glossiert, recht glücklich erfunden und ge¬</Unicode>
                </TextEquiv>
            </TextLine>
            <TextLine id="r1l58" custom="readingOrder {index:57;}">
                <Coords points="429,3554 1656,3518 1637,3484 428,3519"/>
                <Baseline points="439,3554 499,3553 559,3551 620,3550 680,3548 740,3547 801,3545 861,3544 921,3543 982,3542 1042,3541 1102,3540 1163,3538 1223,3537 1283,3536 1344,3534 1404,3533 1464,3531 1525,3529 1585,3528 1646,3526"/>
                <TextEquiv>
                    <Unicode>wissermaßen als ironisches Eigenbildnis des Verfassers zu betrachten</Unicode>
                </TextEquiv>
            </TextLine>
            <TextLine id="r1l59" custom="readingOrder {index:58;}">
                <Coords points="434,3593 1669,3573 1668,3509 434,3552"/>
                <Baseline points="444,3591 504,3591 565,3590 626,3589 687,3588 748,3587 808,3586 869,3585 930,3583 991,3582 1052,3581 1112,3579 1173,3578 1234,3576 1295,3575 1356,3573 1416,3572 1477,3570 1538,3568 1599,3566 1660,3565"/>
                <TextEquiv>
                    <Unicode>ist. Der Wirkung der Komödie kam die vortreffliche Darstellung der“</Unicode>
                </TextEquiv>
            </TextLine>
            <TextLine id="r1l60" custom="readingOrder {index:59;}">
                <Coords points="440,3648 1671,3612 1670,3574 1582,3567 439,3599"/>
                <Baseline points="450,3631 510,3630 571,3628 631,3627 692,3626 753,3625 813,3624 874,3622 934,3621 995,3620 1056,3618 1116,3617 1177,3616 1237,3615 1298,3613 1359,3612 1419,3610 1480,3609 1540,3607 1601,3606 1662,3605"/>
                <TextEquiv>
                    <Unicode>beiden Hauptrollen durch Albert Bassermann und Irene Triesch nicht</Unicode>
                </TextEquiv>
            </TextLine>
            <TextLine id="r1l61" custom="readingOrder {index:60;}">
                <Coords points="445,3677 1616,3657 1660,3609 444,3643"/>
                <Baseline points="454,3671 513,3670 573,3669 633,3668 693,3666 753,3664 813,3663 872,3661 932,3660 992,3658 1052,3656 1112,3654 1172,3653 1232,3651 1291,3650 1351,3649 1411,3648 1471,3647 1531,3647 1591,3647 1651,3647"/>
                <TextEquiv>
                    <Unicode>unwesentlich zu statten. Sehr interessant charakterisierte Reicher den</Unicode>
                </TextEquiv>
            </TextLine>
            <TextLine id="r1l62" custom="readingOrder {index:61;}">
                <Coords points="446,3706 1664,3676 1176,3648 445,3677"/>
                <Baseline points="456,3708 515,3709 575,3710 635,3710 695,3709 755,3708 815,3707 875,3705 935,3703 995,3701 1055,3699 1114,3696 1174,3694 1234,3692 1294,3690 1354,3688 1414,3686 1474,3685 1534,3684 1594,3684 1654,3684"/>
                <TextEquiv>
                    <Unicode>Schriftsteller. Frau Pauly und Herr Grunewald vervollständigten</Unicode>
                </TextEquiv>
            </TextLine>
            <TextLine id="r1l63" custom="readingOrder {index:62;}">
                <Coords points="440,3763 1676,3741 1675,3683 439,3720"/>
                <Baseline points="448,3748 508,3747 569,3746 630,3745 691,3745 752,3743 813,3742 874,3741 935,3740 996,3738 1057,3737 1117,3735 1178,3734 1239,3732 1300,3730 1361,3729 1422,3727 1483,3725 1544,3723 1605,3721 1666,3719"/>
                <TextEquiv>
                    <Unicode>in kleineren Aufgaben unaufdringlich das feinabgestimmte Zusammen¬</Unicode>
                </TextEquiv>
            </TextLine>
            <TextLine id="r1l64" custom="readingOrder {index:63;}">
                <Coords points="441,3822 452,3822 461,3812 473,3818 500,3796 506,3800 528,3796 547,3801 561,3789 572,3788 571,3768 558,3768 529,3751 516,3754 504,3745 490,3756 460,3752 449,3764 438,3764"/>
                <Baseline points="449,3795 477,3793 506,3791 534,3789 563,3789"/>
                <TextEquiv>
                    <Unicode>spiel.</Unicode>
                </TextEquiv>
            </TextLine>
            <TextLine id="r1l65" custom="readingOrder {index:64;}">
                <Coords points="800,3816 867,3811 886,3830 977,3804 1122,3824 1191,3806 1264,3819 1292,3803 1292,3775 1235,3757 1183,3771 1155,3760 1136,3775 1102,3745 1003,3784 799,3769"/>
                <Baseline points="809,3808 835,3808 861,3808 888,3808 914,3808 940,3808 967,3808 993,3808 1019,3808 1046,3807 1072,3807 1098,3807 1125,3807 1151,3806 1177,3806 1204,3805 1230,3805 1256,3804 1283,3802"/>
                <TextEquiv>
                    <Unicode>g Mtestend.</Unicode>
                </TextEquiv>
            </TextLine>
            <TextEquiv>
                <Unicode>20. Zwischenspiel box 25/2
Telephon 12801.

„OBSERVER‘
 I. österr. behördl. konz. Unternehmen für Zeitungs-Aussohnitte
Wien, I., Concordiaplatz 4.
Vertretungen
in Berlin, Budapest, Chicago, Christiania, Genf, Kopenhagen,
London, Madrid, Mailand, Minneapolis, New-York, Paris, Rom,
San Francisco, Stockholm, St. Petersburg.
(Qualienapgp## ehne Sewuhr.)
Ausachnitt anscan dedlaoc
Scl
vom
Lessingtheater.
Im Lessingtheater fand Arthur Schnitzlers Komödie
„Zwischenspiel“ die bei ihrer Erstaufführung am Sonnabend
während zweier Akte lebhaft zu fesseln vermochte, zuletzt infolge der
Spitzfindigkeiten des Schlusses nur bestrittenen Beifall. Der sich rein
psochologisch ent wickelnde Vorgang des Stückes spielt sich innerhalb
einer Künstlerehe im wesentlichen nur zwischen den beiden Gatten ab,
deren Verhältnis zu einander sich im Verlaufe der Handlung in
sonderbarer am Ausgang nicht mehr überzeugend motivierter
Weise verschiebt. Das Ganze kann nicht als eine dramitische
Dichtung in höherem Sinne, für ein durch ein Temperament ge¬
ein Bühnen¬

sehenes Stück Leben gelten, vielmehr i
rechenexempel, das nach dem alten einfachen Verfahren behandelt, ganz
leicht aufgehen müßte, nach der heute beliebten komplizierten Differential¬
rechenkunft aber, in die sich allzuleicht ein Fehler einschleicht, einen un¬
und schon der Titel läßt
löslichen Bruch ergibt. Fast scheint es —
darauf schließen — als wäre es Schnitzler erst während der Arbeit
eingefallen, den natürlichen Schluß der Wiedervereinigung der beiden
Ebeleute nach einem Zwischenspiel zeitweiliger Entfremdung, während
dessen sie wenigstens als Eltern ihres Kindes und als gleichstrebende
Künstler freundschaftlich zusamme halten, zu verwerfen und sie
schließlich just in dem Augenblick für immer auseinandergehen zu
lassen, in dem sie sich eigentlich wiedergefunden haben.
Von der unerbittlichen Logik, mit der das Noraproblem Ibsens durch¬
geführt wird, ist hier nicht die Rede; hier hat man vielmehr die
Empfindung, als hätten nur Laune und die Scheu, den als unmodern
verschrienen versöhnlichen Schluß, nach dem alles hindrängt, eintreten
zu lassen, dem Verfasser die Feder geführt. Von dieser durch die
Anlage der Gesamtkomposition durchaus nicht bedingten Enddissonanz
abgesehen, hat aber das Stück mit seinem gut geführten, geistvollen
Dialog den großen Vorzug, auch ohne viel äußeres Geschehen nirgends
langweilig zu sein. Der Kapellmeister Amadeus ist eine in vielen
Zügen gut brobachtete, ohne verzerrende Linien gezeichnete moderne
Musikerfigur, und seine Frau Caecilie der fein individualisierte
Typus der neuzeitlichen, gebildeten, vornehmen Bühnenkünstlerin, die
Kunst und Leben gleich ernst nimmt. Die anderen Personen sind
mehr skizienhaft umrissene Episodengestalten, unter denen die eines
dem Ehepaar befreundeten Schriftstellers, der den Konflikt in be¬
lustigender Weise vom Standpunkt des Dramatikers, der ihn für die
Bühne zu behandeln hätte, glossiert, recht glücklich erfunden und ge¬
wissermaßen als ironisches Eigenbildnis des Verfassers zu betrachten
ist. Der Wirkung der Komödie kam die vortreffliche Darstellung der“
beiden Hauptrollen durch Albert Bassermann und Irene Triesch nicht
unwesentlich zu statten. Sehr interessant charakterisierte Reicher den
Schriftsteller. Frau Pauly und Herr Grunewald vervollständigten
in kleineren Aufgaben unaufdringlich das feinabgestimmte Zusammen¬
spiel.
g Mtestend.</Unicode>
            </TextEquiv>
        </TextRegion>
        <TextRegion orientation="0.0" id="r2" custom="readingOrder {index:1;}">
            <Coords points="1861,878 1861,3751 3060,3751 3060,878"/>
            <TextLine id="r2l1" custom="readingOrder {index:0;}">
                <Coords points="2664,919 3030,933 3033,864 3011,853 2991,868 2881,874 2842,852 2765,872 2737,852 2666,855"/>
                <Baseline points="2674,898 2700,899 2727,899 2754,900 2781,901 2807,902 2834,903 2861,904 2888,906 2914,906 2941,907 2968,908 2995,908 3022,907"/>
                <TextEquiv>
                    <Unicode>Telephon 12801.</Unicode>
                </TextEquiv>
            </TextLine>
            <TextLine id="r2l2" custom="readingOrder {index:1;}">
                <Coords points="2744,1011 2755,1011 2765,1020 2776,1019 2792,1001 2805,1006 2811,1002 2837,1012 2853,996 2863,1001 2880,998 2877,953 2829,960 2812,951 2795,962 2778,955 2767,958 2741,953"/>
                <Baseline points="2752,1006 2781,1002 2811,1000 2841,999 2871,999"/>
                <TextEquiv>
                    <Unicode>51</Unicode>
                </TextEquiv>
            </TextLine>
            <TextLine id="r2l3" custom="readingOrder {index:2;}">
                <Coords points="2124,1036 2843,1061 2843,1010 2770,1021 2701,984 2645,1004 2619,980 2579,1007 2544,979 2441,1015 2396,977 2372,998 2209,975 2125,1006"/>
                <Baseline points="2133,1040 2168,1038 2203,1037 2238,1036 2273,1035 2308,1035 2343,1035 2378,1035 2413,1035 2448,1035 2483,1035 2518,1036 2553,1037 2588,1037 2623,1038 2658,1039 2693,1040 2728,1042 2763,1043 2798,1044 2834,1045"/>
                <TextEquiv>
                    <Unicode>„UBSERVEN</Unicode>
                </TextEquiv>
            </TextLine>
            <TextLine id="r2l4" custom="readingOrder {index:3;}">
                <Coords points="1948,1101 2840,1103 3031,1135 3032,1054 1948,1061"/>
                <Baseline points="1957,1088 2010,1087 2063,1087 2116,1087 2170,1087 2223,1088 2276,1089 2330,1090 2383,1092 2436,1093 2490,1094 2543,1096 2596,1097 2649,1098 2703,1100 2756,1100 2809,1101 2863,1101 2916,1101 2969,1101 3023,1100"/>
                <TextEquiv>
                    <Unicode> I. österr. behördl. konz. Unternehmen für Zeitungs-Ausschnitte</Unicode>
                </TextEquiv>
            </TextLine>
            <TextLine id="r2l5" custom="readingOrder {index:4;}">
                <Coords points="2138,1162 2437,1185 2554,1167 2658,1190 2868,1173 2869,1124 2849,1120 2418,1104 2371,1124 2329,1104 2259,1122 2237,1101 2140,1100"/>
                <Baseline points="2148,1150 2183,1151 2219,1152 2254,1153 2290,1154 2325,1155 2361,1155 2396,1157 2432,1157 2467,1158 2503,1159 2538,1160 2574,1161 2609,1162 2645,1162 2680,1163 2716,1163 2751,1163 2787,1163 2822,1163 2858,1163"/>
                <TextEquiv>
                    <Unicode>Wien, I., Concordiaplatz 4.</Unicode>
                </TextEquiv>
            </TextLine>
            <TextLine id="r2l6" custom="readingOrder {index:5;}">
                <Coords points="2352,1215 2391,1218 2406,1230 2445,1221 2481,1232 2524,1221 2552,1231 2602,1222 2627,1232 2651,1221 2670,1229 2671,1190 2533,1173 2440,1187 2398,1181 2387,1169 2352,1187"/>
                <Baseline points="2361,1212 2388,1210 2415,1210 2442,1210 2469,1210 2496,1211 2524,1212 2551,1213 2578,1214 2605,1215 2632,1217 2660,1217"/>
                <TextEquiv>
                    <Unicode>Vertretungen</Unicode>
                </TextEquiv>
            </TextLine>
            <TextLine id="r2l7" custom="readingOrder {index:6;}">
                <Coords points="1953,1260 3042,1288 3042,1242 2979,1216 1953,1211"/>
                <Baseline points="1962,1257 2015,1257 2069,1257 2122,1257 2176,1257 2229,1258 2283,1259 2336,1259 2390,1260 2443,1262 2497,1262 2550,1263 2604,1264 2657,1265 2711,1266 2764,1267 2818,1267 2871,1267 2925,1267 2978,1267 3032,1267"/>
                <TextEquiv>
                    <Unicode>in Berlin, Budapest, Chics go, Christiania, Genf, Kopenhagen,</Unicode>
                </TextEquiv>
            </TextLine>
            <TextLine id="r2l8" custom="readingOrder {index:7;}">
                <Coords points="1950,1299 3041,1325 3000,1275 1951,1260"/>
                <Baseline points="1960,1296 2013,1296 2067,1296 2120,1296 2174,1297 2228,1297 2281,1298 2335,1298 2388,1299 2442,1300 2496,1301 2549,1302 2603,1302 2656,1303 2710,1304 2764,1305 2817,1306 2871,1306 2924,1307 2978,1307 3032,1308"/>
                <TextEquiv>
                    <Unicode>London, Madrid, Mailand, Minneapolis, New-York, Paris, Rom,</Unicode>
                </TextEquiv>
            </TextLine>
            <TextLine id="r2l9" custom="readingOrder {index:8;}">
                <Coords points="2117,1349 2909,1347 2842,1311 2118,1302"/>
                <Baseline points="2126,1331 2164,1332 2203,1333 2242,1333 2280,1334 2319,1335 2358,1336 2396,1336 2435,1338 2474,1339 2513,1339 2551,1341 2590,1342 2629,1343 2667,1344 2706,1346 2745,1347 2783,1349 2822,1350 2861,1351 2900,1353"/>
                <TextEquiv>
                    <Unicode>San Francisco, Stockholm, St. Petersburg.</Unicode>
                </TextEquiv>
            </TextLine>
            <TextLine id="r2l10" custom="readingOrder {index:9;}">
                <Coords points="2300,1406 2338,1390 2373,1394 2389,1379 2665,1399 2716,1378 2717,1353 2301,1348"/>
                <Baseline points="2310,1373 2336,1375 2362,1376 2389,1377 2415,1378 2442,1378 2468,1378 2495,1378 2521,1377 2548,1377 2574,1378 2601,1378 2627,1379 2654,1380 2680,1383 2707,1386"/>
                <TextEquiv>
                    <Unicode>(Quellenangabe ohne Gewähr.)</Unicode>
                </TextEquiv>
            </TextLine>
            <TextLine id="r2l11" custom="readingOrder {index:10;}">
                <Coords points="1961,1460 2718,1493 2986,1463 2987,1415 1962,1411"/>
                <Baseline points="1971,1456 2021,1455 2071,1454 2122,1454 2172,1454 2222,1455 2273,1457 2323,1458 2373,1461 2424,1462 2474,1464 2524,1466 2575,1467 2625,1468 2675,1469 2726,1469 2776,1468 2826,1467 2877,1465 2927,1461 2978,1457"/>
                <TextEquiv>
                    <Unicode>Ausschntt am Mene Wease</Unicode>
                </TextEquiv>
            </TextLine>
            <TextLine id="r2l12" custom="readingOrder {index:11;}">
                <Coords points="1954,1541 2000,1562 2096,1564 2124,1549 2231,1565 2257,1556 2258,1498 2192,1495 2177,1510 2153,1495 2125,1511 2081,1511 2059,1528 2023,1520 2005,1503 1954,1508"/>
                <Baseline points="1964,1552 1989,1555 2015,1559 2041,1560 2067,1560 2093,1560 2118,1560 2144,1559 2170,1559 2196,1559 2222,1559 2248,1560"/>
                <TextEquiv>
                    <Unicode>%</Unicode>
                </TextEquiv>
            </TextLine>
            <TextLine id="r2l13" custom="readingOrder {index:12;}">
                <Coords points="2261,1600 3015,1598 3069,1589 3069,1536 2975,1514 2916,1547 2809,1516 2571,1540 2549,1519 2431,1567 2261,1538"/>
                <Baseline points="2271,1578 2310,1581 2349,1584 2389,1586 2428,1587 2468,1588 2507,1588 2547,1588 2586,1588 2626,1588 2665,1587 2704,1586 2744,1585 2783,1584 2823,1583 2862,1582 2902,1581 2941,1580 2981,1580 3020,1579 3060,1579"/>
                <TextEquiv>
                    <Unicode>G</Unicode>
                </TextEquiv>
            </TextLine>
            <TextLine id="r2l14" custom="readingOrder {index:13;}">
                <Coords points="1924,1659 3030,1680 3030,1628 2235,1644 2145,1601 1925,1610"/>
                <Baseline points="1934,1657 1988,1660 2042,1664 2096,1666 2151,1668 2205,1670 2259,1671 2314,1673 2368,1674 2422,1674 2477,1675 2531,1675 2585,1675 2639,1675 2694,1675 2748,1675 2802,1674 2857,1674 2911,1673 2965,1673 3020,1672"/>
                <TextEquiv>
                    <Unicode>= Berliner Theater. Man schreibt uns aus Berlin unterm</Unicode>
                </TextEquiv>
            </TextLine>
            <TextLine id="r2l15" custom="readingOrder {index:14;}">
                <Coords points="1876,1706 2999,1723 3024,1678 1877,1662"/>
                <Baseline points="1885,1701 1941,1703 1997,1705 2054,1706 2110,1707 2167,1709 2223,1710 2279,1712 2336,1712 2392,1713 2449,1714 2505,1715 2561,1715 2618,1715 2674,1716 2731,1715 2787,1715 2843,1714 2900,1714 2956,1713 3013,1712"/>
                <TextEquiv>
                    <Unicode>25. d. M.: Im Lessing = Theater ging heute eine Ko¬</Unicode>
                </TextEquiv>
            </TextLine>
            <TextLine id="r2l16" custom="readingOrder {index:15;}">
                <Coords points="1883,1750 3030,1751 3030,1715 1883,1705"/>
                <Baseline points="1893,1742 1949,1743 2005,1744 2062,1745 2118,1747 2175,1748 2231,1749 2287,1750 2344,1751 2400,1752 2457,1752 2513,1753 2569,1753 2626,1753 2682,1753 2739,1753 2795,1752 2851,1752 2908,1751 2964,1749 3021,1748"/>
                <TextEquiv>
                    <Unicode>mödie in drei Akten von Arthur Schnitzler „Zwi¬</Unicode>
                </TextEquiv>
            </TextLine>
            <TextLine id="r2l17" custom="readingOrder {index:16;}">
                <Coords points="1888,1790 2962,1803 3037,1790 3037,1740 2889,1772 1888,1751"/>
                <Baseline points="1897,1783 1953,1783 2010,1784 2066,1784 2123,1785 2179,1786 2236,1787 2292,1788 2349,1789 2405,1790 2462,1791 2518,1792 2575,1793 2631,1793 2688,1793 2744,1793 2801,1793 2857,1792 2914,1791 2970,1789 3027,1787"/>
                <TextEquiv>
                    <Unicode>schenspiel“ in Szene und fand in den ersten Akten unge¬</Unicode>
                </TextEquiv>
            </TextLine>
            <TextLine id="r2l18" custom="readingOrder {index:17;}">
                <Coords points="1878,1817 3009,1845 3029,1795 1878,1793"/>
                <Baseline points="1887,1820 1943,1821 2000,1822 2056,1823 2113,1824 2170,1825 2226,1826 2283,1827 2339,1828 2396,1829 2453,1829 2509,1830 2566,1830 2622,1831 2679,1831 2736,1831 2792,1831 2849,1831 2905,1831 2962,1831 3019,1830"/>
                <TextEquiv>
                    <Unicode>teilten, nach dem Schlusse des Stückes mit leiser Opposition</Unicode>
                </TextEquiv>
            </TextLine>
            <TextLine id="r2l19" custom="readingOrder {index:18;}">
                <Coords points="1876,1872 2999,1880 3022,1833 1877,1824"/>
                <Baseline points="1886,1858 1942,1860 1998,1861 2054,1862 2111,1863 2167,1864 2223,1865 2280,1866 2336,1867 2392,1868 2449,1869 2505,1869 2561,1870 2617,1870 2674,1870 2730,1870 2786,1870 2843,1869 2899,1868 2955,1867 3012,1866"/>
                <TextEquiv>
                    <Unicode>kämpfenden Beifall. Freilich ging überhaupt auch nach den</Unicode>
                </TextEquiv>
            </TextLine>
            <TextLine id="r2l20" custom="readingOrder {index:19;}">
                <Coords points="1880,1911 2866,1922 3029,1906 3029,1872 1880,1874"/>
                <Baseline points="1889,1898 1945,1898 2002,1899 2058,1900 2115,1900 2171,1901 2228,1902 2284,1903 2341,1904 2397,1905 2454,1905 2510,1906 2567,1907 2623,1907 2680,1907 2736,1907 2793,1907 2849,1907 2906,1906 2962,1906 3019,1904"/>
                <TextEquiv>
                    <Unicode>ersten Akten der Beifall wohl nicht von jener entschiedenen Er¬</Unicode>
                </TextEquiv>
            </TextLine>
            <TextLine id="r2l21" custom="readingOrder {index:20;}">
                <Coords points="1871,1935 3018,1951 2983,1909 1871,1905"/>
                <Baseline points="1881,1940 1937,1940 1993,1940 2050,1940 2106,1940 2163,1941 2219,1941 2275,1942 2332,1942 2388,1943 2445,1943 2501,1944 2557,1944 2614,1945 2670,1945 2727,1945 2783,1945 2839,1945 2896,1945 2952,1945 3009,1944"/>
                <TextEquiv>
                    <Unicode>regung aus, die eine starke dramatische Wirkung ganz unwill¬</Unicode>
                </TextEquiv>
            </TextLine>
            <TextLine id="r2l22" custom="readingOrder {index:21;}">
                <Coords points="1874,1975 3025,1997 2988,1946 1874,1939"/>
                <Baseline points="1883,1978 1939,1978 1996,1978 2052,1979 2109,1979 2166,1980 2222,1980 2279,1981 2335,1981 2392,1981 2449,1982 2505,1982 2562,1983 2618,1983 2675,1983 2732,1983 2788,1984 2845,1984 2901,1984 2958,1984 3015,1984"/>
                <TextEquiv>
                    <Unicode>kürlich hervorruft, nein, es war eher das Salutieren des</Unicode>
                </TextEquiv>
            </TextLine>
            <TextLine id="r2l23" custom="readingOrder {index:22;}">
                <Coords points="1870,2011 3022,2031 3022,1997 2904,1984 1870,1994"/>
                <Baseline points="1879,2015 1935,2016 1992,2016 2048,2017 2105,2018 2162,2019 2218,2019 2275,2020 2332,2020 2388,2021 2445,2021 2502,2021 2558,2021 2615,2021 2672,2022 2728,2021 2785,2021 2842,2021 2898,2021 2955,2020 3012,2020"/>
                <TextEquiv>
                    <Unicode>Publikums vor dem feinen Kopfe eines Seelenmalers, der</Unicode>
                </TextEquiv>
            </TextLine>
            <TextLine id="r2l24" custom="readingOrder {index:23;}">
                <Coords points="1873,2053 3026,2069 3004,2024 1873,2012"/>
                <Baseline points="1883,2052 1939,2054 1996,2055 2053,2056 2109,2056 2166,2057 2223,2058 2279,2059 2336,2059 2393,2060 2450,2060 2506,2060 2563,2061 2620,2061 2676,2061 2733,2061 2790,2061 2846,2061 2903,2061 2960,2062 3017,2062"/>
                <TextEquiv>
                    <Unicode>tief in das Innere des Menschen hineingeleuchtet hat, und dabei</Unicode>
                </TextEquiv>
            </TextLine>
            <TextLine id="r2l25" custom="readingOrder {index:24;}">
                <Coords points="1874,2093 3023,2105 3023,2070 2926,2063 1875,2056"/>
                <Baseline points="1884,2093 1940,2093 1997,2093 2053,2094 2110,2094 2166,2094 2223,2095 2279,2095 2336,2096 2392,2097 2449,2098 2505,2098 2562,2099 2618,2099 2675,2099 2731,2100 2788,2100 2844,2100 2901,2100 2957,2099 3014,2099"/>
                <TextEquiv>
                    <Unicode>mit Geist vorzuplaudern weiß, was er erschaute. Es ist keine</Unicode>
                </TextEquiv>
            </TextLine>
            <TextLine id="r2l26" custom="readingOrder {index:25;}">
                <Coords points="1864,2129 3026,2149 3026,2104 1864,2103"/>
                <Baseline points="1874,2130 1931,2131 1988,2132 2045,2132 2102,2133 2159,2134 2216,2134 2273,2134 2330,2135 2387,2135 2445,2136 2502,2136 2559,2136 2616,2137 2673,2137 2730,2138 2787,2138 2844,2139 2901,2140 2958,2141 3016,2142"/>
                <TextEquiv>
                    <Unicode>dramatische Handlung, die Schnitzler in diesem Stücke erzählt;</Unicode>
                </TextEquiv>
            </TextLine>
            <TextLine id="r2l27" custom="readingOrder {index:26;}">
                <Coords points="1867,2185 3018,2177 3005,2143 1868,2134"/>
                <Baseline points="1876,2169 1932,2169 1989,2170 2045,2171 2102,2171 2159,2172 2215,2173 2272,2173 2328,2174 2385,2174 2442,2175 2498,2175 2555,2176 2611,2176 2668,2177 2725,2177 2781,2178 2838,2178 2894,2179 2951,2179 3008,2180"/>
                <TextEquiv>
                    <Unicode>sie ist auch keineswegs sonderlich originell, noch überraschend,</Unicode>
                </TextEquiv>
            </TextLine>
            <TextLine id="r2l28" custom="readingOrder {index:27;}">
                <Coords points="1867,2221 2977,2228 3029,2219 3029,2176 1867,2185"/>
                <Baseline points="1876,2209 1933,2209 1990,2209 2047,2209 2104,2210 2162,2210 2219,2211 2276,2211 2333,2212 2390,2213 2448,2213 2505,2214 2562,2215 2619,2215 2676,2215 2734,2216 2791,2216 2848,2216 2905,2216 2962,2216 3020,2215"/>
                <TextEquiv>
                    <Unicode>was ja oftmals das Wirkungsvolle ersetzt. Aber der feine, nicht</Unicode>
                </TextEquiv>
            </TextLine>
            <TextLine id="r2l29" custom="readingOrder {index:28;}">
                <Coords points="1867,2249 2952,2270 3023,2220 1867,2221"/>
                <Baseline points="1877,2249 1933,2248 1990,2248 2047,2248 2104,2249 2161,2249 2218,2250 2274,2250 2331,2251 2388,2252 2445,2253 2502,2254 2559,2254 2616,2255 2672,2255 2729,2255 2786,2255 2843,2255 2900,2254 2957,2253 3014,2252"/>
                <TextEquiv>
                    <Unicode>gerade im gewöhnlichen Sinne des Wortes witzige, aber dafür</Unicode>
                </TextEquiv>
            </TextLine>
            <TextLine id="r2l30" custom="readingOrder {index:29;}">
                <Coords points="1872,2284 3017,2297 3017,2246 1872,2250"/>
                <Baseline points="1880,2285 1936,2286 1992,2287 2049,2288 2105,2288 2162,2289 2218,2290 2274,2291 2331,2291 2387,2292 2444,2292 2500,2292 2556,2293 2613,2293 2669,2293 2726,2293 2782,2293 2838,2293 2895,2293 2951,2292 3008,2292"/>
                <TextEquiv>
                    <Unicode>um so geistvollere Dialog fesselt den Zuhörer, wenigstens so</Unicode>
                </TextEquiv>
            </TextLine>
            <TextLine id="r2l31" custom="readingOrder {index:30;}">
                <Coords points="1859,2340 2963,2343 3019,2340 3020,2300 1860,2297"/>
                <Baseline points="1869,2324 1926,2325 1983,2326 2040,2327 2097,2327 2154,2328 2211,2329 2268,2329 2325,2330 2382,2330 2440,2331 2497,2331 2554,2331 2611,2332 2668,2332 2725,2332 2782,2332 2839,2333 2896,2333 2953,2333 3011,2333"/>
                <TextEquiv>
                    <Unicode>lange, als der fein ironisierende Dichter nicht in eine Art</Unicode>
                </TextEquiv>
            </TextLine>
            <TextLine id="r2l32" custom="readingOrder {index:31;}">
                <Coords points="1868,2360 3008,2381 3020,2340 1869,2327"/>
                <Baseline points="1878,2362 1934,2363 1991,2364 2047,2365 2104,2365 2161,2366 2217,2367 2274,2367 2330,2368 2387,2368 2444,2369 2500,2369 2557,2370 2613,2370 2670,2370 2727,2371 2783,2371 2840,2371 2896,2371 2953,2372 3010,2372"/>
                <TextEquiv>
                    <Unicode>Selbstironie verfällt und dann augenscheinlich sich über alles,</Unicode>
                </TextEquiv>
            </TextLine>
            <TextLine id="r2l33" custom="readingOrder {index:32;}">
                <Coords points="1873,2419 3024,2417 3024,2377 1873,2361"/>
                <Baseline points="1882,2405 1938,2403 1995,2403 2051,2402 2108,2402 2165,2402 2221,2403 2278,2403 2334,2404 2391,2405 2448,2406 2504,2407 2561,2408 2617,2409 2674,2410 2731,2410 2787,2411 2844,2411 2900,2411 2957,2410 3014,2409"/>
                <TextEquiv>
                    <Unicode>was er vorher erzählt, lustig machen will. Dann ist das so</Unicode>
                </TextEquiv>
            </TextLine>
            <TextLine id="r2l34" custom="readingOrder {index:33;}">
                <Coords points="1856,2439 3024,2458 3024,2415 2947,2407 1857,2400"/>
                <Baseline points="1866,2442 1923,2442 1980,2443 2038,2443 2095,2443 2153,2443 2210,2444 2268,2444 2325,2444 2383,2445 2440,2445 2497,2446 2555,2446 2612,2446 2670,2447 2727,2447 2785,2447 2842,2447 2900,2447 2957,2448 3015,2447"/>
                <TextEquiv>
                    <Unicode>vornehm anhebende Stück nicht weit entfernt von dem grotes¬</Unicode>
                </TextEquiv>
            </TextLine>
            <TextLine id="r2l35" custom="readingOrder {index:34;}">
                <Coords points="1861,2487 2931,2501 3022,2471 1862,2440"/>
                <Baseline points="1870,2482 1927,2482 1984,2481 2041,2481 2098,2481 2155,2481 2212,2481 2269,2482 2326,2482 2383,2482 2441,2483 2498,2483 2555,2484 2612,2485 2669,2485 2726,2486 2783,2487 2840,2488 2897,2488 2954,2489 3012,2490"/>
                <TextEquiv>
                    <Unicode>ken Schwank. Vielleicht wäre das noch nicht der größte Fehler,</Unicode>
                </TextEquiv>
            </TextLine>
            <TextLine id="r2l36" custom="readingOrder {index:35;}">
                <Coords points="1857,2544 2239,2518 2909,2545 3025,2532 3025,2489 1857,2491"/>
                <Baseline points="1867,2523 1924,2522 1981,2521 2039,2520 2096,2520 2154,2520 2211,2520 2268,2521 2326,2522 2383,2522 2441,2523 2498,2524 2555,2525 2613,2526 2670,2526 2728,2527 2785,2527 2842,2527 2900,2526 2957,2525 3015,2524"/>
                <TextEquiv>
                    <Unicode>ein größerer scheint es mir zu sein, daß dann die Komödie an</Unicode>
                </TextEquiv>
            </TextLine>
            <TextLine id="r2l37" custom="readingOrder {index:36;}">
                <Coords points="1873,2576 3022,2580 3022,2531 2985,2529 1873,2531"/>
                <Baseline points="1882,2560 1938,2560 1995,2560 2051,2560 2108,2560 2164,2560 2221,2560 2277,2561 2334,2561 2390,2561 2447,2562 2503,2562 2560,2562 2616,2563 2673,2564 2729,2564 2786,2565 2842,2565 2899,2566 2955,2566 3012,2567"/>
                <TextEquiv>
                    <Unicode>Klarheit verliert, sowohl an Klarheit der Handlung, noch</Unicode>
                </TextEquiv>
            </TextLine>
            <TextLine id="r2l38" custom="readingOrder {index:37;}">
                <Coords points="1877,2599 3019,2599 2965,2566 1877,2565"/>
                <Baseline points="1886,2597 1942,2597 1998,2596 2054,2596 2110,2596 2166,2597 2222,2597 2279,2597 2335,2598 2391,2599 2447,2600 2503,2600 2559,2601 2615,2601 2672,2602 2728,2602 2784,2603 2840,2603 2896,2603 2952,2603 3009,2603"/>
                <TextEquiv>
                    <Unicode>mehr an Klarheit der Absichten, und das wird dem Werk viel¬</Unicode>
                </TextEquiv>
            </TextLine>
            <TextLine id="r2l39" custom="readingOrder {index:38;}">
                <Coords points="1868,2634 3015,2661 3016,2614 2902,2604 1869,2608"/>
                <Baseline points="1878,2635 1934,2636 1990,2636 2047,2636 2103,2637 2160,2637 2216,2637 2272,2638 2329,2639 2385,2639 2442,2639 2498,2640 2554,2640 2611,2641 2667,2641 2724,2642 2780,2642 2836,2642 2893,2642 2949,2642 3006,2641"/>
                <TextEquiv>
                    <Unicode>leicht noch mehr beim großen Publikum schaden, als bei dem</Unicode>
                </TextEquiv>
            </TextLine>
            <TextLine id="r2l40" custom="readingOrder {index:39;}">
                <Coords points="1869,2689 2943,2692 3013,2661 1869,2646"/>
                <Baseline points="1878,2674 1934,2675 1990,2675 2046,2676 2103,2676 2159,2676 2215,2676 2272,2677 2328,2677 2384,2677 2441,2677 2497,2678 2553,2678 2609,2678 2666,2678 2722,2679 2778,2679 2835,2679 2891,2680 2947,2680 3004,2681"/>
                <TextEquiv>
                    <Unicode>der Première, das immerhin berufsmäßig bemüht ist, über das</Unicode>
                </TextEquiv>
            </TextLine>
            <TextLine id="r2l41" custom="readingOrder {index:40;}">
                <Coords points="1877,2715 2932,2734 3010,2725 3011,2688 1877,2685"/>
                <Baseline points="1885,2714 1940,2714 1996,2714 2052,2714 2108,2714 2164,2714 2220,2714 2275,2714 2331,2714 2387,2715 2443,2715 2499,2716 2555,2716 2611,2717 2666,2717 2722,2718 2778,2719 2834,2719 2890,2720 2946,2721 3002,2722"/>
                <TextEquiv>
                    <Unicode>Geschaute nachzusinnen. Die Handlung des Stückes ist auf</Unicode>
                </TextEquiv>
            </TextLine>
            <TextLine id="r2l42" custom="readingOrder {index:41;}">
                <Coords points="1877,2756 3009,2775 3009,2732 2957,2722 1877,2715"/>
                <Baseline points="1886,2751 1941,2751 1997,2751 2053,2751 2108,2752 2164,2752 2220,2752 2275,2752 2331,2753 2387,2753 2443,2753 2498,2754 2554,2754 2610,2755 2665,2755 2721,2756 2777,2756 2832,2757 2888,2757 2944,2758 3000,2758"/>
                <TextEquiv>
                    <Unicode>Eheirrungen des Künstler=Ehepaares Adams aufgebaut. Er</Unicode>
                </TextEquiv>
            </TextLine>
            <TextLine id="r2l43" custom="readingOrder {index:42;}">
                <Coords points="1876,2794 3010,2803 2946,2757 1876,2755"/>
                <Baseline points="1886,2790 1941,2790 1997,2790 2053,2790 2109,2790 2164,2790 2220,2790 2276,2791 2332,2791 2387,2792 2443,2793 2499,2793 2555,2794 2610,2795 2666,2795 2722,2796 2778,2797 2833,2797 2889,2798 2945,2798 3001,2799"/>
                <TextEquiv>
                    <Unicode>ist Kapellmeister, sie ist Opernsängerin. Sie haben sich gelobt,</Unicode>
                </TextEquiv>
            </TextLine>
            <TextLine id="r2l44" custom="readingOrder {index:43;}">
                <Coords points="1866,2839 2922,2846 3010,2841 3010,2801 1866,2804"/>
                <Baseline points="1876,2832 1932,2831 1988,2831 2044,2831 2100,2831 2157,2831 2213,2831 2269,2831 2325,2831 2381,2832 2438,2832 2494,2832 2550,2832 2606,2833 2662,2833 2719,2834 2775,2834 2831,2835 2887,2835 2943,2835 3000,2836"/>
                <TextEquiv>
                    <Unicode>stets gegeneinander offen alles zu bekennen, und so hat es</Unicode>
                </TextEquiv>
            </TextLine>
            <TextLine id="r2l45" custom="readingOrder {index:44;}">
                <Coords points="1868,2877 3012,2878 2997,2840 2802,2830 1869,2837"/>
                <Baseline points="1877,2871 1933,2870 1989,2870 2045,2869 2102,2869 2158,2869 2214,2869 2270,2869 2327,2870 2383,2870 2439,2871 2495,2871 2552,2872 2608,2872 2664,2872 2720,2873 2777,2873 2833,2873 2889,2873 2945,2873 3002,2873"/>
                <TextEquiv>
                    <Unicode>anscheinend zunächst nicht sonderlich viel auf sich, wenn Adams</Unicode>
                </TextEquiv>
            </TextLine>
            <TextLine id="r2l46" custom="readingOrder {index:45;}">
                <Coords points="1873,2918 3020,2909 2870,2874 1873,2875"/>
                <Baseline points="1883,2907 1939,2907 1995,2907 2052,2907 2108,2908 2165,2908 2221,2908 2277,2908 2334,2909 2390,2909 2447,2910 2503,2910 2559,2910 2616,2911 2672,2911 2729,2911 2785,2911 2841,2911 2898,2911 2954,2911 3011,2911"/>
                <TextEquiv>
                    <Unicode>sich in die Sängerin Gräfin Moosheim, sie, die ebenfalls be¬</Unicode>
                </TextEquiv>
            </TextLine>
            <TextLine id="r2l47" custom="readingOrder {index:46;}">
                <Coords points="1868,2958 2983,2964 3009,2919 1868,2920"/>
                <Baseline points="1878,2948 1934,2947 1990,2946 2046,2946 2102,2945 2158,2945 2214,2945 2270,2946 2326,2946 2382,2947 2438,2947 2494,2948 2550,2948 2606,2949 2662,2949 2718,2950 2774,2950 2830,2951 2886,2951 2942,2951 2999,2951"/>
                <TextEquiv>
                    <Unicode>rühmte Gattin, in den unbedeutenden aber liebenswürdigen</Unicode>
                </TextEquiv>
            </TextLine>
            <TextLine id="r2l48" custom="readingOrder {index:47;}">
                <Coords points="1868,2991 3017,2981 3004,2954 1868,2955"/>
                <Baseline points="1877,2988 1933,2985 1990,2984 2046,2983 2103,2983 2159,2983 2216,2983 2272,2984 2329,2984 2385,2985 2442,2986 2499,2987 2555,2988 2612,2989 2668,2990 2725,2990 2781,2991 2838,2991 2894,2990 2951,2989 3008,2988"/>
                <TextEquiv>
                    <Unicode>Fürsten Maradas=Lohsenstein verliebt. So gehen sie, um der</Unicode>
                </TextEquiv>
            </TextLine>
            <TextLine id="r2l49" custom="readingOrder {index:48;}">
                <Coords points="1863,3018 2840,3043 3020,3008 1863,2988"/>
                <Baseline points="1873,3024 1929,3024 1986,3023 2043,3023 2100,3023 2157,3024 2214,3024 2270,3025 2327,3025 2384,3026 2441,3027 2498,3027 2555,3028 2612,3028 2668,3028 2725,3028 2782,3028 2839,3027 2896,3027 2953,3025 3010,3024"/>
                <TextEquiv>
                    <Unicode>Wahrheit gegen einander die Ehre zu geben, in Frieden aus¬</Unicode>
                </TextEquiv>
            </TextLine>
            <TextLine id="r2l50" custom="readingOrder {index:49;}">
                <Coords points="1865,3071 3012,3086 3013,3029 1866,3041"/>
                <Baseline points="1874,3063 1930,3062 1987,3062 2043,3062 2100,3062 2156,3062 2213,3063 2269,3063 2326,3064 2382,3065 2439,3065 2495,3066 2552,3067 2608,3067 2665,3068 2721,3068 2778,3068 2834,3068 2891,3067 2947,3066 3004,3065"/>
                <TextEquiv>
                    <Unicode>einander. Aber der Mann hat das „Zwischenspiel“ mit sei¬</Unicode>
                </TextEquiv>
            </TextLine>
            <TextLine id="r2l51" custom="readingOrder {index:50;}">
                <Coords points="1867,3114 3013,3111 3013,3085 2835,3065 1868,3071"/>
                <Baseline points="1876,3101 1932,3100 1988,3099 2045,3099 2101,3099 2157,3100 2214,3100 2270,3101 2326,3101 2383,3102 2439,3103 2495,3104 2552,3105 2608,3105 2664,3106 2721,3106 2777,3106 2833,3106 2890,3106 2946,3106 3003,3105"/>
                <TextEquiv>
                    <Unicode>ner koketten Freundin bald satt, bei der Frau, bei der die Ir¬</Unicode>
                </TextEquiv>
            </TextLine>
            <TextLine id="r2l52" custom="readingOrder {index:51;}">
                <Coords points="1871,3141 3003,3157 3003,3102 1871,3113"/>
                <Baseline points="1879,3140 1934,3139 1990,3138 2046,3137 2101,3137 2157,3137 2213,3138 2268,3138 2324,3139 2380,3140 2436,3141 2491,3142 2547,3143 2603,3143 2658,3144 2714,3144 2770,3145 2825,3144 2881,3144 2937,3143 2993,3142"/>
                <TextEquiv>
                    <Unicode>rung eigentlich noch oberflächlicher war, als bei dem Gatten,</Unicode>
                </TextEquiv>
            </TextLine>
            <TextLine id="r2l53" custom="readingOrder {index:52;}">
                <Coords points="1853,3188 2976,3216 3031,3175 2765,3140 1854,3153"/>
                <Baseline points="1862,3180 1923,3181 1984,3181 2045,3181 2106,3181 2167,3180 2228,3180 2289,3180 2350,3180 2411,3180 2472,3180 2533,3181 2594,3182 2655,3183 2716,3184 2777,3186 2838,3188 2899,3191 2960,3194 3021,3199"/>
                <TextEquiv>
                    <Unicode>hat sie doch schließlich seelisch weit tiefer gehende Folgen. Als</Unicode>
                </TextEquiv>
            </TextLine>
            <TextLine id="r2l54" custom="readingOrder {index:53;}">
                <Coords points="1859,3248 2976,3259 3010,3226 2166,3185 1859,3214"/>
                <Baseline points="1868,3241 1924,3239 1981,3239 2037,3238 2094,3237 2151,3237 2207,3237 2264,3237 2320,3237 2377,3237 2434,3237 2490,3238 2547,3239 2603,3240 2660,3241 2717,3242 2773,3243 2830,3245 2886,3246 2943,3248 3000,3250"/>
                <TextEquiv>
                    <Unicode>beide Eheleute sich wieder vereinigen wollen, ergibt sich, daß</Unicode>
                </TextEquiv>
            </TextLine>
            <TextLine id="r2l55" custom="readingOrder {index:54;}">
                <Coords points="1855,3286 2884,3301 3005,3293 3006,3252 1855,3246"/>
                <Baseline points="1863,3286 1919,3283 1976,3280 2032,3278 2089,3277 2146,3276 2202,3275 2259,3275 2316,3276 2372,3276 2429,3277 2486,3278 2542,3279 2599,3280 2656,3282 2712,3283 2769,3284 2826,3286 2882,3287 2939,3288 2996,3289"/>
                <TextEquiv>
                    <Unicode>Frau Adams ihrem Gatten nicht mehr die alte Kameradin zu</Unicode>
                </TextEquiv>
            </TextLine>
            <TextLine id="r2l56" custom="readingOrder {index:55;}">
                <Coords points="1866,3323 2901,3319 3005,3348 3023,3274 1866,3287"/>
                <Baseline points="1875,3321 1931,3319 1988,3317 2045,3316 2102,3315 2159,3315 2216,3315 2273,3316 2330,3317 2387,3317 2444,3318 2500,3320 2557,3321 2614,3322 2671,3323 2728,3324 2785,3325 2842,3325 2899,3325 2956,3325 3013,3324"/>
                <TextEquiv>
                    <Unicode>sein vermag, daß in ihr eine Wandlung vorgegangen ist. Und</Unicode>
                </TextEquiv>
            </TextLine>
            <TextLine id="r2l57" custom="readingOrder {index:56;}">
                <Coords points="1863,3366 3023,3381 3001,3332 2902,3320 1863,3319"/>
                <Baseline points="1872,3356 1929,3355 1986,3354 2043,3353 2100,3353 2157,3353 2214,3354 2271,3354 2328,3355 2385,3356 2442,3357 2499,3358 2556,3359 2613,3360 2670,3361 2727,3361 2784,3362 2841,3362 2898,3362 2955,3362 3013,3362"/>
                <TextEquiv>
                    <Unicode>so hat das Zwischenspiel eigentlich ein Nachspiel erhalten, über</Unicode>
                </TextEquiv>
            </TextLine>
            <TextLine id="r2l58" custom="readingOrder {index:57;}">
                <Coords points="1857,3387 2721,3412 2951,3403 2952,3364 1857,3369"/>
                <Baseline points="1867,3391 1920,3391 1974,3390 2028,3390 2082,3390 2135,3390 2189,3391 2243,3391 2297,3392 2350,3393 2404,3394 2458,3394 2512,3395 2565,3396 2619,3397 2673,3397 2727,3398 2780,3398 2834,3398 2888,3397 2942,3397"/>
                <TextEquiv>
                    <Unicode>das Schnitzler leider nicht oder nicht genug sich äußert. E</Unicode>
                </TextEquiv>
            </TextLine>
            <TextLine id="r2l59" custom="readingOrder {index:58;}">
                <Coords points="1861,3439 3010,3432 2917,3396 1861,3392"/>
                <Baseline points="1870,3429 1926,3429 1983,3429 2039,3429 2096,3429 2152,3429 2209,3429 2265,3430 2322,3430 2378,3431 2435,3432 2491,3432 2548,3433 2604,3433 2661,3434 2717,3434 2774,3435 2830,3435 2887,3435 2943,3434 3000,3434"/>
                <TextEquiv>
                    <Unicode>scheint, daß die Eheleute mehr gegeneinander, als gegen sich</Unicode>
                </TextEquiv>
            </TextLine>
            <TextLine id="r2l60" custom="readingOrder {index:59;}">
                <Coords points="1856,3475 3011,3470 2985,3433 1856,3434"/>
                <Baseline points="1865,3468 1921,3467 1978,3467 2035,3467 2092,3467 2149,3467 2205,3467 2262,3468 2319,3468 2376,3469 2433,3469 2489,3470 2546,3471 2603,3471 2660,3472 2717,3472 2773,3472 2830,3472 2887,3472 2944,3472 3001,3471"/>
                <TextEquiv>
                    <Unicode>selbst wahr zu sein vermochten. Gespielt wurde diese Komödie</Unicode>
                </TextEquiv>
            </TextLine>
            <TextLine id="r2l61" custom="readingOrder {index:60;}">
                <Coords points="1865,3512 2999,3507 2973,3473 1865,3473"/>
                <Baseline points="1875,3506 1930,3506 1986,3507 2042,3507 2098,3507 2153,3507 2209,3508 2265,3508 2321,3509 2376,3509 2432,3509 2488,3509 2544,3510 2599,3510 2655,3510 2711,3510 2767,3510 2822,3510 2878,3510 2934,3510 2990,3509"/>
                <TextEquiv>
                    <Unicode>sehr fein; mit Recht legt man dabei nicht den Wert auf die</Unicode>
                </TextEquiv>
            </TextLine>
            <TextLine id="r2l62" custom="readingOrder {index:61;}">
                <Coords points="1858,3546 3006,3552 2946,3510 1859,3507"/>
                <Baseline points="1868,3544 1924,3544 1980,3545 2037,3545 2093,3546 2150,3546 2206,3547 2262,3547 2319,3548 2375,3548 2432,3549 2488,3550 2544,3550 2601,3550 2657,3550 2714,3551 2770,3551 2826,3550 2883,3550 2939,3550 2996,3549"/>
                <TextEquiv>
                    <Unicode>Herausarbeitung großer Effekte, sondern auf die Wiedergabe</Unicode>
                </TextEquiv>
            </TextLine>
            <TextLine id="r2l63" custom="readingOrder {index:62;}">
                <Coords points="1855,3578 2981,3602 3002,3559 1855,3552"/>
                <Baseline points="1863,3580 1919,3580 1975,3580 2032,3581 2088,3581 2145,3582 2201,3582 2258,3583 2314,3584 2371,3585 2427,3585 2483,3586 2540,3587 2596,3587 2653,3588 2709,3588 2766,3589 2822,3589 2879,3589 2935,3589 2992,3589"/>
                <TextEquiv>
                    <Unicode>des reichen Stimmungsgehaltes des Werkes. Bassermann,</Unicode>
                </TextEquiv>
            </TextLine>
            <TextLine id="r2l64" custom="readingOrder {index:63;}">
                <Coords points="1862,3626 3006,3628 3006,3597 2905,3583 1862,3588"/>
                <Baseline points="1872,3619 1928,3619 1984,3619 2040,3619 2097,3620 2153,3620 2209,3621 2265,3621 2322,3622 2378,3622 2434,3623 2490,3623 2547,3624 2603,3624 2659,3624 2715,3624 2772,3624 2828,3624 2884,3624 2940,3624 2997,3623"/>
                <TextEquiv>
                    <Unicode>Irene Triesch, Emanuel Reicher, Willy Frün¬</Unicode>
                </TextEquiv>
            </TextLine>
            <TextLine id="r2l65" custom="readingOrder {index:64;}">
                <Coords points="1856,3669 3005,3676 2975,3622 1856,3628"/>
                <Baseline points="1866,3656 1922,3657 1979,3658 2035,3659 2092,3659 2148,3660 2205,3660 2261,3660 2318,3661 2374,3661 2431,3661 2487,3661 2544,3661 2600,3662 2657,3662 2713,3662 2770,3662 2826,3662 2883,3662 2939,3662 2996,3663"/>
                <TextEquiv>
                    <Unicode>wald und Else Schiff waren die darstellerischen Vertre¬</Unicode>
                </TextEquiv>
            </TextLine>
            <TextLine id="r2l66" custom="readingOrder {index:65;}">
                <Coords points="1854,3702 3007,3706 3007,3674 2844,3656 1854,3667"/>
                <Baseline points="1864,3695 1920,3696 1977,3697 2033,3698 2090,3698 2147,3699 2203,3699 2260,3699 2317,3699 2373,3699 2430,3700 2487,3700 2543,3700 2600,3700 2657,3700 2713,3700 2770,3700 2827,3701 2883,3701 2940,3702 2997,3703"/>
                <TextEquiv>
                    <Unicode>ter der feingeistigen Schöpfung, die man vielleicht ebensoegern</Unicode>
                </TextEquiv>
            </TextLine>
            <TextLine id="r2l67" custom="readingOrder {index:66;}">
                <Coords points="1851,3737 2581,3759 2580,3702 2509,3695 1851,3705"/>
                <Baseline points="1861,3734 1896,3734 1932,3734 1967,3735 2003,3735 2038,3735 2074,3735 2109,3736 2145,3736 2180,3736 2216,3736 2251,3736 2287,3736 2322,3735 2358,3735 2393,3735 2429,3735 2464,3734 2500,3734 2535,3733 2571,3733"/>
                <TextEquiv>
                    <Unicode>wird aus der Lektüre genießen wollen.</Unicode>
                </TextEquiv>
            </TextLine>
            <TextLine id="r2l68" custom="readingOrder {index:67;}">
                <Coords points="2721,3766 2818,3760 2856,3768 2917,3752 2957,3752 2987,3765 2987,3713 2952,3703 2939,3711 2864,3702 2854,3710 2806,3703 2791,3711 2768,3697 2722,3702"/>
                <Baseline points="2730,3731 2757,3735 2785,3736 2812,3736 2840,3735 2867,3734 2895,3734 2922,3734 2950,3737 2978,3741"/>
                <TextEquiv>
                    <Unicode>E. Isolani.</Unicode>
                </TextEquiv>
            </TextLine>
            <TextEquiv>
                <Unicode>Telephon 12801.
51
„UBSERVEN
 I. österr. behördl. konz. Unternehmen für Zeitungs-Ausschnitte
Wien, I., Concordiaplatz 4.
Vertretungen
in Berlin, Budapest, Chics go, Christiania, Genf, Kopenhagen,
London, Madrid, Mailand, Minneapolis, New-York, Paris, Rom,
San Francisco, Stockholm, St. Petersburg.
(Quellenangabe ohne Gewähr.)
Ausschntt am Mene Wease
%
G
= Berliner Theater. Man schreibt uns aus Berlin unterm
25. d. M.: Im Lessing = Theater ging heute eine Ko¬
mödie in drei Akten von Arthur Schnitzler „Zwi¬
schenspiel“ in Szene und fand in den ersten Akten unge¬
teilten, nach dem Schlusse des Stückes mit leiser Opposition
kämpfenden Beifall. Freilich ging überhaupt auch nach den
ersten Akten der Beifall wohl nicht von jener entschiedenen Er¬
regung aus, die eine starke dramatische Wirkung ganz unwill¬
kürlich hervorruft, nein, es war eher das Salutieren des
Publikums vor dem feinen Kopfe eines Seelenmalers, der
tief in das Innere des Menschen hineingeleuchtet hat, und dabei
mit Geist vorzuplaudern weiß, was er erschaute. Es ist keine
dramatische Handlung, die Schnitzler in diesem Stücke erzählt;
sie ist auch keineswegs sonderlich originell, noch überraschend,
was ja oftmals das Wirkungsvolle ersetzt. Aber der feine, nicht
gerade im gewöhnlichen Sinne des Wortes witzige, aber dafür
um so geistvollere Dialog fesselt den Zuhörer, wenigstens so
lange, als der fein ironisierende Dichter nicht in eine Art
Selbstironie verfällt und dann augenscheinlich sich über alles,
was er vorher erzählt, lustig machen will. Dann ist das so
vornehm anhebende Stück nicht weit entfernt von dem grotes¬
ken Schwank. Vielleicht wäre das noch nicht der größte Fehler,
ein größerer scheint es mir zu sein, daß dann die Komödie an
Klarheit verliert, sowohl an Klarheit der Handlung, noch
mehr an Klarheit der Absichten, und das wird dem Werk viel¬
leicht noch mehr beim großen Publikum schaden, als bei dem
der Première, das immerhin berufsmäßig bemüht ist, über das
Geschaute nachzusinnen. Die Handlung des Stückes ist auf
Eheirrungen des Künstler=Ehepaares Adams aufgebaut. Er
ist Kapellmeister, sie ist Opernsängerin. Sie haben sich gelobt,
stets gegeneinander offen alles zu bekennen, und so hat es
anscheinend zunächst nicht sonderlich viel auf sich, wenn Adams
sich in die Sängerin Gräfin Moosheim, sie, die ebenfalls be¬
rühmte Gattin, in den unbedeutenden aber liebenswürdigen
Fürsten Maradas=Lohsenstein verliebt. So gehen sie, um der
Wahrheit gegen einander die Ehre zu geben, in Frieden aus¬
einander. Aber der Mann hat das „Zwischenspiel“ mit sei¬
ner koketten Freundin bald satt, bei der Frau, bei der die Ir¬
rung eigentlich noch oberflächlicher war, als bei dem Gatten,
hat sie doch schließlich seelisch weit tiefer gehende Folgen. Als
beide Eheleute sich wieder vereinigen wollen, ergibt sich, daß
Frau Adams ihrem Gatten nicht mehr die alte Kameradin zu
sein vermag, daß in ihr eine Wandlung vorgegangen ist. Und
so hat das Zwischenspiel eigentlich ein Nachspiel erhalten, über
das Schnitzler leider nicht oder nicht genug sich äußert. E
scheint, daß die Eheleute mehr gegeneinander, als gegen sich
selbst wahr zu sein vermochten. Gespielt wurde diese Komödie
sehr fein; mit Recht legt man dabei nicht den Wert auf die
Herausarbeitung großer Effekte, sondern auf die Wiedergabe
des reichen Stimmungsgehaltes des Werkes. Bassermann,
Irene Triesch, Emanuel Reicher, Willy Frün¬
wald und Else Schiff waren die darstellerischen Vertre¬
ter der feingeistigen Schöpfung, die man vielleicht ebensoegern
wird aus der Lektüre genießen wollen.
E. Isolani.</Unicode>
            </TextEquiv>
        </TextRegion>
    </Page>
</PcGts>
