3436 4352
1248 211 1698 314 box 25/1
183 219 1095 334 20. Zuischenspiel
234 560 1360 655 mein Verständnis in der Sphäre seiner Kunst hilllost
240 653 1346 708 herumgeirrt wäre, meine Aesthetik nach Luft ge¬
251 689 1352 760 schnappt hätte, sogar, dass tausend Widerstände in
251 733 1356 810 mir gegen den allzu Neuen sich aufgerichtet und
239 799 1359 867 tausend Abneigungen gegen ihn getobt hätten: Aber ich
239 837 1360 895 kann mir nicht denken, dass ich auch nur eine
253 888 1356 966 Sekunde lang nicht im Innersten die Grösse der Er¬
245 937 1345 1014 scheinung gespürt, dass nicht mein Denken und Emp¬
244 984 1353 1056 linden aufs allerstärkste alarmiert worden wäre. Das
253 1034 1367 1094 mag einem auch angesichts der grössten künstlerischen
244 1083 1365 1167 Potenz passieren, dieses Gefühl: er hat mir nichts
242 1132 1365 1207 zu sagen. Aber man spürt dabei:.. weil die Distanz
244 1185 1360 1249 zu gross ist; oder .. weil der Jargon mir fremd ist;
260 1234 1363 1309 oder weil ich ihn nicht hören will, er geht mir
245 1283 1356 1340 auf die Nerven. Dass er aber etwas sagt, darüber
245 1332 1366 1401 bleibt das Empfinden keinen Augenblick im unklaren.
332 1382 1360 1447 Soweit kann ich mich, einem Künstler vis-à-vis,
254 1436 1373 1502 mit absoluter Sicherheit auf meinen Instinkt verlassen,
246 1481 1350 1558 dass mein Gefühl sich niemals ein: -ich bil taub¬
249 1532 1071 1625 in ein: Er ist stumm- umlügen wird.
320 1651 1373 1735 Meisterhaft war Kainz im Schnitzlerschen Drama.
259 1733 1367 1798 Man möchte von einem Nervensystem seiner Rede
261 1768 1362 1832 sprechen. Er hat Laut-Grimassen und phonetische
259 1828 1380 1896 Zuckungen, die wie die Uebersetzung eines nervösen,
263 1878 1380 1935 sehr nuancierten Mienenspiels in Klänge sind. Dabei
258 1919 1362 1997 ist seine Konversationssprache von Intelligenz durch¬
251 1967 1367 2049 leuchtet, bis sie förmlich transparent wird, ihre
262 2022 1364 2083 inneren psychischen ieheimnisse erraten lässt; wie
258 2058 1369 2143 durch eine zarte Haut, rosig schimmernd, das Hlut
254 2113 1375 2192 sich verrät. Das Geheimnis der Wirkung liegt aber
259 2175 1376 2231 nicht in der Intelligenz des Künstlers, sondern in dem
256 2214 1377 2290 mathematischen Verhältnis zwischen Intelligenz und
250 2275 1372 2328 Intuition, zwischen Bewusstem und Unbewusstem.
256 2312 1370 2372 Dies kann als Gesetz schauspielerischer Wirkung golten:
273 2372 1388 2441 Wenn die Inte-ligenz gleichx ist, so muss die Intuition
267 2414 1384 2476 mindestens gleich k + 1 sein. Also grösser. Wenn
269 2472 1388 2539 die intuition, das Unbewusste, beim Schauspieler spärlich
258 2503 1377 2576 ist, nützt die höchste Intelligenz nichts, weil sie eben nie
257 2573 1379 2631 selbst schöpferischer Quell, sondern nur ein Korrektivun.,
266 2609 1388 2677 ein Sieb, besser: ein Filter ist. Was die Intuition
262 2663 1379 2732 darauf wirft, reinigt der Filter vom Ueberflüssigen,
266 2716 1383 2789 Rohen, Unzweckmässigen. Aber das Primäre, das
263 2757 1384 2839 Ueberwiegende, das Wichtigere bleibt die Intuition.
281 2827 1382 2882 Wird sie von der Intelligenz, weil kleiner als diese,
274 2858 1384 2931 gedeckt, so stellt sich nie die höchste Wirkung ein; die
265 2920 1385 2973 Leistung bleibt grau und schmeckt papieren. Während
277 2961 1380 3024 umgekehrt ein Mangel an Intelligenz dem Komödianten¬
271 3008 1386 3084 genie noch nie den Weg in die höchsten Sphären
266 3060 1392 3132 seiner Kunst verlegt hat. Man denke an den Hans
267 3108 1393 3165 Sachs von Reichmann, der gewiss keine hervorragende
265 3158 1395 3231 Intelligenz war und doch hier eine Gestalt schuf,
267 3216 1394 3269 beispiellos in ihrer Innigkeit, Grösse, Schlichtheit und
274 3255 1390 3320 Tiefe. Bei keinem Künstler so sehr wie beim Schauspieler
278 3317 1384 3373 liegen schon die Voraussetzungen der Wirkung im
273 3354 1392 3426 Unbewussten. Timbre der Stimme, der Schritt, Anmut
273 3404 1392 3465 und Würde der körperlichen Erscheinung, der Blick,
277 3449 1383 3521 die Gesle: durchaus Hessorts, die weit mehr vom Rücken¬
275 3506 1387 3560 mark als vom Gehirn bedient werden. Regiewink:
277 3566 1394 3623 Man müsste einen Schauspieler, der trotz offenkundiger
283 3613 1391 3675 Intelligenz und Begabung zu keiner rechten Wirkung
289 3650 1399 3729 kommt, nicht klüger zu machen suchen. Sondern
288 3708 1400 3766 im Gegenteil: dümmer. Kommentare, theoretische
289 3750 1400 3824 Studien etc. sind zu verbieten. Die Lektüre der
283 3799 1415 3882 Gregorischen Schriften kann ohneweiters gestattet
288 3869 481 3939 werden.
1599 1087 1984 1189 Telephon 12801.
1789 1149 2481 1302 „OBSERVER‘
1606 1276 2726 1358 I österr. behördl. konz. Unternehmen für Zeilungs-Aueschnitte
1801 1336 2539 1441 Wien, I., Conoordiaplatz 4.
2014 1406 2327 1474 Vertretungen
1611 1442 2731 1517 in Berlin, Budapest, Chicago, Christiania, Genf, Kopenhagen,
1603 1492 2738 1577 London, Madrid, Mailand, Minnean iie. New-York, Paris, Rom,
1788 1531 2557 1619 San Francisco, Stockbe.# # Petersburg.
1961 1575 2386 1658 (Ouallenangabe
2136 1633 2746 1758 Die Warte, München
1613 1656 2099 1750 Ausschnitt aus:
1597 1749 1747 1831 vom
2248 1767 2316 1873 1
2355 1856 2717 1947 Wiener Cheater.
1759 1853 1985 1968 8
1832 1917 3261 2005 Der Oktover hat dem Wiener Theaterpublikum nicht viel Novitäten beschert
1794 1980 3266 2042 und darunter keine, die von einschneidender Wirkung gewesen wäre. — Am 12.
1789 2018 3263 2087 gab man im Burgtheater: Artur Schnitzlers Komödie „Zwischenspiel“;
1791 2086 3270 2148 ein schwer verständliches Stück, in dem=sich-der Anter in allerhand Spitzfindigkeiten
1790 2127 3260 2200 über seelische Erlebnisse und sexuelle Fragen ergeht. Der Inhalt — soweit man ihn
1793 2184 3271 2239 erzählen kann- ist kurz folgender: Der Kapellmeister Amadeus Adams und die
1803 2217 3267 2290 Opernsängerin Cäcilie Ortenburg haben sich vor sieben Jahren geheiratet, teils aus
1805 2272 3271 2339 Liebe, teils weil sie einander brauchen: Amadeus ist Cäciliens Korrepetitor, sie die
1805 2323 3271 2396 beste Interpretin seiner Kompositionen. Bedingung bei der Heirat war, daß die
1800 2378 3264 2443 Gatten einender volle Freiheit lassen, sich aber nie belügen sollten. Jetzt ist der Zeit¬
1797 2422 3261 2493 punk: gekommen, diese Abmachung einzuhalten; denn der Kapellmeister verliebt sich
1795 2485 3272 2533 in eine andere, die Gräfin Moosheim, und nimmt an, seine Frau vergelte ihm
1792 2516 3263 2582 gleiches mit gleichem, da sie sich von einem Fürsten den Hof machen läßt. Cäcilie,
1793 2582 3261 2639 die ihren Mann noch immer liebt, ist zu stolz, um ihn über seinen Irrtum aufzu¬
1804 2623 3272 2679 klären. Trotzdem denkt er nicht an Trennung; er findet es bequemer, das eheliche
1800 2665 3270 2737 Verhältnis einsach in ein kameradschaftliches umzuwandeln und sich so die gemütliche
1797 2723 3269 2780 Häuslichkeit und seinem Knaben die Mutter zu ehalten. Cäcilie unternimmt eine
1809 2776 3267 2836 Gastspielreise, auf der jener Fürst sie begleitet. Als sie heimkehrt, ist ihres Mannes
1799 2816 3274 2889 Liebelei mit der Gräfin bereits zu Ende, und seine Frau, — die als eine andere
1800 2866 3277 2924 wiederkommt, in der das Treiben der großen Welt Abenteuerlust und Sinnlichkeit
1797 2917 3277 2993 ermeckt hat, — erscheint ihm wieder begehrenswert. Er kann sich kein interessanteres
1721 2995 3184 3057 Abenteuer denken als das, die eigene Gattin dem Geliebten, für den er den Fürsten
1728 3048 3188 3113 nach wie vor hält, abspenstig zu machen. Und sie gibt sich ihm hin, wie sie sich in
1731 3091 3188 3158 dem Moment vielleicht auch jedem anderen hingegeben hätte; denn: „Die Erde
1727 3151 3190 3215 scheint mir voll Abenteuer“, gesteht sie, „der Himmel wie von Flammen strahlend,
1720 3188 3179 3271 und mir ist, als sähe ich mich selbst, wie ich mit ausgebreiteten Armen dastehe und
1726 3242 3190 3319 warte". — Am Tage nach der Wiedervereinigung der beiden Gatten verlangt
1719 3289 3189 3360 Cäcilie, in deren Seelenleben sich zurecht zu finden dem Zuschauer recht schwer fällt,
1728 3341 3185 3422 die Scheidung, weil sie fühlt, daß sie jetzt mit den erwachten Sinnen und der in ihr
1721 3388 3197 3471 glühenden Leidenschaft dem Gatten die Treue nicht mehr halten kann, die sie bisher
1723 3439 3187 3516 noch nie gebrochen hat. — Die Darsteller taten, was sie konnten, um dem Publikum
1721 3479 3183 3555 über das Unverständliche und Unlogische in Charakteren und Handlung hinwegzu¬
1725 3557 3196 3609 helfen. Besonders Kainz als Amadeus leistete Großes, und Frl. Witt war als
1726 3587 3190 3680 Cacilie seine würdige Partnerin. Trotzdem war, sich das Publikum nicht ganz klar
1725 3642 2628 3733 darüber, wie es die Komödie aufnehmen sollte.
