3484 4384
298 225 1820 320 20. Zwischenspiel box 25/1
1997 102 3062 218 beter, behbret, Konz, Unternehmen fh: Zeitunge=Auvchis
2136 188 2873 292 Wien, I., Concordiaplatz 4.
2361 267 2669 334 Vertretungen
1953 287 3064 379 in Berlin, Budapest, Chicago, Christiania, Genf, Kopenbagen.
1944 355 3079 428 London. Madrid, Nailand. Minneapolis, New-York. Paris, Rom.
2129 390 2919 472 San Francisco, Stocknolm, St. Petersburg.
2313 434 2732 513 (Gusliessagebe em Gewfr.)
1957 501 2927 622 Ausschnitt aus: REICHSPOST, WIEN
2230 583 2500 681 ##. 10. 31.5
1968 629 2228 724 von:
1959 682 2057 741 —1
2663 786 2936 889 Musik.
2038 792 2660 909 Theater, Aunst und
2125 868 2994 948 K. k. Hofburgtheater. „Zwischen¬
2054 901 2131 964 —
1957 928 2999 1005 spiel.“ Komödie in drei Akten von Arthur
1955 978 2999 1077 Schnitzler. Erstaufführung am 12. Oktober 1905.
2038 1036 3004 1103 Herr Schlenther hat an Herrn Schnitzler, der
1962 1080 3006 1166 Philosoph an dem Mediziner, seine Rache ge¬
1958 1128 3005 1219 nommen. Er hat Schnitzlers Stück aufgeführt.
1958 1176 3001 1266 Das war eine geistreichere Ranküne nach all den
1959 1217 3003 1299 Bitternissen, die man dem Burgtheaterdirektor
1959 1256 3008 1346 wegen des als Mustersendung retournierten Schleiers
1971 1336 3027 1396 der Beatrice antat, als man von Herrn Schlenther
1965 1368 3051 1438 erwarten konnte. Dem Dr. Arthur Schnitzler ist
1976 1418 3024 1496 gestern kein Heil geschehen. Der große dumme
1975 1465 3017 1534 Pattent Publikum widerstand der Reklamenarkose.
1976 1512 3011 1586 Er schlief zwar zeitweise ein, erwechte aber
1979 1540 3029 1630 im unrichtigen Augenblick zu einem schlecht'
1977 1607 3013 1685 angebrachten Gelächter. Jawohl: das Zwischen¬
2329 1651 3031 1735 capricclo doloroso, wie
2177 1677 2274 1737 ein
1974 1681 2124 1746 spiel,
1973 1699 3016 1779 der Held es meint, wurde recht heiter auf¬
1981 1759 3012 1822 genommen. Herr Schnitzler, der seinen — unseren —
1978 1813 3024 1885 Leuten ernst kam, hatte die Lacher auf seiner
1971 1851 3033 1938 tragischen Seite. Und das war Paul Schlenthers
1986 1896 3038 1972 noble Revanche. Die Komödie sagt: Kapellmeister
1988 1954 3030 2017 Adams und Frau Cäcilie Adams=Ortenburg, die
1983 1990 3040 2075 Opernsängerin, haben sich nach sieben Ehejahren
1990 2044 3036 2117 einander entfremdet. Adams ist in die Sängerin
1994 2096 3037 2155 Friederike Mosheim verliebt, Cäcilie fühlt sich dem
1998 2138 3038 2221 Fürsten Lohsenstein wahlverwandt. Aber die
1991 2197 3039 2253 Mosheim ist eine Kokotte, Fürst Sigismund ein
1994 2252 3045 2316 Ehrenmann. Deshalb kommt, Amadeus Adams
1996 2286 3049 2369 eher von seiner Neigung los, während Frau
2001 2333 3051 2407 Cäcilie sich plötzlich dem ganze Ansturm des
1992 2381 3040 2465 Lebens preisgegeben fühlt, zu dem ihr der brave
1994 2443 3035 2502 Fürst eigentlich nur der Schlüssel war. Das
2001 2477 3042 2557 Künstlerpaar hat beschlossen, künftig nur mehr
2010 2522 3038 2601 freundschaftlich nebeneinander zu bestehen. Das gefällt
2007 2582 3043 2643 dem Kapellmeister sehr wohl, so lange er mitt
2005 2635 3048 2699 der Mosheim liebelt. Dann begehrt er aber¬
1998 2658 3049 2753 wieder die Liebe seiner Frau, erobert sie für dien
2005 2708 3052 2796 Dauer eines Zwischenaktes, wird aber von Frau¬
2009 2764 3043 2826 Cäcilie wieder aufgegeben, sobald das versammelte
2005 2809 3046 2896 Parkett bei gehobenem Vorhang Zeuge der
2006 2858 3040 2932 larmoyanten ehelichen Auseinandersetzung ist.
1994 2895 3050 3001 Amadeus Adams verschwindet, Verzweiflung im
2006 2956 3054 3050 Herzen, eine Kalbledertasche in der Hand, Cäcilic
2016 3002 3066 3078 sinkt am Klavier zusammen, daß die Tasten
2007 3072 3048 3118 dröhnen. Das volle Haus entleerte sich nach der
2014 3097 3052 3167 Ringstraße und gähnte die Nacht hindurch allein
2012 3145 3050 3219 Die ganze drückende Schwüle einer mühsamen
2011 3203 3052 3267 Produktion lastet auf dem Zwischenspiel. Mätzchen,
2020 3243 3055 3310 vie der Gesang der Frauen Witt und Kalline
2004 3289 3065 3383 —der des Herrn Kainz, können volle Häuser, aber
1971 3371 3073 3463 nicht volle Kränze machen. Ein Lügenspiel, kein !
1992 3439 3056 3510 Zwischenspiel sah man, ohne der Täuschung zu
1980 3486 3010 3559 verfallen, die man vom Theater fordert. Es
1980 3523 3069 3608 half Kainz nichts, daß er sich natürlicher gab, b
1984 3576 3049 3645 als es ihm sonst möglich ist. Er verfiel der
1976 3625 3045 3689 Lächerlichkeit seiner Rolle, und das hatte er eben
1980 3669 3063 3749 diesmal am wenigsten verdient, Frau Wittil
1978 3726 3062 3792 durchtönte mit ihrem prachtvollen Organ das L
1976 3757 3067 3830 schweigende Haus, aber die unsinnigen Worte, die 1
1979 3808 3066 3890 ihr aufgetragen waren, konnten ihre Innigkeit!:
1977 3871 3022 3931 nicht klüger machen. Frau Kallina hatte einen
1968 3910 3055 3991 angenehmen Abend, wie Herr Korff als Fürsts!
1977 3967 3024 4031 einen glücklichen. Die Künstler haben dem Werk
1974 4013 3006 4082 eine Noblesse erwiesen, die ihres Hofschauspieler¬
1962 4066 3012 4152 ranges, nicht des Herrn Schnitzler würdig war.
2737 4118 2965 4178 R. E. P.
