3436 4352
1346 255 1812 342 box 25/2
280 242 1225 358 20. Zuischensniel
870 1270 2028 1341 Ohr zu lauschen, und wessen Nerven nicht nur auf dramatische
878 1326 2017 1376 Keulenschläge reagieren, dem wird diese Dichtung eine Fülle
871 1354 2016 1415 von neuen Erkenntnissen vermitteln, dem wird sie ungeahnte
878 1411 1510 1470 und reiche Schönheiten enthüllen.
934 1447 2009 1503 Der Kapellmeister Amadens Adams und die Opernsän¬
863 1491 2014 1561 gerin Cäcilie Adams=Ortenburg haben in glücklicher Ehe einige
874 1531 2011 1597 Jahre mit einander verlebt. Sie hatten sich bei ihrer Ver¬
877 1563 2021 1629 einigung das Gelübde gegeben, einander in keiner Hinsicht zu
866 1611 2020 1665 beschränken und alle Gedanken und Empfindungen, die erlaub¬
870 1652 2017 1714 ten und auch die unerlaubten, sich offen und ehrlich mitzu¬
877 1692 2020 1755 teilen. Die Ehe war in Freiheit geschlossen und sollte ohne
878 1740 2020 1794 Haß und Vilterkeit in dem Augenblick gelöst werden, wo einer
875 1773 2017 1824 des anderen überdrüssig geworden sein würde. Dieser Augen¬
869 1813 2019 1867 blick scheint jetzt gelommen zu sein, da Amadeus mit einer
873 1850 2024 1915 koletten gräflichen Opernsängerin, Cäcilie mit dem jungen
865 1895 2027 1956 Fürsten Sigismund eine Liebelei angeknüpft hat. Sie gestehen
871 1937 2033 2001 sich ohne Scheu, wie die Dinge liegen, und die tiefer blickende
861 1967 2026 2025 und seiner empfindende Cäcilie sucht noch in letzter Stunde
857 2007 2030 2084 zeinen Rückhalt bei ihrem Eheherrn. Sie wünscht durch ihn
874 2050 2030 2109 ihrer wachsenden, aber noch nicht übermächtigen Neigung zu
877 2090 2033 2149 dem anderen entrissen zu werden. Amadeus, eine sanguinische,
159 2101 611 2185 er und Musik.
875 2133 2031 2203 naive, von Augenblicksstimmungen abhängige Musikanten¬
871 2172 2033 2241 natur, verweist sie aber leichten Herzens auf das gegenseitig
157 2174 562 2236 mer Theaterbrief.
883 2207 2022 2270 garantierte Recht der völlig freien Selbstbestimmung. So
160 2192 859 2269 ns geschrieben: Keine elementaren
877 2251 2030 2312 scheiden sie denn von einander, anscheinend fröhlich und guter
168 2260 861 2324 pfe kommen in Schnitzlers neuer
882 2288 2022 2349 Dinge, er mit etwas weinerlicher Rührseligkeit, sie mit der
174 2307 869 2358 wischenspiel“ mit deren Auf¬
886 2340 2032 2398 düsteren Ahnung eines drohenden Verhängnisses. Sie bleiben
173 2324 861 2412 ssingtheater einen interessanten
887 2369 2026 2430 gute Kameraden und unterhalten von der Sommerfrische und
196 2372 859 2430 Der Held und die Heldin sind Ge¬
885 2417 2026 2466 ihren weilläufigen Kunstreisen aus eine rege Korrespondenz.
156 2429 870 2475 ten, in vielfacher Hinsicht überspann¬
885 2452 2034 2508 Nach einiger Zeit trefsen sie wieder in ihrem Heim zusammen.
170 2452 868 2509 senien und Empfinden sich in anderen
878 2491 2029 2546 Er ist aufs neue in Liebe zu Eäcilie entbrannt und die Cifer¬
173 2508 870 2548 im sogenannten schlichten Naturmen¬
876 2529 2025 2577 sucht martert ihn. Sie steht ihm mit denselben Gefühlen gegen¬
160 2540 866 2600 hlichen gemeinsamen elementaren In¬
880 2569 2036 2615 über wie am Tage der Trennung. Die Neigung zum Fürsten
158 2575 860 2626 lich im Grunde auch sie, aber ihre
879 2611 2026 2665 besteht nach wie vor, aber ein gewisses seelisches Reinlichkeits¬
164 2610 868 2669 keize, für die die unverbildete Psoche
884 2646 2035 2709 bedürfnis hal sie vor dem letzten Schritt bewahrt. Eine Liebes¬
164 2647 871 2707 e Motive, die ihr Tun und Lassen be¬
878 2689 2040 2747 nacht vereinigt das Ehepaar, und diese Nacht schafft Klarheit
163 2707 865 2755 tiler Art, ihr Innenleben ist so kom¬
881 2732 2034 2787 in beider Seelen. Der gute Amadeus ist zu der Ueberzeugung
157 2738 868 2794 erungen sind so diskret, daß man mit
878 2765 2040 2834 gelangt, daß ein Zusammenleben mit Cäcilie doch recht ange¬
171 2775 876 2834 gespannter Aufmerksamkeit auf jede
882 2801 2040 2861 nehm und ersprießlich sei, und da er erfährt, daß sie ihm trotz
178 2815 864 2882 spielende Licht und jeden vorüber¬
885 2843 2038 2908 des Umganges mit dem Fürsten Sigismund tatsächlich „treu
162 2854 866 2912 en muß, um alles zu verstehen und
888 2880 2046 2943 geblieben“ ist. d. h. sich keinen Ehebruch hat zuschulden kommen
167 2897 871 2943 fragt sich, ob solche modernen Charak¬
880 2929 2043 2991 lassen, so sieht er keinen Grund für eine weitere Trennung.
160 2940 864 2987 Träger einer dramatischen Handlung
884 2966 2044 3024 Cäcilie aber ist durch das Abenteuer der Nacht darüber be¬
167 2979 869 3033 sine Jahrhunderte alte und durch ihr
881 2997 2048 3069 lehrt, daß es für immer aus sei zwischen ihnen. „Eheleute
159 3012 879 3073 n verweist den Dramatiker auf kräfti¬
889 3059 2044 3098 können mit einander, wenn sie nur die nötige Phantasie be¬
173 3053 872 3107 reMittel, und das Publikum hat sich
885 3081 2049 3144 sitzen, auch uneheliche Kinder zeugen“ — die Wahrheit dieses
178 3098 866 3149 Brettern herab eine laute, schlichte,
895 3138 2039 3178 Lehrsatzes, den der poetische Hausfreund Albertus Rhon zur
188 3133 870 3190 vernehmen, deren Verständnis sich
886 3159 2051 3213 moralischen Basis seiner glücklichen Ehe gemacht hat, ist Cäcilie
192 3166 866 3235 Wer so wohlfeilen Genuß im Thea¬
889 3208 2047 3265 jetzt zum Bewußtsein gekommen. Sigismund beherrschte ihre
190 3208 877 3268 Schnitzlers neuem Werk kaum auf
188 3238 2062 3311 Wer sich aber bemüht, mit feinerem? Phantasie auch während der ehelichen Liebesnacht, mit ihm
2039 1260 3188 1322 hat sie die Ehe in ihrem Herzen gebrochen, die körperliche Treue
2037 1306 3181 1361 ist ihr nichts als ein leeres Wort. Zur Banalität einer äußer¬
2030 1339 3186 1392 lich korrekten. konventionellen Scheinehe will sie ihr Zusammen¬
2033 1376 3177 1431 leben mit Amadeus nicht entwürdigen. Den Ekel ihrer rein¬
2041 1415 3192 1482 lichen Seele vermag auch der Gedanke an ihr Kind, das fünf¬
2029 1459 3187 1515 jährige Peterl, nicht zu bannen. Sie setzt die endgültige Tren¬
2035 1495 2894 1559 nung durch, und Amadeus verläßt das Haus.
2108 1530 3182 1597 Durch Albertus Rhon, den Räsonneur des Dramas, läßt
2038 1582 3196 1642 Schnitzler wiederholt in ironischer Weise andeuten, wie wohl
2042 1622 3190 1681 aus der Geschichte des Ehepaares Adams ein regelrechtes Thea¬
2049 1660 3195 1719 terstück zu machen wäre. Zum Schluß müßten sie sich wieder¬
2032 1700 3190 1755 finden oder der Teufel müßte sie holen — so verlangt es das
2041 1739 3192 1811 Publitum. Auch könnte der kleine Peterl in rührenden Szenen
2035 1779 3200 1837 eine wirkungsvolle Rolle spielen. Ich bin überzeugt, daß auch
2037 1816 3192 1872 ein schwächerer Dramatiker, als Schnitzler, dieses Kunststück
2032 1854 3195 1927 mit leichter Mühe zuwege gebracht hätte. Daß der Verfasser
2034 1895 3204 1953 des „Zwischenspiels“ es verschmäht hat. mit Rücksicht auf die
2049 1948 3191 2006 Bequemlichkeit gedankenloser Parkettinfassen billige Kulissen¬
2036 1976 3201 2034 effekte zu erstreben, daß er uns statt eines im landläufigen
2045 2019 3196 2086 Sinne wirkungsvollen Theaterstückes lieber eine feine, dra¬
2052 2059 3196 2116 matische Dichtung gegeben hat — dafür wollen wir ihm dank¬
2046 2096 3197 2153 bar sein. Er hat, scheint mir, dadurch der ästhetischen Kultur
2042 2140 3205 2189 im Lande der Dichter und Denker einen wertvolleren Dienst
2045 2179 3189 2231 erwiesen. Denn sein „undramatisches“ Stück zwang das Pu¬
2033 2216 3193 2274 blikum von der ersten bis zur letzter Szene in seinen Bann,
2053 2261 3201 2317 und zwar waren es nicht die raffinierten Premièrenbesucher,
2048 2297 3209 2359 sondern die harmlosen Sonntagsgäste des Lessingtheaters, die
2059 2339 3196 2399 ich zu beobachten Gelegenheit hatte. Gewiß trug die glänzende
2052 2374 3209 2437 Darstellung mit Bassermann als Amadeus und Irene
2044 2417 3202 2482 Triesch als Cäcilie ihr Teil zu dem Erfolge bei, aber in der
2046 2455 3201 2521 Hauptsache — den Eindruck gewann ich — war es doch die
2050 2491 3201 2550 Kunst des Dichters, die wunderbar anziehende und fesselnde
2050 2551 3215 2595 Eigenart Schnitzlers, die das Publikum nötigte, einmal wider
2049 2563 3205 2636 seine Gewohnheit leiseren und zarteren Tönen sein Ohr zu
3030 2613 3163 2671 J. S.
2057 2629 2210 2687 leihen.
3065 2661 3163 2720 S
