3436 4352
1305 254 1784 359 box 25/1
254 256 1175 380 20. Zuischensniel
2730 727 2881 802 414
1000 719 2416 810 — 1905. M 23. — Die schöne Literatur. — 4. November. —
559 730 681 819 413
1722 834 2875 894 in der Regel, was immer man auch gegen die Muse dieses
851 841 1413 934 Uraufführungen
1716 886 2869 950 Dichters einzuwenden haben möge, die von den Theater¬
805 896 1457 991 in Berlin, Weimar und Wien.
1723 934 2882 1001 besuchern sehr geschätzten Eigenschaften, modern=pikant und
543 954 1702 1045 Barrie, I. M., Der Herr Haushofmeister. Lustspiel in vier Akten.
1705 983 2890 1050 umüsant zu sein. In dem kürzlich zur ersten Aufführung
552 1026 1694 1104 Deutsche Uraufführung im Lustspielhaus zu Berlin am 16.Oktober 1905.
1711 1016 2885 1078 gelangten „Zwischenspiel“ hat ihn aber seine Begabung gänzlich
1707 1076 2875 1141 im Stiche gelassen oder irregeführt: die moderne Pikanterie
537 1072 1705 1164 Lienhard, Fritz. Die heilige Elisabeth. Trauerspiel in fünf Auf¬
1709 1118 2891 1191 ist zu einem an Wahnwitz streifenden, ausgeklügelten Unsinn
570 1150 741 1202 zügen.
1725 1164 2890 1238 geworden und anstatt amüsant zu sein, ist das Stück einfach
560 1186 1403 1259 Uraufführung in Weimar am 21. Oktober 1905.
1723 1209 2885 1275 abstoßend, zugleich aber von einer an die Nerven gehenden
532 1237 1601 1332 Schnitzler, ArthurZwischenspiel. Komödie in drei Akten.
1724 1261 2883 1321 Langeweile erfüllt. Man erlasse uns. den Irrgängen dieses
556 1291 1711 1369 raufführung im k. k. Hofburgtheater zu Wien am 12. Oktober 1905.
1714 1311 2893 1370 Stückes, in denen sich niemand, wahrscheinlich am wenigsten
1711 1342 2890 1426 der Verf. selbst, zurechtzufinden vermag, im einzelnen nach¬
617 1358 1712 1439 „Der Herr Haushofmeister“ ein vieraktiges Lustspiel des
1717 1404 2876 1468 zuspüren. Es genüge, wenn wir das wesentliche der Hand¬
548 1409 1706 1475 Schotten I. M. Barrie, das in England und Amerika
1718 1452 2894 1523 lung wiederzugeben trachten, soweit sich eine solche aus
544 1470 1706 1522 ein Jahr lang als Zugstück lief, fand bei seiner deutschen
2544 1498 2618 1529 AAL.
1711 1511 2890 1560 Bühnenvorgängen entnehmen läßt, die im großen und ganzen
538 1508 1712 1574 Uraufführung im Berliner Lustspielhaus nur einen dürf¬
1707 1546 2892 1601 nur in der Schilderung von Seelenzuständen, in einem end¬
538 1548 1708 1620 #tigen Achtungserfolg, obsoohl dieses zwischen lustiger Satire
1721 1589 2880 1652 losen Zwiegespräch (der Wiener nennt es bezeichnender:
546 1601 1705 1658 und Ausstattungskomödie schwankende Spiel vortrefflich in¬
1729 1638 2883 1702 „Geplausch“, zwischen zwei überspannten Eheleuten besteht.
543 1640 1717 1715 szeniert war. Ludwig Fulda hat in „Robinsons Eiland“.
1720 1689 2890 1753 Der Kapellmeister und Komponist Amadeus Adams und die
547 1707 1717 1765 dasselbe Thema behandelt, den Gegensatz zwischen Civili¬
1708 1738 2899 1805 Opernsängerin Cäcilie Ortenburg sind seit sieben Jahren
545 1747 1718 1816 sation und Naturzustand mit all seinen Folgen. B. läßt
1712 1790 2882 1846 verheiratet. Ihrer Ehe ist ein jetzt fünfjähriges Kind, Peterl,
546 1793 1717 1855 einen Lord mit seinen Töchtern und Bedienten an eine
1724 1834 2889 1895 das auch auf der Bühne beschäftigt ist, entsprossen; ohne
536 1847 1721 1912 verlassene Insel verschlagen werden und zeigt, wie nun die
1721 1889 2895 1947 Kinderrollen kein modernes Stück, nebenbei bemerkt, ein
538 1900 1703 1953 Diener zu Herren der Situation und die Herren zu gefügi¬
1723 1928 2888 1987 arger, nach Abschaffung schreiender Mißbrauch des kindlichen
547 1936 1715 1993 gen Dienern werden. Kaum aber werden alle gerettet, da
1716 1980 2892 2044 Alters. Amadeus besitzt an seiner Frau die verständnis¬
538 1988 1706 2056 wendet sich das Blättchen wieder und der Herr Haushof¬
1723 2034 2890 2087 vollste Beraterin und vorzüglichste ausübende Kraft, Cäcilie
551 2037 1713 2088 meister nimmt unterwürfig die gebeugte Stellung des Die¬
1723 2066 2890 2133 an dem Gatten den aufrichtigsten Bewunderer und zugleich
540 2083 1702 2151 ners wieder an. Es ist schade, daß diese satirisch so frucht¬
1721 2120 2883 2183 besten Lehrer und Förderer ihrer Kunst. Aber die eigent¬
549 2129 1711 2194 bare Idee von dem Engländer in burlesken und grellen
1722 2162 2895 2227 lichen ehelichen Beziehungen zwischen ihnen sind im Laufe
542 2177 1710 2240 Kontrasten ausgeführt wurde und daß Albernheiten das
1721 2215 2900 2267 der Jahre recht locker geworden; sind sie doch durch ihren
540 2227 1221 2315 bischen guten Humor umwuchern.
1727 2260 2885 2323 Beruf häufig auch räumlich längere Zeit von einander ge¬
1320 2246 1677 2347 Paul Legband.
1724 2302 2895 2374 trennt. Ihre Ehe beruht aber auf den Grundsätzen vollster
1724 2361 2894 2424 gegenseitiger Freiheit und Aufrichtigkeit. Sie sind sich auf
614 2338 1713 2433 Lienhards Wartburgdrama (der zweite Teil der Wart¬
1729 2404 2891 2463 ihren Nebenwegen in keiner Weise hinderlich, sondern teilen
556 2412 1713 2473 burgtrilogie) „Die heilige Elisabeth“ hat am 21. Oktober
1725 2457 2895 2518 sich vielmehr wie gute Kameraden alle ihre Erlebnisse genau
545 2464 1716 2526 in Weimar seine Erstaufführung erlebt. Das Stück selbst
1725 2497 2895 2567 mit. Es soll keine Geheimnisse und noch weniger eine Eifer¬
539 2514 1707 2571 ist im lauf. Jahrg., Nr. 1 der „Schönen Literatur“ von Max
1731 2538 2901 2612 sucht zwischen ihnen geben. Gerade jetzt interessiert sich der
557 2557 1716 2630 Koch besprochen worden. Es handelt sich daher hier nur
1732 2592 2905 2659 Mann für eine gräfliche Schülerin, die Frau für einen
543 2615 1708 2679 noch darum, über die Wirkung der Aufführung zu berichten.
1721 2641 2903 2728 jungen Fürsten. Dieser folgt auch Cäcilien nach Berlin nach,
541 2657 1715 2706 Diese zeigte, daß die nach der Lektüre des Buchdramas be¬
1725 2688 2896 2748 wo sie künstlerische und gesellschaftliche Triumphe feiert.
552 2701 1714 2778 fürchtete undramatische Weichheit nicht so sehr in die Er¬
1731 2745 2896 2799 Unter dem Einflusse dieser Huldigungen sind die Sinne in
554 2747 1722 2808 scheinung trat, vielmehr die Innigkeit der Auffassung des
1731 2793 2895 2852 ihr erwacht, heißer wallt das Blut in ihren Adern, sie ist
546 2799 1717 2858 frommen Charakters der Elisabeth wohltuend berührte und
1728 2833 2901 2899 eine andere geworden. Als solche, aber viel schöner als
554 2844 1725 2907 dem Ganzen den verklärenden Eindruck einer Christustra¬
1731 2892 2892 2945 vorher, erscheint sie auch dem eigenen Gatten, da sie wieder
552 2887 1717 2959 gödie verlieh. Stimmungsgehalt von seltener Innerlichkeit
1729 2931 2903 2982 in den gemeinschaftlichen Haushalt zurückgekehrt ist und er,
538 2936 1726 3002 löste sich aus den gut geschauten Bühnenbildern aus, nur
1734 2974 2893 3039 der sie so lange vernachlässigt und nur als Freundin be¬
544 2986 1721 3049 hier und da störte eine zu gründliche Breite, die den Akt
1734 3030 2907 3088 handelt hat, findet sie plötzlich begehrenswert. Er entbrennt
541 3041 1720 3096 nach den effektvollsten Schlüssen (ein Fehler, der schon im
1728 3081 2893 3142 vor Begierde zu ihr und es lockt ihn, sie (die eigene Gattin!),
554 3091 1719 3156 „Heinrich von Ofterdingen“ hervortrat) noch weiter gehen
1722 3122 2892 3193 dem Fürsten, ihrem vermeintlichen Liebhaber, zu nehmen.
551 3138 1718 3197 und die Wirkung verpuffen ließ. Um die Darstellung hat
1735 3169 2903 3232 „Cäcilie“, ruft er aus, „keinem von uns beiden wird jemals,
560 3187 1716 3243 sich Fräulein Schneider als Elisabeth glänzend verdient ge¬
1728 3220 2904 3284 so lange er lebt, ein schöneres Abenteuer auf dem Wege
555 3227 1726 3286 macht; sie schöpfte die ganze innere Tragik der Gestalt aus
1724 3276 2888 3320 blühen!“ Sie ergibt sich ihm auch nach einigem Wider¬
554 3276 1710 3343 und wurde der großen Wandlung des Charakters gerecht.
1731 3308 2899 3377 streben, was nicht Wunder nehmen konnte, da sie ja, ihrem
548 3320 1727 3390 Wenn der Gegenspieler Pater Konrad gleich psychologisch
1737 3352 2899 3429 Bekenntnis zufolge, in ihrer jetzigen Verfassung schon längere
555 3365 1720 3437 die innere Bedeutung seiner Gestalt ausgeschöpft hätte,
1720 3410 2908 3471 Zeit nur so mit offenen Armen dastand und auf einen
546 3422 1728 3478 wenn er insbesondere die seelische Notwendigkeit seines
1730 3447 2907 3511 wartete, freilich eigentlich nicht auf den Herrn Gemahl und
546 3471 1716 3524 Handelns, wie es die Dichtung verlangt, darzustellen ver¬
1738 3500 2897 3567 auch nicht auf den Fürsten, sondern wie sich später heraus¬
547 3503 1726 3570 mocht hätte, so wäre noch ein besseres Verständnis für die
1728 3546 2904 3610 stellt, auf den ersten Tenor in Berlin. Nach der Liebes¬
559 3565 1721 3627 Feinheiten der Dichtung erzielt worden; der sonst gute
1738 3587 2899 3658 nacht mit Cäcilie wird Amadeus, was ihm bisher noch nie
550 3612 1721 3663 Künstler, Herr Bauer, war wohl hier nicht am rechten Ort.
1724 3639 2903 3711 passierte, plötzlich ungeheuer eifersüchtig auf seine Gattin.
561 3652 1728 3716 Für die Waldlandschaften sollte das in Regiedingen sonst
1723 3693 2893 3766 Er will den Fürsten, den er für ihren Geliebten hält,
553 3704 1715 3765 weit fortgeschrittene Weimarer Theater (Oberregisseur Weiser)
1736 3736 2889 3810 während zwischen den beiden doch gar nichts Ernstes vor¬
1459 3747 1668 3813 A. E—r.
567 3758 1207 3815 auch einen Waldboden schaffen.
1735 3784 2900 3847 gefallen ist, fordern. Im selben Augenblick aber kommt der
1733 3844 2892 3891 Fürst selbst zu ihm und bittet ihn, Cäcilien freizugeben; er
625 3830 1717 3914 Ein neues Stück Arthur Schnitzlers wird von den
1732 3878 2906 3936 hält sozusagen um die Hand von Amadeus' Gattin bei diesem
546 3894 1719 3956 literarischen Snobs und deren Nachbetern stets zu einem
561 3923 2904 4015 großen Ereignis gestempelt. Seine Bühnenwerke besitzen ja an. Amadeus ist zuerst furchtbar wütend über diese Zu¬
