<?xml version="1.0" encoding="UTF-8" standalone="yes"?>
<PcGts xmlns="http://schema.primaresearch.org/PAGE/gts/pagecontent/2013-07-15" xmlns:xsi="http://www.w3.org/2001/XMLSchema-instance" xsi:schemaLocation="http://schema.primaresearch.org/PAGE/gts/pagecontent/2013-07-15 http://schema.primaresearch.org/PAGE/gts/pagecontent/2013-07-15/pagecontent.xsd">
    <Metadata>
        <Creator>prov=University of Rostock/Institute of Mathematics/CITlab/Gundram Leifert/gundram.leifert@uni-rostock.de:name=ONB_Newseye_GT_M1+(htr_id=10810)::::v=2.4.2
prov=University of Rostock/Institute of Mathematics/CITlab/Tobias Gruening/tobias.gruening@uni-rostock.de:name=de.uros.citlab.module.baseline2polygon.B2PSeamMultiOriented:v=2.4.2
prov=University of Rostock/Institute of Mathematics/CITlab/Tobias Gruening/tobias.gruening@uni-rostock.de:name=/mnt/transkribus/LA/DEA/URO/LA_news_onb_att.pb:de.uros.citlab.segmentation.CITlab_LA_ML:v=2.4.2
Transkribus</Creator>
        <Created>2019-10-07T11:19:53.862+02:00</Created>
        <LastChange>2019-10-08T04:05:12.813+02:00</LastChange>
        <TranskribusMetadata docId="223968" pageId="9496776" pageNr="128" tsid="16500511" status="IN_PROGRESS" userId="40391" imgUrl="https://files.transkribus.eu/Get?id=OEZQTKUKCBLLOKHPRIPRKVWS&amp;fileType=view" xmlUrl="https://files.transkribus.eu/Get?id=EFJLLFDXFRTPTLNZIMXZPRNZ" imageId="6187003"/>
    </Metadata>
    <Page imageFilename="223968_0128.jpeg" imageWidth="3436" imageHeight="4352">
        <ReadingOrder>
            <OrderedGroup id="ro_1711439566581" caption="Regions reading order">
                <RegionRefIndexed index="0" regionRef="r1"/>
                <RegionRefIndexed index="1" regionRef="r2"/>
            </OrderedGroup>
        </ReadingOrder>
        <TextRegion orientation="0.0" id="r1" custom="readingOrder {index:0;}">
            <Coords points="256,237 256,405 1287,405 1287,237"/>
            <TextLine id="r1l1" custom="readingOrder {index:0;}">
                <Coords points="247,362 1021,382 1295,355 1106,273 504,284 428,330 349,281 247,297"/>
                <Baseline points="256,337 307,342 359,345 410,348 462,351 513,352 565,354 616,354 668,355 719,355 771,355 823,354 874,354 926,353 977,352 1029,351 1080,351 1132,350 1183,350 1235,350 1287,351"/>
                <TextEquiv>
                    <Unicode>20. Zuischensniel</Unicode>
                </TextEquiv>
            </TextLine>
            <TextEquiv>
                <Unicode>20. Zuischensniel</Unicode>
            </TextEquiv>
        </TextRegion>
        <TextRegion orientation="0.0" id="r2" custom="readingOrder {index:1;}">
            <Coords points="1173,308 1173,3535 2634,3535 2634,308"/>
            <TextLine id="r2l1" custom="readingOrder {index:0;}">
                <Coords points="1317,345 1356,365 1530,335 1569,353 1645,350 1670,330 1762,347 1762,297 1701,264 1661,284 1622,267 1537,276 1508,299 1468,281 1402,295 1357,269 1317,280"/>
                <Baseline points="1325,331 1350,331 1375,332 1400,333 1425,333 1450,334 1476,335 1501,335 1526,335 1551,336 1576,336 1601,336 1627,336 1652,335 1677,335 1702,334 1727,333 1753,331"/>
                <TextEquiv>
                    <Unicode>box 25/1</Unicode>
                </TextEquiv>
            </TextLine>
            <TextLine id="r2l2" custom="readingOrder {index:1;}">
                <Coords points="1893,1011 2194,1023 2345,999 2429,1022 2582,1017 2596,967 1893,979"/>
                <Baseline points="1902,1008 1936,1007 1970,1007 2004,1007 2039,1007 2073,1007 2107,1007 2142,1007 2176,1007 2210,1007 2245,1006 2279,1006 2313,1006 2347,1006 2382,1006 2416,1006 2450,1005 2485,1005 2519,1005 2553,1005 2588,1004"/>
                <TextEquiv>
                    <Unicode>Seelenkunst bleibt die Bühne stets</Unicode>
                </TextEquiv>
            </TextLine>
            <TextLine id="r2l3" custom="readingOrder {index:2;}">
                <Coords points="1898,1077 2002,1061 2080,1082 2152,1057 2273,1072 2304,1053 2556,1075 2608,1049 2608,1004 2417,1027 2346,1008 2300,1039 2247,1011 2134,1037 2080,1016 1897,1034"/>
                <Baseline points="1906,1058 1940,1058 1975,1059 2009,1060 2044,1061 2079,1062 2113,1062 2148,1063 2183,1063 2217,1063 2252,1063 2287,1062 2321,1062 2356,1061 2391,1060 2425,1059 2460,1058 2495,1056 2529,1054 2564,1053 2599,1051"/>
                <TextEquiv>
                    <Unicode>eine falsche Kulisse. Und je mehr</Unicode>
                </TextEquiv>
            </TextLine>
            <TextLine id="r2l4" custom="readingOrder {index:3;}">
                <Coords points="1897,1114 2051,1121 2094,1101 2144,1126 2366,1107 2503,1125 2611,1104 2611,1065 1897,1082"/>
                <Baseline points="1906,1106 1940,1107 1975,1108 2010,1109 2045,1110 2080,1110 2115,1111 2149,1111 2184,1110 2219,1110 2254,1109 2289,1109 2324,1108 2359,1107 2393,1106 2428,1106 2463,1104 2498,1103 2533,1102 2568,1102 2603,1101"/>
                <TextEquiv>
                    <Unicode>man ihr abtrotzt, desto klarer ent¬</Unicode>
                </TextEquiv>
            </TextLine>
            <TextLine id="r2l5" custom="readingOrder {index:4;}">
                <Coords points="1889,1166 1947,1180 2179,1154 2208,1173 2439,1167 2502,1150 2502,1123 2368,1106 2352,1123 1889,1126"/>
                <Baseline points="1898,1157 1927,1156 1957,1155 1987,1155 2017,1155 2046,1155 2076,1155 2106,1154 2136,1154 2165,1154 2195,1154 2225,1154 2255,1154 2284,1154 2314,1153 2344,1152 2374,1152 2403,1151 2433,1150 2463,1149 2493,1147"/>
                <TextEquiv>
                    <Unicode>hüllt sie ihre Unzulänglichkeit.</Unicode>
                </TextEquiv>
            </TextLine>
            <TextLine id="r2l6" custom="readingOrder {index:5;}">
                <Coords points="1949,1220 2452,1200 2558,1216 2611,1199 2610,1151 2582,1142 2333,1175 2208,1174 2179,1154 2133,1174 1949,1166"/>
                <Baseline points="1957,1204 1989,1203 2021,1203 2053,1202 2085,1202 2118,1202 2150,1202 2182,1202 2214,1202 2246,1203 2279,1203 2311,1203 2343,1203 2375,1203 2407,1203 2440,1203 2472,1203 2504,1202 2536,1200 2568,1199 2601,1197"/>
                <TextEquiv>
                    <Unicode>Ich will daher in meinem Referat</Unicode>
                </TextEquiv>
            </TextLine>
            <TextLine id="r2l7" custom="readingOrder {index:6;}">
                <Coords points="1895,1265 2610,1254 2609,1203 1895,1222"/>
                <Baseline points="1905,1255 1939,1255 1974,1255 2009,1255 2044,1255 2078,1254 2113,1254 2148,1253 2183,1253 2217,1252 2252,1251 2287,1251 2322,1250 2356,1250 2391,1249 2426,1249 2461,1249 2495,1249 2530,1249 2565,1250 2600,1250"/>
                <TextEquiv>
                    <Unicode>zunächst ganz davon absehen, daß</Unicode>
                </TextEquiv>
            </TextLine>
            <TextLine id="r2l8" custom="readingOrder {index:7;}">
                <Coords points="1904,1305 1942,1323 2102,1304 2532,1312 2607,1303 2607,1259 1903,1266"/>
                <Baseline points="1912,1301 1946,1301 1980,1301 2015,1301 2049,1301 2083,1301 2118,1301 2152,1300 2186,1300 2221,1300 2255,1299 2289,1299 2324,1299 2358,1298 2392,1298 2427,1298 2461,1297 2495,1297 2530,1296 2564,1296 2599,1295"/>
                <TextEquiv>
                    <Unicode>Schnitzlers Dichtung ein Bühnenstück</Unicode>
                </TextEquiv>
            </TextLine>
            <TextLine id="r2l9" custom="readingOrder {index:8;}">
                <Coords points="1899,1365 2476,1368 2539,1346 2608,1357 2607,1314 1898,1326"/>
                <Baseline points="1908,1352 1942,1352 1977,1351 2011,1351 2046,1350 2080,1350 2115,1349 2149,1349 2184,1348 2218,1348 2253,1347 2287,1347 2322,1346 2356,1346 2391,1346 2425,1346 2460,1345 2494,1345 2529,1345 2563,1345 2598,1345"/>
                <TextEquiv>
                    <Unicode>sein soll. Ich will mir einreden, sie</Unicode>
                </TextEquiv>
            </TextLine>
            <TextLine id="r2l10" custom="readingOrder {index:9;}">
                <Coords points="1909,1423 2067,1392 2102,1415 2264,1399 2316,1424 2464,1389 2491,1409 2616,1407 2615,1364 2568,1356 2294,1355 2244,1381 2195,1358 1908,1365"/>
                <Baseline points="1917,1402 1951,1401 1985,1400 2020,1400 2054,1400 2089,1400 2123,1399 2158,1399 2192,1399 2227,1399 2261,1399 2295,1398 2330,1398 2364,1397 2399,1397 2433,1397 2468,1396 2502,1395 2537,1394 2571,1393 2606,1391"/>
                <TextEquiv>
                    <Unicode>sei eine Novelle. Durch sie erfährt</Unicode>
                </TextEquiv>
            </TextLine>
            <TextLine id="r2l11" custom="readingOrder {index:10;}">
                <Coords points="1903,1456 2192,1452 2254,1473 2529,1442 2578,1462 2612,1457 2612,1407 1903,1422"/>
                <Baseline points="1913,1450 1947,1451 1982,1451 2016,1452 2051,1452 2085,1452 2120,1452 2154,1451 2189,1451 2223,1450 2258,1450 2293,1449 2327,1448 2362,1448 2396,1447 2431,1446 2465,1445 2500,1445 2534,1444 2569,1443 2604,1443"/>
                <TextEquiv>
                    <Unicode>man von den stillen und doch hef¬</Unicode>
                </TextEquiv>
            </TextLine>
            <TextLine id="r2l12" custom="readingOrder {index:11;}">
                <Coords points="1894,1510 2601,1498 2600,1458 2537,1450 2335,1453 2229,1484 2113,1458 1893,1467"/>
                <Baseline points="1902,1501 1936,1500 1971,1500 2005,1500 2040,1500 2074,1499 2109,1499 2143,1499 2178,1498 2212,1498 2247,1498 2281,1497 2316,1497 2350,1496 2385,1496 2419,1495 2454,1494 2488,1493 2523,1492 2557,1491 2592,1490"/>
                <TextEquiv>
                    <Unicode>tigen Zuckungen, an denen die har¬</Unicode>
                </TextEquiv>
            </TextLine>
            <TextLine id="r2l13" custom="readingOrder {index:12;}">
                <Coords points="1897,1554 2013,1572 2065,1551 2233,1565 2366,1544 2406,1562 2613,1541 2613,1510 2470,1498 2368,1519 2245,1499 2180,1517 1897,1509"/>
                <Baseline points="1907,1551 1941,1551 1976,1550 2011,1549 2046,1549 2081,1548 2116,1548 2150,1548 2185,1547 2220,1547 2255,1546 2290,1546 2325,1545 2360,1545 2394,1544 2429,1543 2464,1543 2499,1542 2534,1541 2569,1540 2604,1539"/>
                <TextEquiv>
                    <Unicode>monisch begonnene Ehe eines bevor¬</Unicode>
                </TextEquiv>
            </TextLine>
            <TextLine id="r2l14" custom="readingOrder {index:13;}">
                <Coords points="1905,1604 2612,1601 2611,1556 2569,1549 1904,1559"/>
                <Baseline points="1914,1604 1948,1602 1982,1600 2017,1598 2051,1597 2086,1595 2120,1595 2154,1594 2189,1593 2223,1593 2258,1593 2292,1592 2326,1592 2361,1592 2395,1592 2430,1591 2464,1591 2498,1590 2533,1590 2567,1589 2602,1588"/>
                <TextEquiv>
                    <Unicode>zugten Künstlerpaares wie an inne¬</Unicode>
                </TextEquiv>
            </TextLine>
            <TextLine id="r2l15" custom="readingOrder {index:14;}">
                <Coords points="1903,1652 2147,1669 2204,1642 2618,1649 2617,1597 2099,1619 1902,1601"/>
                <Baseline points="1913,1649 1947,1649 1982,1649 2017,1648 2052,1648 2086,1647 2121,1646 2156,1646 2191,1645 2225,1644 2260,1644 2295,1643 2330,1642 2364,1641 2399,1641 2434,1640 2469,1640 2503,1639 2538,1638 2573,1638 2608,1638"/>
                <TextEquiv>
                    <Unicode>ren Krämpfen erlischt. Es ist das</Unicode>
                </TextEquiv>
            </TextLine>
            <TextLine id="r2l16" custom="readingOrder {index:15;}">
                <Coords points="1904,1707 2208,1715 2406,1690 2559,1709 2617,1684 2616,1650 2526,1637 2493,1656 1904,1664"/>
                <Baseline points="1913,1697 1947,1698 1982,1698 2017,1698 2052,1698 2086,1697 2121,1697 2156,1697 2191,1696 2225,1695 2260,1694 2295,1693 2330,1693 2364,1692 2399,1691 2434,1690 2469,1690 2503,1689 2538,1688 2573,1688 2608,1688"/>
                <TextEquiv>
                    <Unicode>wehe und ernste Lied vom Nichtmehr¬</Unicode>
                </TextEquiv>
            </TextLine>
            <TextLine id="r2l17" custom="readingOrder {index:16;}">
                <Coords points="1902,1754 2562,1760 2622,1739 2621,1705 2587,1696 1901,1707"/>
                <Baseline points="1911,1749 1946,1749 1981,1748 2016,1747 2051,1746 2086,1746 2121,1745 2156,1745 2191,1745 2226,1744 2261,1744 2296,1744 2331,1743 2366,1743 2401,1742 2436,1742 2471,1741 2506,1741 2541,1740 2576,1739 2612,1738"/>
                <TextEquiv>
                    <Unicode>zueinanderkommenkönnen ehemals zu¬</Unicode>
                </TextEquiv>
            </TextLine>
            <TextLine id="r2l18" custom="readingOrder {index:17;}">
                <Coords points="1908,1811 2611,1806 2611,1745 1907,1756"/>
                <Baseline points="1917,1796 1951,1796 1985,1795 2019,1795 2054,1794 2088,1794 2122,1794 2157,1793 2191,1793 2225,1793 2260,1792 2294,1792 2328,1792 2362,1791 2397,1791 2431,1791 2465,1790 2500,1789 2534,1789 2568,1788 2603,1787"/>
                <TextEquiv>
                    <Unicode>sammengehöriger Naturen; oder auch</Unicode>
                </TextEquiv>
            </TextLine>
            <TextLine id="r2l19" custom="readingOrder {index:18;}">
                <Coords points="1898,1858 2576,1850 2619,1846 2619,1806 1897,1818"/>
                <Baseline points="1907,1843 1942,1843 1977,1844 2012,1844 2047,1844 2082,1844 2117,1844 2153,1843 2188,1843 2223,1842 2258,1842 2293,1841 2328,1840 2363,1840 2399,1839 2434,1838 2469,1837 2504,1837 2539,1836 2574,1836 2610,1836"/>
                <TextEquiv>
                    <Unicode>die Tragikomödie vom zerreibenden</Unicode>
                </TextEquiv>
            </TextLine>
            <TextLine id="r2l20" custom="readingOrder {index:19;}">
                <Coords points="1904,1905 2273,1906 2315,1886 2582,1904 2614,1894 2613,1844 2417,1865 2263,1840 2190,1861 1903,1858"/>
                <Baseline points="1913,1893 1947,1894 1982,1894 2016,1894 2051,1894 2086,1894 2120,1893 2155,1893 2189,1893 2224,1892 2259,1891 2293,1890 2328,1889 2362,1889 2397,1888 2432,1888 2466,1887 2501,1887 2535,1886 2570,1886 2605,1886"/>
                <TextEquiv>
                    <Unicode>Widerspruch zwischen Seele und Leib,</Unicode>
                </TextEquiv>
            </TextLine>
            <TextLine id="r2l21" custom="readingOrder {index:20;}">
                <Coords points="1909,1949 2376,1954 2433,1931 2607,1949 2617,1892 2065,1914 2016,1897 1908,1918"/>
                <Baseline points="1917,1945 1951,1945 1986,1944 2020,1944 2055,1944 2089,1943 2124,1942 2158,1942 2193,1941 2227,1940 2262,1939 2297,1939 2331,1938 2366,1937 2400,1937 2435,1936 2469,1936 2504,1936 2538,1936 2573,1936 2608,1937"/>
                <TextEquiv>
                    <Unicode>zwischen freundschaftlicher und ge¬</Unicode>
                </TextEquiv>
            </TextLine>
            <TextLine id="r2l22" custom="readingOrder {index:21;}">
                <Coords points="1907,1994 2620,2005 2619,1947 2352,1962 2328,1942 2278,1968 2088,1941 1906,1965"/>
                <Baseline points="1916,1996 1950,1994 1985,1994 2020,1993 2055,1992 2089,1991 2124,1990 2159,1990 2194,1990 2228,1990 2263,1989 2298,1989 2333,1989 2367,1989 2402,1989 2437,1988 2472,1988 2506,1987 2541,1986 2576,1985 2611,1984"/>
                <TextEquiv>
                    <Unicode>schlechtlicher Liebe. Das spielt sich</Unicode>
                </TextEquiv>
            </TextLine>
            <TextLine id="r2l23" custom="readingOrder {index:22;}">
                <Coords points="1904,2050 2598,2050 2623,2040 2623,1997 1903,2012"/>
                <Baseline points="1912,2042 1947,2041 1982,2041 2017,2040 2052,2040 2087,2040 2122,2039 2158,2039 2193,2039 2228,2038 2263,2038 2298,2038 2333,2037 2368,2037 2404,2036 2439,2036 2474,2036 2509,2035 2544,2035 2579,2034 2615,2033"/>
                <TextEquiv>
                    <Unicode>nirgends im Groben, Unlauteren und</Unicode>
                </TextEquiv>
            </TextLine>
            <TextLine id="r2l24" custom="readingOrder {index:23;}">
                <Coords points="1908,2095 2623,2096 2622,2049 2582,2044 2521,2061 2470,2038 2234,2060 2213,2043 2094,2069 1908,2048"/>
                <Baseline points="1917,2089 1951,2090 1986,2090 2021,2091 2056,2091 2091,2091 2126,2091 2160,2091 2195,2091 2230,2090 2265,2090 2300,2090 2335,2089 2370,2088 2404,2088 2439,2087 2474,2086 2509,2085 2544,2084 2579,2083 2614,2083"/>
                <TextEquiv>
                    <Unicode>Unfreien ab; das schleicht sich aufs</Unicode>
                </TextEquiv>
            </TextLine>
            <TextLine id="r2l25" custom="readingOrder {index:24;}">
                <Coords points="1910,2150 2632,2146 2631,2105 2546,2095 2144,2098 2058,2121 1909,2094"/>
                <Baseline points="1919,2139 1954,2140 1989,2140 2024,2140 2059,2140 2094,2140 2129,2140 2165,2140 2200,2139 2235,2138 2270,2138 2305,2137 2340,2136 2375,2136 2411,2135 2446,2135 2481,2134 2516,2133 2551,2133 2586,2132 2622,2132"/>
                <TextEquiv>
                    <Unicode>leiseste, unmerklichste ein= bei Men¬</Unicode>
                </TextEquiv>
            </TextLine>
            <TextLine id="r2l26" custom="readingOrder {index:25;}">
                <Coords points="1223,2148 1281,2165 1523,2144 1799,2157 1797,2067 1753,2084 1222,2083"/>
                <Baseline points="1232,2151 1259,2150 1287,2150 1315,2149 1343,2149 1371,2148 1399,2148 1426,2147 1454,2146 1482,2146 1510,2145 1538,2144 1566,2144 1594,2143 1621,2143 1649,2142 1677,2142 1705,2142 1733,2141 1761,2141 1789,2141"/>
                <TextEquiv>
                    <Unicode>S Wiener Theatez¬</Unicode>
                </TextEquiv>
            </TextLine>
            <TextLine id="r2l27" custom="readingOrder {index:26;}">
                <Coords points="1910,2197 2634,2194 2633,2160 2570,2141 1910,2150"/>
                <Baseline points="1920,2190 1955,2188 1990,2187 2025,2186 2060,2185 2096,2184 2131,2184 2166,2184 2201,2184 2236,2184 2272,2184 2307,2184 2342,2183 2377,2183 2412,2183 2448,2183 2483,2183 2518,2182 2553,2180 2588,2179 2624,2178"/>
                <TextEquiv>
                    <Unicode>schen, die gewohnt sind, in der Wahr¬</Unicode>
                </TextEquiv>
            </TextLine>
            <TextLine id="r2l28" custom="readingOrder {index:27;}">
                <Coords points="1226,2217 1330,2198 1516,2213 1550,2189 1617,2210 1881,2197 1864,2147 1285,2166 1225,2149"/>
                <Baseline points="1235,2195 1266,2196 1298,2196 1330,2195 1362,2195 1394,2195 1426,2195 1457,2195 1489,2194 1521,2194 1553,2194 1585,2193 1617,2193 1649,2192 1680,2192 1712,2191 1744,2190 1776,2189 1808,2188 1840,2187 1872,2186"/>
                <TextEquiv>
                    <Unicode>Die dichterische Entwicklung Ar¬</Unicode>
                </TextEquiv>
            </TextLine>
            <TextLine id="r2l29" custom="readingOrder {index:28;}">
                <Coords points="1907,2252 2197,2234 2232,2258 2300,2234 2573,2250 2619,2233 2619,2197 1906,2207"/>
                <Baseline points="1915,2239 1949,2238 1984,2237 2019,2237 2054,2237 2089,2237 2123,2236 2158,2236 2193,2236 2228,2236 2263,2235 2297,2235 2332,2235 2367,2234 2402,2234 2437,2233 2471,2232 2506,2231 2541,2230 2576,2228 2611,2226"/>
                <TextEquiv>
                    <Unicode>heit zu leben und ihre gegenseitige</Unicode>
                </TextEquiv>
            </TextLine>
            <TextLine id="r2l30" custom="readingOrder {index:29;}">
                <Coords points="1167,2250 1820,2255 1881,2234 1881,2196 1166,2207"/>
                <Baseline points="1176,2246 1210,2246 1245,2246 1280,2245 1315,2245 1350,2245 1385,2244 1419,2244 1454,2244 1489,2243 1524,2243 1559,2242 1594,2241 1629,2241 1663,2241 1698,2240 1733,2240 1768,2239 1803,2239 1838,2239 1873,2239"/>
                <TextEquiv>
                    <Unicode>thur Schnitzlers wird immer fei¬</Unicode>
                </TextEquiv>
            </TextLine>
            <TextLine id="r2l31" custom="readingOrder {index:30;}">
                <Coords points="1905,2290 2143,2291 2183,2312 2229,2283 2280,2306 2383,2274 2412,2295 2581,2296 2621,2285 2620,2233 2242,2256 2034,2256 2003,2237 1904,2262"/>
                <Baseline points="1913,2288 1947,2287 1982,2285 2017,2284 2052,2283 2087,2282 2122,2282 2157,2281 2192,2281 2227,2281 2262,2280 2296,2280 2331,2280 2366,2280 2401,2280 2436,2279 2471,2279 2506,2279 2541,2278 2576,2277 2611,2276"/>
                <TextEquiv>
                    <Unicode>Freiheit voll zu achten. Gerade weil</Unicode>
                </TextEquiv>
            </TextLine>
            <TextLine id="r2l32" custom="readingOrder {index:31;}">
                <Coords points="1164,2306 1894,2300 1894,2248 1163,2246"/>
                <Baseline points="1173,2297 1208,2296 1244,2296 1279,2295 1315,2295 1351,2295 1386,2294 1422,2294 1457,2294 1493,2294 1529,2293 1564,2293 1600,2293 1635,2292 1671,2292 1707,2292 1742,2291 1778,2290 1813,2290 1849,2289 1885,2288"/>
                <TextEquiv>
                    <Unicode>ner und subrtmer; aber sie führt</Unicode>
                </TextEquiv>
            </TextLine>
            <TextLine id="r2l33" custom="readingOrder {index:32;}">
                <Coords points="1918,2351 2058,2337 2114,2354 2179,2327 2213,2350 2330,2327 2358,2347 2505,2327 2583,2350 2623,2328 2622,2304 2563,2283 1917,2300"/>
                <Baseline points="1927,2336 1961,2336 1995,2335 2030,2334 2064,2334 2098,2334 2133,2333 2167,2333 2201,2333 2236,2333 2270,2333 2304,2333 2339,2332 2373,2332 2407,2332 2442,2331 2476,2331 2510,2330 2545,2330 2579,2329 2614,2328"/>
                <TextEquiv>
                    <Unicode>sie so sind, wachen sie mit emp¬</Unicode>
                </TextEquiv>
            </TextLine>
            <TextLine id="r2l34" custom="readingOrder {index:33;}">
                <Coords points="1184,2353 1891,2344 1890,2298 1858,2313 1775,2293 1184,2319"/>
                <Baseline points="1194,2347 1228,2347 1262,2346 1297,2346 1331,2345 1366,2345 1400,2344 1435,2343 1469,2343 1504,2342 1538,2341 1572,2340 1607,2340 1641,2339 1676,2338 1710,2337 1745,2337 1779,2336 1814,2336 1848,2335 1883,2335"/>
                <TextEquiv>
                    <Unicode>auch immer deutlicher von der leben¬</Unicode>
                </TextEquiv>
            </TextLine>
            <TextLine id="r2l35" custom="readingOrder {index:34;}">
                <Coords points="1907,2413 1959,2389 2075,2402 2121,2377 2149,2396 2321,2376 2488,2400 2625,2380 2624,2351 2557,2340 1906,2348"/>
                <Baseline points="1916,2386 1951,2385 1986,2384 2021,2383 2056,2382 2091,2382 2126,2381 2161,2380 2196,2380 2231,2380 2266,2379 2301,2379 2336,2379 2371,2379 2406,2378 2441,2378 2476,2378 2511,2378 2546,2378 2581,2378 2616,2378"/>
                <TextEquiv>
                    <Unicode>findsamer Eifersucht — nicht etwa</Unicode>
                </TextEquiv>
            </TextLine>
            <TextLine id="r2l36" custom="readingOrder {index:35;}">
                <Coords points="1185,2413 1887,2398 1886,2348 1814,2342 1744,2363 1612,2345 1184,2355"/>
                <Baseline points="1194,2394 1228,2395 1262,2395 1296,2395 1330,2395 1364,2394 1398,2393 1433,2393 1467,2392 1501,2391 1535,2390 1569,2388 1603,2388 1637,2387 1672,2386 1706,2386 1740,2386 1774,2386 1808,2387 1842,2388 1877,2390"/>
                <TextEquiv>
                    <Unicode>digen naiven Bühne hinweg. Liegt</Unicode>
                </TextEquiv>
            </TextLine>
            <TextLine id="r2l37" custom="readingOrder {index:36;}">
                <Coords points="1907,2442 2275,2449 2372,2429 2412,2449 2569,2428 2623,2447 2622,2389 2133,2388 2033,2417 1953,2391 1906,2413"/>
                <Baseline points="1915,2436 1951,2436 1988,2435 2025,2434 2062,2433 2098,2433 2135,2433 2172,2432 2209,2432 2246,2432 2282,2431 2319,2431 2356,2430 2393,2430 2430,2429 2466,2428 2503,2427 2540,2426 2577,2425 2614,2424"/>
                <TextEquiv>
                    <Unicode>über dem, was der andere Teil</Unicode>
                </TextEquiv>
            </TextLine>
            <TextLine id="r2l38" custom="readingOrder {index:37;}">
                <Coords points="1187,2454 1878,2449 1888,2398 1186,2415"/>
                <Baseline points="1195,2442 1229,2443 1263,2444 1297,2444 1332,2444 1366,2444 1400,2443 1434,2443 1469,2442 1503,2441 1537,2440 1571,2439 1606,2438 1640,2436 1674,2436 1708,2435 1743,2434 1777,2434 1811,2434 1845,2434 1880,2434"/>
                <TextEquiv>
                    <Unicode>es daran, daß die Bühne Sublim¬</Unicode>
                </TextEquiv>
            </TextLine>
            <TextLine id="r2l39" custom="readingOrder {index:38;}">
                <Coords points="1908,2503 2191,2477 2534,2493 2620,2483 2620,2447 2225,2435 1958,2458 1907,2438"/>
                <Baseline points="1916,2487 1950,2485 1985,2483 2020,2482 2055,2481 2090,2480 2124,2480 2159,2480 2194,2480 2229,2480 2264,2480 2298,2480 2333,2480 2368,2480 2403,2480 2438,2479 2472,2479 2507,2478 2542,2477 2577,2475 2612,2474"/>
                <TextEquiv>
                    <Unicode>tut, sondern über dem, was jeder</Unicode>
                </TextEquiv>
            </TextLine>
            <TextLine id="r2l40" custom="readingOrder {index:39;}">
                <Coords points="1183,2500 1715,2490 1842,2508 1892,2489 1891,2444 1781,2469 1723,2441 1182,2457"/>
                <Baseline points="1191,2494 1225,2494 1260,2494 1294,2494 1329,2493 1364,2492 1398,2492 1433,2491 1467,2490 1502,2489 1537,2488 1571,2487 1606,2487 1640,2486 1675,2485 1710,2484 1744,2484 1779,2484 1813,2484 1848,2484 1883,2485"/>
                <TextEquiv>
                    <Unicode>stes und Feinstes der Dichtung nicht</Unicode>
                </TextEquiv>
            </TextLine>
            <TextLine id="r2l41" custom="readingOrder {index:40;}">
                <Coords points="1917,2554 2633,2538 2632,2485 1916,2504"/>
                <Baseline points="1926,2540 1960,2538 1995,2535 2030,2534 2065,2532 2100,2531 2135,2530 2169,2530 2204,2529 2239,2529 2274,2529 2309,2529 2344,2529 2379,2528 2413,2528 2448,2527 2483,2527 2518,2526 2553,2525 2588,2524 2623,2521"/>
                <TextEquiv>
                    <Unicode>für sich und mit Bezug auf den</Unicode>
                </TextEquiv>
            </TextLine>
            <TextLine id="r2l42" custom="readingOrder {index:41;}">
                <Coords points="1187,2556 1250,2566 1378,2538 1815,2553 1892,2534 1892,2511 1186,2502"/>
                <Baseline points="1195,2538 1229,2540 1263,2540 1298,2540 1332,2541 1367,2540 1401,2540 1435,2540 1470,2539 1504,2539 1539,2537 1573,2537 1607,2536 1642,2535 1676,2534 1711,2533 1745,2533 1779,2532 1814,2532 1848,2532 1883,2531"/>
                <TextEquiv>
                    <Unicode>verträgt? Oder vielleicht auch dar¬</Unicode>
                </TextEquiv>
            </TextLine>
            <TextLine id="r2l43" custom="readingOrder {index:42;}">
                <Coords points="1906,2604 1998,2585 2633,2585 2632,2539 2605,2535 2441,2557 2336,2533 1905,2554"/>
                <Baseline points="1915,2585 1950,2584 1985,2583 2021,2581 2056,2581 2092,2580 2127,2579 2162,2579 2198,2578 2233,2578 2269,2577 2304,2577 2339,2577 2375,2576 2410,2575 2446,2575 2481,2574 2516,2573 2552,2572 2587,2571 2623,2569"/>
                <TextEquiv>
                    <Unicode>anderen innerlich fühlt. So ist</Unicode>
                </TextEquiv>
            </TextLine>
            <TextLine id="r2l44" custom="readingOrder {index:43;}">
                <Coords points="1190,2609 1264,2591 1888,2591 1887,2557 1855,2548 1692,2536 1584,2558 1189,2560"/>
                <Baseline points="1198,2590 1232,2590 1266,2591 1300,2591 1334,2591 1368,2591 1402,2591 1436,2590 1470,2590 1504,2589 1538,2588 1572,2587 1606,2586 1640,2586 1674,2585 1708,2584 1742,2584 1776,2583 1810,2583 1844,2583 1879,2583"/>
                <TextEquiv>
                    <Unicode>an, daß dichterischer Feinsinn zu</Unicode>
                </TextEquiv>
            </TextLine>
            <TextLine id="r2l45" custom="readingOrder {index:44;}">
                <Coords points="1913,2648 2030,2649 2100,2623 2140,2642 2499,2629 2636,2648 2635,2586 1912,2602"/>
                <Baseline points="1921,2633 1956,2632 1991,2631 2026,2630 2062,2629 2097,2628 2132,2628 2167,2628 2203,2628 2238,2628 2273,2628 2308,2628 2344,2628 2379,2627 2414,2627 2449,2627 2485,2626 2520,2625 2555,2624 2590,2623 2626,2621"/>
                <TextEquiv>
                    <Unicode>zwischen ihnen nach siebenjähriger</Unicode>
                </TextEquiv>
            </TextLine>
            <TextLine id="r2l46" custom="readingOrder {index:45;}">
                <Coords points="1180,2654 1398,2639 1479,2659 1612,2624 1685,2652 1856,2652 1903,2644 1902,2594 1179,2605"/>
                <Baseline points="1189,2639 1224,2640 1259,2641 1294,2642 1329,2642 1365,2642 1400,2642 1435,2642 1470,2641 1505,2640 1541,2639 1576,2638 1611,2637 1646,2636 1681,2635 1717,2633 1752,2632 1787,2632 1822,2631 1857,2631 1893,2631"/>
                <TextEquiv>
                    <Unicode>allerhand gewagten Experimenten</Unicode>
                </TextEquiv>
            </TextLine>
            <TextLine id="r2l47" custom="readingOrder {index:46;}">
                <Coords points="1922,2686 2578,2692 2639,2677 2639,2648 2489,2652 2408,2629 1921,2650"/>
                <Baseline points="1931,2682 1967,2680 2004,2680 2041,2679 2078,2678 2114,2677 2151,2676 2188,2676 2225,2676 2262,2675 2298,2675 2335,2675 2372,2675 2409,2674 2446,2674 2482,2674 2519,2673 2556,2673 2593,2672 2630,2671"/>
                <TextEquiv>
                    <Unicode>Ehe Ermüdung und Unlust einge¬</Unicode>
                </TextEquiv>
            </TextLine>
            <TextLine id="r2l48" custom="readingOrder {index:47;}">
                <Coords points="1184,2703 1429,2689 1581,2708 1781,2684 1837,2701 1893,2676 1892,2655 1831,2638 1183,2654"/>
                <Baseline points="1193,2689 1227,2690 1262,2690 1296,2691 1331,2691 1365,2690 1400,2690 1434,2689 1469,2688 1503,2687 1538,2686 1572,2685 1607,2684 1641,2683 1676,2682 1710,2681 1745,2681 1779,2680 1814,2680 1848,2680 1883,2681"/>
                <TextEquiv>
                    <Unicode>verleitet, die dem angestammten Cha¬</Unicode>
                </TextEquiv>
            </TextLine>
            <TextLine id="r2l49" custom="readingOrder {index:48;}">
                <Coords points="1911,2730 2039,2756 2163,2726 2629,2739 2610,2676 2190,2684 2165,2704 2127,2685 2071,2707 2031,2682 1970,2703 1910,2685"/>
                <Baseline points="1919,2730 1954,2729 1989,2728 2024,2727 2059,2727 2094,2726 2129,2726 2164,2726 2199,2726 2234,2725 2269,2725 2304,2725 2339,2725 2374,2725 2409,2724 2444,2724 2479,2723 2514,2723 2549,2722 2584,2721 2619,2719"/>
                <TextEquiv>
                    <Unicode>treten, und hier liegt für sie der</Unicode>
                </TextEquiv>
            </TextLine>
            <TextLine id="r2l50" custom="readingOrder {index:49;}">
                <Coords points="1186,2736 1239,2755 1886,2739 1885,2683 1837,2704 1756,2687 1686,2705 1186,2702"/>
                <Baseline points="1196,2739 1230,2739 1264,2738 1298,2738 1332,2737 1366,2736 1400,2736 1434,2735 1468,2734 1502,2734 1536,2733 1570,2732 1604,2732 1638,2731 1672,2731 1706,2730 1740,2730 1774,2729 1808,2729 1842,2729 1877,2729"/>
                <TextEquiv>
                    <Unicode>rakter unserer Bühne widersprechen?</Unicode>
                </TextEquiv>
            </TextLine>
            <TextLine id="r2l51" custom="readingOrder {index:50;}">
                <Coords points="1922,2786 2568,2790 2632,2773 2632,2739 2302,2728 1921,2750"/>
                <Baseline points="1930,2780 1964,2779 1999,2778 2034,2777 2068,2776 2103,2776 2138,2775 2172,2775 2207,2774 2242,2774 2277,2774 2311,2773 2346,2773 2381,2773 2415,2773 2450,2773 2485,2772 2519,2772 2554,2772 2589,2772 2624,2771"/>
                <TextEquiv>
                    <Unicode>Keim zu allem Trivialen, Herab¬</Unicode>
                </TextEquiv>
            </TextLine>
            <TextLine id="r2l52" custom="readingOrder {index:51;}">
                <Coords points="1180,2801 1435,2783 1845,2797 1899,2780 1898,2747 1538,2761 1476,2741 1428,2767 1368,2743 1178,2747"/>
                <Baseline points="1189,2786 1224,2788 1259,2789 1294,2790 1329,2790 1364,2790 1399,2790 1434,2790 1469,2789 1504,2789 1539,2787 1574,2786 1609,2785 1644,2784 1679,2783 1714,2782 1749,2780 1784,2780 1819,2778 1854,2778 1889,2777"/>
                <TextEquiv>
                    <Unicode>Jedenfalls, als man kürzlich im</Unicode>
                </TextEquiv>
            </TextLine>
            <TextLine id="r2l53" custom="readingOrder {index:52;}">
                <Coords points="1915,2846 2129,2824 2187,2839 2227,2817 2283,2839 2483,2820 2528,2846 2635,2832 2635,2783 1914,2799"/>
                <Baseline points="1923,2834 1958,2832 1993,2830 2028,2828 2063,2827 2099,2826 2134,2825 2169,2825 2204,2824 2239,2824 2275,2823 2310,2823 2345,2823 2380,2822 2415,2822 2451,2822 2486,2821 2521,2821 2556,2820 2591,2819 2627,2817"/>
                <TextEquiv>
                    <Unicode>ziehenden und im letzten Grunde</Unicode>
                </TextEquiv>
            </TextLine>
            <TextLine id="r2l54" custom="readingOrder {index:53;}">
                <Coords points="1185,2842 1790,2848 1890,2837 1889,2786 1762,2805 1617,2788 1184,2802"/>
                <Baseline points="1194,2837 1228,2837 1262,2837 1297,2837 1331,2837 1366,2837 1400,2836 1434,2836 1469,2836 1503,2836 1538,2835 1572,2835 1606,2834 1641,2833 1675,2832 1710,2831 1744,2829 1778,2828 1813,2826 1847,2824 1882,2822"/>
                <TextEquiv>
                    <Unicode>Burgtheater Schnitzlers neue Komö¬</Unicode>
                </TextEquiv>
            </TextLine>
            <TextLine id="r2l55" custom="readingOrder {index:54;}">
                <Coords points="1920,2882 2153,2895 2283,2869 2485,2889 2636,2870 2636,2843 1920,2844"/>
                <Baseline points="1930,2876 1964,2875 1999,2874 2034,2873 2069,2873 2104,2872 2139,2872 2173,2872 2208,2872 2243,2872 2278,2873 2313,2873 2348,2873 2383,2873 2417,2873 2452,2872 2487,2872 2522,2871 2557,2870 2592,2869 2627,2867"/>
                <TextEquiv>
                    <Unicode>Unwahrhaftigen. Sie mögen ihre</Unicode>
                </TextEquiv>
            </TextLine>
            <TextLine id="r2l56" custom="readingOrder {index:55;}">
                <Coords points="1189,2892 1366,2906 1893,2881 1892,2841 1859,2835 1598,2835 1540,2858 1469,2839 1188,2845"/>
                <Baseline points="1198,2885 1232,2885 1266,2885 1300,2885 1335,2885 1369,2885 1403,2885 1438,2885 1472,2885 1506,2885 1541,2885 1575,2884 1609,2884 1643,2883 1678,2881 1712,2880 1746,2878 1781,2876 1815,2874 1849,2871 1884,2867"/>
                <TextEquiv>
                    <Unicode>die in drei Akten „Zwischenspiel“</Unicode>
                </TextEquiv>
            </TextLine>
            <TextLine id="r2l57" custom="readingOrder {index:56;}">
                <Coords points="1925,2922 2113,2947 2145,2928 2169,2946 2634,2916 2615,2871 2511,2892 2260,2871 2181,2908 1925,2889"/>
                <Baseline points="1934,2924 1968,2924 2003,2923 2037,2922 2072,2922 2106,2922 2141,2921 2175,2921 2210,2921 2244,2921 2279,2920 2313,2920 2348,2920 2382,2919 2417,2919 2451,2919 2486,2918 2520,2918 2555,2917 2589,2916 2624,2916"/>
                <TextEquiv>
                    <Unicode>Beziehungen, die die Vergangenheit</Unicode>
                </TextEquiv>
            </TextLine>
            <TextLine id="r2l58" custom="readingOrder {index:57;}">
                <Coords points="1184,2949 1896,2931 1895,2895 1861,2887 1183,2895"/>
                <Baseline points="1193,2938 1227,2938 1262,2937 1297,2937 1331,2936 1366,2935 1401,2935 1435,2934 1470,2933 1505,2932 1540,2931 1574,2930 1609,2930 1644,2929 1678,2928 1713,2928 1748,2927 1782,2927 1817,2927 1852,2927 1887,2927"/>
                <TextEquiv>
                    <Unicode>sah, gewann man den Eindruck, daß</Unicode>
                </TextEquiv>
            </TextLine>
            <TextLine id="r2l59" custom="readingOrder {index:58;}">
                <Coords points="1923,2980 2371,2987 2472,2966 2578,2986 2636,2962 2597,2924 2529,2942 2413,2925 2390,2942 1923,2940"/>
                <Baseline points="1933,2979 1967,2978 2002,2976 2037,2975 2071,2973 2106,2973 2141,2972 2175,2972 2210,2971 2245,2971 2280,2971 2314,2971 2349,2971 2384,2971 2418,2970 2453,2970 2488,2969 2522,2968 2557,2968 2592,2965 2627,2964"/>
                <TextEquiv>
                    <Unicode>geadelt hat, nicht durch eine zweifel¬</Unicode>
                </TextEquiv>
            </TextLine>
            <TextLine id="r2l60" custom="readingOrder {index:59;}">
                <Coords points="1184,2986 1853,2994 1902,2980 1901,2935 1834,2956 1740,2932 1659,2956 1442,2936 1183,2948"/>
                <Baseline points="1193,2988 1229,2988 1266,2987 1303,2986 1340,2986 1376,2985 1413,2984 1450,2983 1487,2982 1524,2981 1560,2981 1597,2980 1634,2979 1671,2978 1708,2978 1744,2978 1781,2977 1818,2977 1855,2977 1892,2978"/>
                <TextEquiv>
                    <Unicode>hier die Bühne vom Dichter, zu</Unicode>
                </TextEquiv>
            </TextLine>
            <TextLine id="r2l61" custom="readingOrder {index:60;}">
                <Coords points="1918,3039 2630,3020 2629,2981 2604,2976 2234,2995 2165,2975 1917,2981"/>
                <Baseline points="1927,3028 1961,3027 1996,3026 2031,3025 2065,3025 2100,3024 2135,3024 2169,3023 2204,3023 2239,3023 2274,3022 2308,3022 2343,3021 2378,3021 2412,3020 2447,3019 2482,3018 2516,3017 2551,3016 2586,3014 2621,3012"/>
                <TextEquiv>
                    <Unicode>hafte Zukunft nachträglich entehren.</Unicode>
                </TextEquiv>
            </TextLine>
            <TextLine id="r2l62" custom="readingOrder {index:61;}">
                <Coords points="1188,3045 1882,3042 1896,2984 1187,2994"/>
                <Baseline points="1197,3035 1231,3034 1266,3033 1300,3032 1335,3031 1369,3031 1404,3030 1438,3030 1473,3029 1507,3029 1542,3029 1576,3029 1611,3029 1645,3028 1680,3028 1714,3028 1749,3027 1783,3027 1818,3026 1852,3025 1887,3024"/>
                <TextEquiv>
                    <Unicode>Aeußerungsformen gereizt worden</Unicode>
                </TextEquiv>
            </TextLine>
            <TextLine id="r2l63" custom="readingOrder {index:62;}">
                <Coords points="1932,3080 2595,3083 2635,3070 2634,3017 2532,3039 2494,3021 2364,3041 1931,3038"/>
                <Baseline points="1940,3074 1974,3073 2008,3072 2042,3072 2077,3072 2111,3071 2145,3071 2179,3071 2214,3071 2248,3070 2282,3070 2316,3070 2351,3070 2385,3069 2419,3068 2453,3068 2488,3067 2522,3066 2556,3065 2590,3063 2625,3061"/>
                <TextEquiv>
                    <Unicode>Beide fühlen sich ihrer selbst nicht</Unicode>
                </TextEquiv>
            </TextLine>
            <TextLine id="r2l64" custom="readingOrder {index:63;}">
                <Coords points="1194,3093 1517,3100 1908,3070 1907,3043 1869,3035 1193,3046"/>
                <Baseline points="1203,3083 1237,3083 1272,3083 1307,3083 1342,3082 1377,3082 1411,3081 1446,3081 1481,3080 1516,3079 1551,3078 1585,3078 1620,3077 1655,3076 1690,3076 1725,3075 1759,3075 1794,3074 1829,3074 1864,3074 1899,3075"/>
                <TextEquiv>
                    <Unicode>sei, die ihrem naiven Wesen fremd</Unicode>
                </TextEquiv>
            </TextLine>
            <TextLine id="r2l65" custom="readingOrder {index:64;}">
                <Coords points="1921,3128 2632,3122 2631,3073 2238,3078 2177,3103 2106,3080 1921,3086"/>
                <Baseline points="1930,3125 1964,3123 1999,3122 2033,3121 2068,3120 2103,3119 2137,3119 2172,3119 2207,3118 2241,3118 2276,3118 2311,3118 2345,3118 2380,3117 2415,3117 2449,3117 2484,3116 2519,3115 2553,3114 2588,3113 2623,3112"/>
                <TextEquiv>
                    <Unicode>mehr sicher, und somit beschließen</Unicode>
                </TextEquiv>
            </TextLine>
            <TextLine id="r2l66" custom="readingOrder {index:65;}">
                <Coords points="1187,3142 1844,3142 1905,3121 1823,3082 1186,3095"/>
                <Baseline points="1195,3133 1230,3133 1265,3132 1300,3132 1335,3131 1370,3131 1405,3130 1440,3130 1475,3129 1510,3128 1545,3128 1580,3127 1615,3127 1650,3126 1685,3125 1720,3125 1755,3124 1790,3123 1825,3123 1860,3122 1895,3121"/>
                <TextEquiv>
                    <Unicode>und im Grunde wider ihre Natur</Unicode>
                </TextEquiv>
            </TextLine>
            <TextLine id="r2l67" custom="readingOrder {index:66;}">
                <Coords points="1937,3188 2011,3167 2067,3188 2245,3169 2274,3194 2299,3170 2518,3184 2635,3159 2616,3119 2059,3128 2032,3145 1936,3130"/>
                <Baseline points="1945,3173 1979,3172 2013,3170 2047,3170 2081,3169 2115,3168 2149,3168 2183,3168 2217,3168 2251,3167 2285,3167 2319,3167 2353,3167 2387,3167 2421,3166 2455,3166 2489,3165 2523,3165 2557,3163 2591,3162 2626,3160"/>
                <TextEquiv>
                    <Unicode>sie, offen und ehrlich auseinander¬</Unicode>
                </TextEquiv>
            </TextLine>
            <TextLine id="r2l68" custom="readingOrder {index:67;}">
                <Coords points="1205,3193 1905,3175 1904,3141 1872,3134 1493,3137 1414,3157 1204,3137"/>
                <Baseline points="1214,3182 1248,3182 1282,3182 1316,3181 1350,3181 1384,3181 1418,3180 1452,3180 1486,3179 1520,3179 1554,3178 1588,3177 1622,3176 1656,3176 1690,3175 1724,3174 1758,3173 1792,3173 1826,3172 1860,3171 1895,3171"/>
                <TextEquiv>
                    <Unicode>sind. Trotz erlesenster Schauspielkunst</Unicode>
                </TextEquiv>
            </TextLine>
            <TextLine id="r2l69" custom="readingOrder {index:68;}">
                <Coords points="1928,3237 1946,3234 1959,3241 1985,3232 1996,3239 2007,3229 2034,3233 2061,3223 2085,3235 2093,3227 2108,3232 2106,3183 2066,3189 2033,3179 2005,3188 1992,3185 1983,3194 1956,3183 1925,3183"/>
                <Baseline points="1936,3224 1963,3221 1990,3218 2017,3216 2044,3215 2071,3215 2099,3217"/>
                <TextEquiv>
                    <Unicode>zugehen.</Unicode>
                </TextEquiv>
            </TextLine>
            <TextLine id="r2l70" custom="readingOrder {index:69;}">
                <Coords points="1184,3225 1446,3243 1904,3227 1903,3176 1183,3184"/>
                <Baseline points="1193,3231 1228,3230 1263,3229 1298,3229 1333,3228 1368,3227 1403,3227 1438,3226 1473,3226 1508,3225 1544,3225 1579,3225 1614,3224 1649,3224 1684,3224 1719,3223 1754,3223 1789,3223 1824,3222 1859,3222 1895,3221"/>
                <TextEquiv>
                    <Unicode>blieb der Gesamteindruck matt. Man</Unicode>
                </TextEquiv>
            </TextLine>
            <TextLine id="r2l71" custom="readingOrder {index:70;}">
                <Coords points="1980,3265 2066,3288 2331,3264 2391,3283 2487,3262 2618,3277 2630,3221 2578,3227 2551,3207 2472,3235 2392,3214 1979,3234"/>
                <Baseline points="1989,3264 2020,3265 2052,3266 2083,3266 2115,3267 2147,3268 2178,3268 2210,3268 2241,3268 2273,3268 2305,3268 2336,3268 2368,3267 2399,3266 2431,3266 2463,3265 2494,3264 2526,3262 2557,3261 2589,3260 2621,3258"/>
                <TextEquiv>
                    <Unicode>Dieser neue Pakt, den der Wiener</Unicode>
                </TextEquiv>
            </TextLine>
            <TextLine id="r2l72" custom="readingOrder {index:71;}">
                <Coords points="1197,3288 1894,3284 1893,3241 1797,3228 1197,3249"/>
                <Baseline points="1207,3281 1240,3280 1274,3280 1308,3279 1342,3278 1376,3278 1410,3277 1444,3276 1478,3275 1512,3275 1546,3274 1579,3274 1613,3273 1647,3272 1681,3272 1715,3272 1749,3271 1783,3271 1817,3271 1851,3270 1885,3270"/>
                <TextEquiv>
                    <Unicode>genoß das unsäglich feine und reich¬</Unicode>
                </TextEquiv>
            </TextLine>
            <TextLine id="r2l73" custom="readingOrder {index:72;}">
                <Coords points="1926,3322 2383,3331 2487,3308 2549,3326 2640,3312 2640,3274 1926,3285"/>
                <Baseline points="1935,3316 1969,3316 2004,3315 2039,3315 2074,3314 2109,3314 2143,3313 2178,3313 2213,3313 2248,3312 2283,3312 2317,3311 2352,3311 2387,3311 2422,3310 2457,3310 2491,3309 2526,3309 2561,3308 2596,3308 2631,3307"/>
                <TextEquiv>
                    <Unicode>Theaterkapellmeister Amadeus Adams</Unicode>
                </TextEquiv>
            </TextLine>
            <TextLine id="r2l74" custom="readingOrder {index:73;}">
                <Coords points="1191,3342 1875,3335 1909,3323 1909,3294 1773,3277 1732,3295 1191,3297"/>
                <Baseline points="1199,3325 1234,3325 1269,3326 1304,3326 1339,3326 1374,3326 1409,3326 1444,3326 1479,3326 1514,3326 1549,3326 1584,3326 1619,3325 1654,3325 1689,3324 1724,3324 1759,3323 1794,3323 1829,3322 1864,3321 1899,3320"/>
                <TextEquiv>
                    <Unicode>nuancierte Spiel Kainzens und blieb</Unicode>
                </TextEquiv>
            </TextLine>
            <TextLine id="r2l75" custom="readingOrder {index:74;}">
                <Coords points="1932,3372 2611,3372 2643,3366 2643,3327 1932,3336"/>
                <Baseline points="1942,3366 1976,3366 2011,3366 2045,3366 2080,3367 2114,3367 2149,3367 2183,3367 2218,3367 2252,3367 2287,3367 2322,3366 2356,3366 2391,3365 2425,3365 2460,3364 2494,3363 2529,3362 2563,3360 2598,3358 2633,3357"/>
                <TextEquiv>
                    <Unicode>und seine Frau, die Sängerin Cäcilie</Unicode>
                </TextEquiv>
            </TextLine>
            <TextLine id="r2l76" custom="readingOrder {index:75;}">
                <Coords points="1189,3392 1904,3379 1903,3341 1790,3327 1189,3342"/>
                <Baseline points="1198,3372 1232,3372 1267,3373 1302,3374 1337,3374 1372,3374 1406,3375 1441,3375 1476,3375 1511,3375 1546,3375 1580,3375 1615,3374 1650,3374 1685,3374 1720,3373 1754,3373 1789,3372 1824,3371 1859,3370 1894,3370"/>
                <TextEquiv>
                    <Unicode>dennoch im menschlich Tiefsten kaum</Unicode>
                </TextEquiv>
            </TextLine>
            <TextLine id="r2l77" custom="readingOrder {index:76;}">
                <Coords points="1183,3424 2643,3421 2642,3370 2489,3364 1183,3397"/>
                <Baseline points="1192,3430 1264,3430 1336,3430 1408,3429 1480,3428 1552,3427 1624,3426 1696,3424 1768,3423 1840,3421 1913,3420 1985,3418 2057,3417 2129,3415 2201,3414 2273,3413 2345,3412 2417,3411 2489,3411 2561,3410 2634,3410"/>
                <TextEquiv>
                    <Unicode>mehr als vage berührt. Für derlei Adams=Ortenburg, beschließen, soll</Unicode>
                </TextEquiv>
            </TextLine>
            <TextLine id="r2l78" custom="readingOrder {index:77;}">
                <Coords points="2253,3496 2387,3513 2441,3511 2457,3497 2471,3510 2607,3501 2607,3438 2591,3432 2522,3439 2488,3423 2445,3434 2427,3423 2387,3437 2345,3428 2253,3439"/>
                <Baseline points="2263,3499 2288,3498 2314,3498 2340,3497 2366,3497 2391,3497 2417,3496 2443,3496 2469,3497 2494,3497 2520,3497 2546,3498 2572,3499 2598,3500"/>
                <TextEquiv>
                    <Unicode>Nunstrent 1I3, 1</Unicode>
                </TextEquiv>
            </TextLine>
            <TextLine id="r2l79" custom="readingOrder {index:78;}">
                <Coords points="1170,3540 1197,3540 1225,3555 1243,3548 1252,3553 1347,3544 1343,3481 1323,3486 1308,3476 1294,3483 1276,3477 1224,3482 1210,3474 1200,3482 1166,3479"/>
                <Baseline points="1178,3524 1204,3519 1230,3515 1257,3512 1283,3512 1309,3512 1336,3512"/>
                <TextEquiv>
                    <Unicode>220</Unicode>
                </TextEquiv>
            </TextLine>
            <TextEquiv>
                <Unicode>box 25/1
Seelenkunst bleibt die Bühne stets
eine falsche Kulisse. Und je mehr
man ihr abtrotzt, desto klarer ent¬
hüllt sie ihre Unzulänglichkeit.
Ich will daher in meinem Referat
zunächst ganz davon absehen, daß
Schnitzlers Dichtung ein Bühnenstück
sein soll. Ich will mir einreden, sie
sei eine Novelle. Durch sie erfährt
man von den stillen und doch hef¬
tigen Zuckungen, an denen die har¬
monisch begonnene Ehe eines bevor¬
zugten Künstlerpaares wie an inne¬
ren Krämpfen erlischt. Es ist das
wehe und ernste Lied vom Nichtmehr¬
zueinanderkommenkönnen ehemals zu¬
sammengehöriger Naturen; oder auch
die Tragikomödie vom zerreibenden
Widerspruch zwischen Seele und Leib,
zwischen freundschaftlicher und ge¬
schlechtlicher Liebe. Das spielt sich
nirgends im Groben, Unlauteren und
Unfreien ab; das schleicht sich aufs
leiseste, unmerklichste ein= bei Men¬
S Wiener Theatez¬
schen, die gewohnt sind, in der Wahr¬
Die dichterische Entwicklung Ar¬
heit zu leben und ihre gegenseitige
thur Schnitzlers wird immer fei¬
Freiheit voll zu achten. Gerade weil
ner und subrtmer; aber sie führt
sie so sind, wachen sie mit emp¬
auch immer deutlicher von der leben¬
findsamer Eifersucht — nicht etwa
digen naiven Bühne hinweg. Liegt
über dem, was der andere Teil
es daran, daß die Bühne Sublim¬
tut, sondern über dem, was jeder
stes und Feinstes der Dichtung nicht
für sich und mit Bezug auf den
verträgt? Oder vielleicht auch dar¬
anderen innerlich fühlt. So ist
an, daß dichterischer Feinsinn zu
zwischen ihnen nach siebenjähriger
allerhand gewagten Experimenten
Ehe Ermüdung und Unlust einge¬
verleitet, die dem angestammten Cha¬
treten, und hier liegt für sie der
rakter unserer Bühne widersprechen?
Keim zu allem Trivialen, Herab¬
Jedenfalls, als man kürzlich im
ziehenden und im letzten Grunde
Burgtheater Schnitzlers neue Komö¬
Unwahrhaftigen. Sie mögen ihre
die in drei Akten „Zwischenspiel“
Beziehungen, die die Vergangenheit
sah, gewann man den Eindruck, daß
geadelt hat, nicht durch eine zweifel¬
hier die Bühne vom Dichter, zu
hafte Zukunft nachträglich entehren.
Aeußerungsformen gereizt worden
Beide fühlen sich ihrer selbst nicht
sei, die ihrem naiven Wesen fremd
mehr sicher, und somit beschließen
und im Grunde wider ihre Natur
sie, offen und ehrlich auseinander¬
sind. Trotz erlesenster Schauspielkunst
zugehen.
blieb der Gesamteindruck matt. Man
Dieser neue Pakt, den der Wiener
genoß das unsäglich feine und reich¬
Theaterkapellmeister Amadeus Adams
nuancierte Spiel Kainzens und blieb
und seine Frau, die Sängerin Cäcilie
dennoch im menschlich Tiefsten kaum
mehr als vage berührt. Für derlei Adams=Ortenburg, beschließen, soll
Nunstrent 1I3, 1
220</Unicode>
            </TextEquiv>
        </TextRegion>
    </Page>
</PcGts>
