3484 4352
1308 224 1799 329 box 25/1
272 239 1265 349 20. Zuischenspiel
1605 894 1770 982 561
885 1078 1031 1156 L
2152 1070 2330 1162 er. (9.3
1021 1082 1089 1154 E
2296 1076 2350 1153 755
2144 1102 2507 1187 Fr.
843 1148 994 1199 PA
2074 1128 2164 1196 2
2116 1160 2421 1213 EEE
2405 1145 2545 1204 BRE 72
856 1144 1219 1219 SR
1366 1145 2018 1252 Uus dem ener
1182 1148 1267 1231 422
841 1191 1148 1242 P  EER
2159 1195 2406 1244 25 (Pan z krrge
2420 1190 2529 1252 Frinshr
982 1210 1251 1259 a me Sin
2249 1210 2470 1263 RI INTDRN ERuc
2079 1203 2245 1261 # 1
842 1227 1002 1266 FArd. Lu
2408 1246 2457 1282 11
855 1213 1355 1319 WE. UDSAUE SRTAIS
2053 1241 2555 1328 RE  I  STHNNSRN
1517 1235 1872 1337 Kunstleben:
861 1284 1255 1357 MESE AT eIPaI
1261 1288 1338 1340 1
1123 1304 1363 1383 M
1689 1354 2563 1446 sie hat inzwischen vom Baume der Erkenntnis
828 1388 1093 1448 Burgthealer.
1694 1406 2582 1482 gegessen, nur figürlich, d. h. sie zieht eine Bilanz
886 1408 1693 1496 Auf die Gefahr hin, vor der gesamten ge¬
1707 1481 2588 1530 zwischen den leiblichen und den geistigen Kindern
816 1490 1693 1558 bildeten Welt als ein — wie L'. A. so schön sagen
1709 1517 2588 1585 ihres Amadeus und findet, daß auf vier Sym¬
827 1524 1697 1594 würde: „Dyspeptiker der Seele“ dazustehen, muß
1715 1556 2587 1627 phonien genau ein ganzes Kind komme, was ent¬
819 1577 1700 1653 ichde= nur wehmütigst, obwohl vor Scham brennend,
1708 1623 2581 1676 schieden ein Mißverhältniß bedente. Wilde Leiden¬
831 1624 1698 1697 einbekennen, daß ich Schnitzlers dreiaktige
1712 1664 2571 1729 schaft ledert in ihr empor, wie dereinst in Ama¬
824 1669 1695 1746 Komödie: „Zwischenspiel Schleuthe, des
1700 1715 2586 1785 dens, als er mit der Erlaucht einfädelte Hier die
820 1731 1695 1784 rüstigen Schwimmers, neueste Akqnisition, fast
1712 1762 2584 1832 Gardinenpredigt, die sie darüber zum besten gibt:
822 1776 1704 1837 durchaus nicht verstanden habe. Ich bemühte
821 1833 1695 1898 mich redlich, aber — sei es, daß ein Mangel
1894 1817 2588 1897 „Du weißt nur,“ sagt sie in der Haupt¬
1828 1867 2590 1926 szeue des Stückes, „was ich dir, was ich
832 1873 1696 1936 meinerseits oder ein Defekt Schnitzlerseits vorliegt,
1830 1906 2587 1968 als deine Geliebte, deine Gattin war. Und
830 1924 1703 1999 es ging nun einmal nicht. Eben darum beschränke
1836 1950 2595 2006 da du für mich die ganze Welt bedeutet
833 1967 1695 2032 ich mich auf die genaue Inhaltsangabe des Stückes
1833 1985 2590 2042 hast, in dir all meine Sehnsucht, all meine
838 2015 1703 2085 und überlasse es den Lesern, sich über den erwähnten
1836 2032 2597 2083 Zärtlichkeit beschlossen war, so konnten wir
1825 2069 2591 2123 beide früher nicht ahnen, wozu ich bestimmt
827 2060 1711 2148 Mangel klar zu werden. Vor sieben Jahren hat
1834 2119 2601 2172 wäre, wenn sich die wirkliche Welt vor
837 2112 1706 2189 der Kapellmeister Amadens Adams die Open¬
1828 2155 2595 2210 mir auftäte. — Ich bin schon heute nicht mehr,
834 2164 1710 2239 sängerin Zäzilie Ortenburg geheiratet, angeblich,
1830 2193 2591 2245 die ich war, Amadens .... Oder vielleicht
841 2221 1709 2289 wie sie später beteuert, aus inniger Liebe und
1840 2229 2596 2278 war ich immer dieselbe, und habe es nur
1839 2255 2598 2324 nicht gewußt: und es ist jetzt etwas von
846 2260 1716 2342 „mit vollkommener Aufrichtigkeit". Nach sieben
1838 2297 2595 2380 mir abgefallen, das mich früher umhüllt
832 2317 1710 2383 Jahren kommt Amadens auf den Gedanken, die
1847 2344 2593 2407 hat . . . . Ja, so muß es sein: denn jetzt
832 2360 1716 2455 Heirat wäre ein Fehler gewesen, er verlangt nach
1850 2382 2594 2443 fühle ich alle Wüniche, die früher an mir
826 2420 1719 2485 neuen Reizungen, die ihm seine Frau nicht bieten
1835 2431 2598 2489 herabgeglitten sind, wie an einem fühllosen
2198 2458 2590 2514 .. jetzt fühle ich sie
1836 2473 2165 2524 eisernen Panzer,
830 2458 1712 2528 kann. Sein Freund, Albertus, meint jedoch, daß
1835 2507 2592 2552 über meinen Leib, über meine Seele gleiten,
832 2508 1716 2588 den, der es verstände, alle erdenklichen Abentener
1846 2542 2594 2599 und sie machen mich beben und glühen.
840 2558 1715 2637 und Lüste in seinem Heim erwarten. „Wenn er
1838 2592 2606 2642 Die Er#e scheint mir voll Abentener, der
846 2610 1715 2694 Phantasie hat, bringt ihm sein Gattin, ohne daß
1840 2621 2598 2683 Himmel wie von Flammen strahlend, und
1841 2661 2602 2721 mir ist, als säh' ich mich selbst, wie ich
851 2657 1704 2739 sie es ahnt, lauter uneheliche Kinder zur Welt“.
1834 2698 2600 2776 mit ausgebreiteten Armen dastehe und
832 2714 1725 2787 Aber hievon will unser braver Amadens nichts
1842 2746 1997 2814 warte.“
839 2758 1713 2837 wissen und attachiert sich an eine Gräsin Friede¬
1779 2786 2593 2856 Und Amadens? Er versteht sie vollkommen,
852 2807 1714 2876 rike Moosheim, die auch Sopran singt, wie Frau
1725 2836 2594 2914 nach seiner Ueberzeugung hat Zäzilie mit der
854 2863 1712 2936 Zäzilie, jedoch nicht ohne vorheriges offenes Ge¬
1733 2887 2606 2968 Durchlaucht nicht nur Walzer, sondern auch noch
856 2900 1723 2985 ständnis dieser gegenüber. Frau Zäzilie hat hiefür
1726 2936 2603 3013 etwas anderes gespielt (Shakespeare gebraucht einen
841 2961 1710 3024 kein richtiges Verständuis, obgleich sie ähnliche
1725 3008 2606 3056 sehr drastischen Ausdruck hiefür, vergl. „Othello")
859 3006 1721 3077 Gedanken hegt wie ihr Amadens, und den jungen
1719 3040 2607 3116 und sich somit zu dem Ideal emporgebildet, das
856 3052 1721 3131 Fürsten Sigismund Marados=Lohsenstein gern sieht.
1727 3093 2606 3169 er seinerzeit ersehnt hat. Das paßt ihm so recht
857 3114 1715 3177 Amadens kalkuliert nun, daß Zäzilie mit Durch¬
1732 3143 2602 3213 in den Kram und voll brennender Begier öffnet
857 3159 1715 3243 laucht ebenso liiert sei wie er mit der Erlaucht.
1732 3187 2609 3261 er ihr seine Arme. Er will ihr weder Gatte, noch
858 3202 1731 3279 Zäzilie fühlt sich aber zu hoch, um den Ga ten
1728 3235 2614 3315 Freund, noch auch Geliebter sein, sondern etwas
853 3246 1714 3318 mit dem Geständnis ihrer Unschuld zu demütigen.
1731 3288 2615 3357 besseres und was schlaueres: „Der Mann, der
851 3312 1718 3370 Hier fällt der Vorhang zum erstenmal, um einen
1731 3335 2621 3419 sie einem anderen nimmt, der, für den sie den
859 3355 1731 3416 Sommerlang unten zu bleiben. Amadens ist der
1745 3396 2613 3457 anderen verrät, einer, der ihr Seeligkeit und
855 3399 1728 3485 gräflichen Fleischtöpfe überdrüssig geworden und
1744 3432 2615 3507 Sünde zugleich bedeutet“, und er ruft ihr zu:
857 3447 1724 3528 zu den heimischen Trebern zurückgekehrt, ohne sie
1739 3480 2609 3544 „Zäzilie, keinem von uns beiden wird jemals, so
861 3496 1720 3578 jedoch anzurühren, was ihm heilig vorkommt,
1740 3534 2613 3599 lange er lebt, ein schöneres Abenteuer auf dem
860 3545 1718 3616 heiliger als eine aus gemeiner Sinnlichkeit zer¬
864 3563 2636 3681 störte Ehe. Aber er verrechnet sich bei Zäzilie, Wege blühen!“ Und die holde Zäzilie? Sie gibt
