3484 4256
265 83 1195 198 20. Zuischensniel
1334 90 1800 200 box 25/5
168 909 1054 978 afte in Hasrof gepländert und ein türtischer!
1069 935 2905 1012 Man will hier wissen, daß, wenn Oesterreich nicht gümstige Vorzeichen werten
185 953 1057 1027 wurde sogar dabei von seinen Soldaten
2119 966 3153 1037 lischen Rüstungen zur See angesehen. Augen¬
1061 977 1959 1032 auf die Gebietserweiterung verzichtet, eine
165 988 266 1046 elt.
2151 1067 3152 1121 Dieses Auseinandergehen zweier geistig, künst¬
161 946 2106 1143 ir unt eie. Stentenenenen —e eneteetetet meteheen un
2077 1103 3152 1172 lerisch, gemütlich ebenbürtiger Menschen, dieses
175 1125 2099 1198 wissen nichts von andern, nichts von uns. Dichter läßt uns einen tiefen Blick hineintun — als
2072 1153 3146 1212 Scheiden, das keine Scheidung ist, vollzieht sich nur
168 1158 967 1213 spielen immer, wer es weiß, ist klug.
1039 1153 1896 1218 tiefer und stärker als das des Mannes.
2082 1189 3153 1244 wegen des Irrtums. Bevorrechtigte seien capabel,
167 1181 1065 1254 die zwei ringenden Seelen zweier erhöhten
1102 1189 2091 1259 Bald ist der Rausch, nach dem die polygame
2079 1219 3153 1287 bas Leben ohne Illusionen zu leben. Was ist Wahr¬
172 1239 1055 1291 n, zweier Künstler, hat Arthur Schnitzler
1049 1236 2093 1292 Natur des Mannes langte, verflogen. Amadeus,
2086 1268 3145 1325 heit? müssen sich Mann und Weib, die sie als das
163 1272 2091 1345 nd kleinste Seelchen gruppiert. Der geist= der nach der landläufigen Auffassung, nach der
2079 1307 3149 1364 Höchste anstrebten, auch hier in Schmerzen einander
152 1315 2079 1368 Schriftsteller Albertus Rhon, der an dem „Rechts auffassung keinen Grund hat, ertappt sich
2078 1359 3152 1405 fragen. Und erfahren, daß ohne Verzicht keine
164 1359 2080 1424 Problem nur höchstens einmal knabbert, auf Eifersuchtsgefühlen. Von einer Kunstreise und
2080 1383 3150 1451 Liebe ist. Mann und Weib suchen sich, um sich nie
159 1400 1053 1452 sich bei seinen andern derben Organen die
1036 1410 2080 1451 Triumphen kehrt ihm die Gattin, vielmehr die
2087 1411 3157 1486 ganz zu finden. Das ist der unendliche Reiz der
172 1429 1052 1497 Genüssen bereiten Zähne scharf halten will,
1051 1436 2088 1488 Freundin, heim. Er beargwöhnte die Freiheit, die
2082 1457 3149 1517 Beziehungen und der Verschiedenheit oder Ge¬
181 1462 1053 1518 engen Kreis zufriedene Frau, die eine
1043 1477 2083 1523 man sich gegenseitig gewährleistete. Mit der Eifer¬
2082 1513 3149 1582 schlechter. Das Glück und die Tragik jeder Gemein¬
170 1515 1064 1573 erin bleibt ihr Leben lang, vertreten ge¬
1045 1513 2085 1571 sucht, die ihn Cäcilie in einem neuen Reize und
2080 1537 3147 1596 schaft. So wird der einzelne Vorgang vom Dichter
157 1545 1044 1610 ßen die lebenspraktischen Grundsätze der
1039 1552 2094 1607 anders als die gesicherte Ehegenossin sehen läßt,
2081 1584 3151 1638 ins allgemeine erhoben. Und das Wundervolle ist,
169 1584 1048 1646 hen Convention über Liebe, Ehe und Ver¬
1046 1596 2087 1649 erhebt sich in dem Manne wieder, was ihm als Liebe
2086 1625 3156 1678 wie die Kunst dieses Stückes ohne äußere Handlung,
198 1619 1041 1683 Daneben steht die gröber organisierte
1042 1637 2082 1683 gilt. Und er zwingt die unendlich seiner organi¬
2079 1662 3142 1717 wie dieser Triumph des Dialogs und der höchsten,
163 1656 1053 1725 Moosheim, die ihrer Liebhaber Skalpe am
1046 1670 2090 1729 sierte und bedeutendere „Freundin“e den Rausch
2077 1696 3154 1760 fubiilsten Dialektik eine Spannung im Miterleben¬
167 1702 2086 1758 rägt mit der Zärtlichkeit eines leidenschaft= seines Begehrens. Mau fühlt, daß hier zur Tren¬
618 1739 761 1805 r ist
2084 1733 3150 1818 den hervorruft, die sich steigert, bis der Vorhang im
165 1737 609 1807 rophäensammlers.
797 1742 1039 1803 e Ehe eine
1034 1745 2086 1805 nung werden muß, was im banalen Alltagsfalle
2075 1786 2467 1852 letzten Akte fällt.
161 1781 1048 1843 ie Liebe ein angenehmes Gesellschaftsspiel,
1042 1797 2079 1844 versöhnte. Die Frau hat das Wahrheitgebot auf¬
158 1828 1041 1878 n eine wechselnde Auswahl. Der Reigen
1044 1832 2092 1883 genommen, will keine Concessionen machen. Die
2147 1811 3151 1895 Eine echt Schnitzlerische Episode, die wie der
145 1869 1040 1920 wei, die sich im Tiefsten zu umfassen sehnen
1039 1870 2087 1921 verführte Freundin muß sich von dem Freunde
2080 1868 3154 1931 Albertus Rhon alle Einwände gegen die Problem¬
155 1899 1046 1954 oßen, um sich vielleicht am Ende der Leiden¬
1036 1913 2088 1961 trennen. Sie weiß, daß auch ein andrer, als der
2081 1917 3147 1962 stellung und Problemlösung, alle Fragen an das
153 1935 1040 2005 ieder zu umfassen, wird geschlossen durch
1043 1950 2083 2009 Freund, der ehedem ihr Gatte war, sie hätte in dem
2089 1954 3156 2016 Aeußerliche in sich vereinigt, ist eingefügt: die Scene
163 1982 1046 2035 en Füxsten Sigismund zu Maradas=Lohsen¬
1037 1978 2077 2041 unbewachten Moment ihrer Leidenschaft finden
2082 1993 3155 2047 zwischen Amadeus und Sigismund. Es gehört künst¬
155 2010 1046 2096 n Ideälisten ohne Schwert, den Jüngling
1038 2024 2083 2079 können. Und der Frau gelten die Gefühle alles.
2079 2024 3149 2079 lerisch zu den erlesensten Genüssen, wie die Zwie¬
158 2047 590 2124 reisen Resignation.
1032 2049 2080 2119 Das vollendete Geschehen mag für den Richter, den
2084 2071 3143 2122 sprache hier verschweigt, was sie sagen möchte, und
170 2089 1053 2163 der Mitte aber stehen zwei vollblütige
1034 2095 2089 2157 Mann das Wesentliche sein. Frauen von der Art
2079 2087 3145 2164 doch worthart, plastisch macht, was sie nicht in Wor¬
160 2142 1043 2197 n, denen nichts Zwischenstüfliches anhaftet.
1040 2136 2088 2195 der Cäcilie Adams messen Treue oder Untreue
2076 2143 3138 2210 ten zugeben will. Die Episode ist von der Kraft der
153 2170 1040 2236 zer Mann. Ein ganzes Weib. Kompromisse
1047 2180 2087 2239 nicht am Geschehen oder Nichtgeschehen. Es zeigt
2072 2175 3143 2238 andern in der „Liebelei“. Nur, daß hier nicht der
156 2218 1054 2281 beide unmöglich. Ihre Ehe, die nun sieben
1038 2223 2079 2292 sich: Der Mann, den die Liebe nie so im Letzten
2077 2226 3140 2281 Alp niederdrückender Angst über Menschen und Un¬
155 2255 1053 2309 n Glück dauerte, soll ganz auf Wahrheit ge¬
1039 2264 2087 2318 ausfüllt, hat sich in seinem Wahrheitsdrange nur
2085 2265 3136 2316 ausgesprochenem liegt, sondern ein schmerzlicher
204 2288 1047 2350 Darum muß der Kapellmeister Amabeus
1037 2285 2078 2361 einen neuen Weg über alte Kampffelder schaffen
2075 2313 3145 2370 Humor, wie ihn nur Seelenkenner, Dichter und
161 2324 1216 2391 seiner Frau, der gefeierten Opernsängerin wollen.
1221 2332 2090 2401 Er muß einsehen, daß das nicht in die
2081 2346 3144 2397 Former von der Bedeutung eines Schnitzler besitzen.
165 2386 2085 2445 Adams=Ortenburg, das Geständnis einer wiederersehnte Ehegemeinschaft zurückführt. Der
2080 2374 3136 2434 Wer diese ergreifende Handlung, die doch so voll ist
169 2409 1056 2482 dischen Leidenschaft machen. Darum muß
1036 2430 2083 2474 Frau, deren unendliche Zärtlichkeit ihm soeben in
2081 2414 3148 2473 von künstlerischem und Komödienreiz, in abfälligem
158 2445 1048 2510 eine leise, nur aus im Stiche gelassenem,
1043 2454 2087 2513 einem wiedererlangten, unbedachten Brief an eine
2077 2443 3139 2520 Ton novellistisch heißt, übersieht, daß die innere
169 2489 1041 2548 Zärtlichkeitsbedürfnis keimende Neigung
2077 2493 3147 2551 Handlung in diesem Stück so stark ist, daß sie drei
1039 2493 2080 2549 andre, eine Gefahr aus dem Wege räumte, bangt vor
172 2530 1048 2589 sanften und vornehmen Fürsten Sigismund
1033 2529 2085 2595 der Zerstörung des letzten Restes von Liebe und
2074 2535 3144 2606 Akte lang äußeres Geschehen wie einen Eingriff in
236 2569 1050 2624 Amadeus will sein Wahrheitssystem
1048 2581 2081 2640 Freundschaft. Es geigt sich ihr nach dem mißglück¬
2075 2584 3021 2630 das Wichtigste, Drängendste empfinden läßt.
164 2593 1044 2667 en und die Gattin dennoch nicht verlieren.
1033 2608 2092 2661 ten Versuch zunächst nur eine Möglichkeit: das Ab¬
2134 2617 3149 2679 Der Schluß ist: „Wir wissen nichts von andern.
160 2651 1040 2708 hnale Ehescheidung. Höhenmenschen brauchen
1034 2651 2078 2710 schiednehmen. „Wir waren“, sagt sie mit der ganzen
2084 2665 3140 2716 nichts von uns.“ Aber es bleibt uns die Verspek¬
150 2701 1495 2741 uschauer auf ihrem einsamen Sonnenweg. Klarheit Schnitzlers
1472 2699 2077 2750 #nd mit dem schmerzlichen
2074 2707 3144 2762 tive offen auf jene höhere Gemeinschaft, die den Ver¬
161 2728 1048 2790 hie Escapahe in fremdes Liebesrevier mit
1033 2734 2078 2797 Unterton dieses capriccio doloroso, „wir waren
2079 2742 3138 2801 gicht kennt ohne müde Resianation, die nicht über die
167 2764 1043 2826 Versöhnung erscheint ihnen lügenhaft und
1038 2769 2086 2836 weder geschaffen, uns ewig in Treue zu lieben, noch
2071 2788 3152 2840 Ewigkeitsgrenzwälle der Geschlechter hinwegzustür¬
160 2815 1040 2865 Amadeus, der feine Musiker, überhört doch
1048 2817 2086 2877 stark genug, um unsre Freundschaft rein zu er¬
2075 2825 2464 2887 men trachtet.....
156 2853 1699 2906 kfeinsten Zwischentöne in den Worten seiner halten. Andre fänden sich ab ..
1708 2852 2090 2913 ich kann es nicht.
2150 2847 3143 2916 Frau Körner, die in der trefflichen Auf¬
169 2887 1030 2936 ie willigt — von allen Ahnungen gefoltert —
1060 2894 1126 2944 —
1093 2901 2097 2953 Und du darfst es nicht können, Amadens. Unser
2077 2886 3144 2949 führung die Frau zu verkörpern hatte, versagte für
158 2924 2096 2992 Fortsetzung der Ehe ein, die auf Wahrheit, Versuch ist mißglückt, nehmen wir die Entläuschung
2072 2938 3135 2993 mein Gefühl im Körperlichen. Diese Cäcilie ist die
191 2969 3137 3027 und Freundschaft gegründet sein soll. hin. Das ist zu ertragen. Aber ich bin nicht neu= eigentliche Siegerin in der Komödie. Und Stimme,
177 2998 3144 3066 zuerst gefühlt, daß, was heute Wahrheit,jgierig, zu wissen, wie es schmeckt, wenn Ekel das] Gestalt und Sprache müßten vor allem Stolzedel¬
173 3050 1280 3121 notwendig Lüge sein muß. Und so erweist Ende ist.“
2069 3050 3154 3133 ster Art überall als das Wesentliche füblen machen.
