3532 4192
1327 67 1709 123 R
949 91 982 122 —
697 102 1726 154 Nach dem großen Eindrucke, den die aristokratische,
705 143 1654 197 im höchsten Maße kultivierte Art dieser wirklich
698 186 1683 235 deutenden, intelligenten Künstlerin hinterließ, z
699 236 1730 286 Direktor Bachur wieder einmal ein großes Los, als
701 263 1734 325 er sich den Besitz Edyth Walthers sicherte. Er griff
706 315 1737 358 im richtigen Augenblicke zu und schlug alle Bewerber
769 355 1739 399 allerdings unter Bedingungen, über deren Höhe fast
698 400 1739 439 amerikanische Summen genannt werden. Unsere Oper
702 429 1746 487 kann dabei aber nur gewinnen: Gar nicht virtuosen¬
708 468 1755 527 haft veranlagt oder von primadonnenhaften Launen
704 501 1746 566 getrieben, eine Künstlerin von ernstester Auffassung des
699 560 1737 602 Lebens in ihrer Kunst, wird Edyth Walther als Vor¬
704 587 1748 655 bild und Muster einer Ensemble=Künstlerin bei uns
707 644 1737 691 wirken, und schon aus diesem Grunde unserer Sym¬
712 671 1743 729 pathieen sicher sein. Freuen wir uns, daß wir um
700 722 1738 776 eine solche Persönlichkeit reicher sind im Hamburger
700 766 952 821 Musikleben.
773 810 1747 856 Das zweite Ereignis war eine Neueinstudierung
711 853 1746 896 von Spinelli's „a basso porto. In einer etwas
701 878 1742 931 zahmen und wenig charakteristischen Wiedergabe ging
716 924 1746 973 das eigenartig schwüle, von mächtigem Talente
707 951 1753 1027 zeugende Werk vor einigen Jahren an unserer Bühne
722 1014 1740 1060 ziemlich eindruckslos und unerstanden in Szene, trotz¬
717 1041 1746 1098 dem damals die Hauptrolle in Frau Moran=Olden
710 1085 1758 1136 eine unübertreffliche Vertreterin gefunden hatte. Ganz
716 1126 1754 1182 anders wirkte jetzt unter Kapellmeister Brechers
704 1160 1750 1225 genialer Leitung die Oper; Brecher hütete sich wohl¬
716 1216 1754 1264 weislich, das Wesentliche der Spmnellischen Musik zu
708 1261 1752 1302 verwischen: er ließ ihr all das Brutal=Elementare
713 1298 1747 1349 des Orchesters, all das Eckige und Scharfe und gab
711 1330 1749 1393 ihr dadurch die maskierte Physiognomie zurück, mit
714 1380 1756 1428 der einst bei der Kölner Uraufführung das Werk so
709 1409 1759 1466 mächtig gepackt hatte. Irgend jemand hatte sich
714 1465 1757 1508 außerdem verdient gemacht durch wesentliche Ver¬
719 1504 1749 1562 besserungen der miserablen deutschen Uebersetzung,
714 1547 1760 1588 Herr Jelento endlich hatte das Werk sinn= und
712 1569 1766 1621 effektvoll inszenirt und so kam eine Gesamtausführung
719 1625 1749 1669 zustande, die das neapolitanische Kolorit leuchtend zum
718 1667 1748 1716 Ausdrucke brachte und die der Oper einen großen
1092 1691 1765 1758 Sehr verdienstlich wirkten in den
711 1708 1091 1765 Erfolg verschaffte.
722 1756 1761 1814 Hauptrollen die Herren Dawison und Pennarini,
724 1789 1106 1847 sowie Frau Beuer.
779 1822 1754 1878 Das Thaliatheater versammelte ein zahl¬
713 1854 1761 1920 reiches, von literarischen Interessen geleitetes Publikum
721 1906 1760 1957 zur Uraufführung von Omptedas „Gräfin
983 1944 1762 1996 Hier brachte der Abend denen, die von
730 1954 815 2005 So
716 1984 1754 2032 dem beliebten und mit Recht berühmten Erzähler auch
727 2032 1753 2086 ein wirksames Drama erhofft hatten, eine Ent¬
717 2075 1764 2123 täuschung, denn „Gräsin Sophie“ ist nicht nur ein
727 2105 1772 2168 hülfloses und dramatisch ungeschicktes, sondern auch ein
727 2152 1770 2200 höchst langweiliges Stück. Die Menschen aus der
735 2197 1759 2246 Gesellschaft, die Ompteda uns vorstellt, strömen ein
730 2238 1766 2306 Parsum aus, das unwiderstehlich zum Einschlasen
726 2267 1765 2329 zwingt. Die Ansichten, die sie auf Wunsch ihres
725 2302 1773 2366 Schöpfers vertreten und äußern, mögen ja höchst
1322 2358 1771 2401 stehen so außerhalb
1204 2365 1234 2403 100
721 2362 1189 2417 anständig sein, aber
719 2399 1772 2462 jeder Diskussionsmöglichkeit, daß Ompteda selbst aus
731 2431 1771 2501 ihnen nicht Rede und Gegenrede herausschlagen konnte.
728 2465 1771 2537 Daß Ompteda so kläglich Schiffbruch gelutten hat, ist
725 2521 1780 2588 übrigens eine verdiente Strafe: ganz ehrlich ist sein
731 2559 1776 2627 Stück nicht, insofern der Dichter sich hütet, Farbe zu
725 2600 1770 2663 bekennen. Manchmal nimmt er einen netten Anlauf,
734 2652 1760 2704 seine Gesellschaftskreise, eine überaus „seine Blase“
739 2676 1776 2742 artig zu verspotten; er schlägt leicht ironisierende
729 2721 1778 2778 Töne an und schickt sich an, alten unmöglichen Vor¬
730 2750 1774 2823 urteilen zu Leibe zu rücken. Aber immer wieder zieht
735 2803 1779 2864 er sich schleunigst zurück und streichelt da, wo er
735 2842 1766 2904 zuhauen wollte. So bleibt ein schwankendes, un¬
742 2899 1765 2941 entschiedenes Gerede, bei dem niemand auf seine
738 2920 1783 2981 Kosten kommt. Die eigentliche Handlung steht
742 2985 1781 3029 auf der schönen Höhe einer schwächeren Marlittiade.
745 3002 1784 3077 Diese junge Gräfin Sophie selbst ist nichts als ein
733 3048 1778 3119 einziges Mißverständnis eines modernen Mädchens,
731 3082 1785 3142 sie ist eine psychologische Katastrophe schlimmster Art.
739 3122 1788 3182 Die arme Centa Bré die so etwas spielen mußte
741 3164 1785 3223 und so tun wollte, als ob jemand jemals irgendwo
748 3226 1777 3278 etwaskempfinden könnte! Herr Jessner hatte das
743 3268 1785 3307 Stück inszeniert. Es war maßlos fein, eine Orgie
738 3299 1785 3353 von Aristokratismus. Unwillkürlich kontrollierte man
742 3337 1773 3394 den eigenen Smoking und die eigenen Stiefel, ob sie
743 3386 1781 3441 auch in die erlesene Gesellschaft paßten. In diesem
753 3431 1785 3467 Reiche der Vornehmheit präsidierte mit hoheitsvoller
742 3451 1797 3519 Würde Frau Horwarth und um sie gruppierte sich.
743 3510 1792 3563 das ganze Ensemble. Wie gesagt, es war über die
744 3540 1018 3605 Maßen sein.
810 3571 1779 3635 Das Schauspielhaus hat durch die über Er¬
741 3613 1785 3672 warten große Zugkraft von „Frau Warrens Gewerbe“.
747 3660 1790 3715 Luft bekommen und hat nun Zeit, nebenher alte
747 3702 1792 3756 Verpflichtungen abzustoßen. Dazu gehörte wohl auch
748 3751 1790 3813 die späte Erstaufführung von Schuitlers interessantem
750 3773 1793 3834 aber wenig dramatischem Zwichenspier, dem auch
752 3815 1800 3887 hier nicht einmal die feine überlegene Kunst des Frl.
765 3874 1801 3916 Hönigswald einen Majoritätserfolg retten konnte.
763 3905 1800 3972 Man darf das aufrichtig bedauern, denn wenn auch
756 3959 1793 3997 Schnitzler das Problem, das er im „Zwischenspiel“
1458 3985 1820 4057 und wer könnte
759 3993 1368 4056 aufwirft, keineswegs gelöst hat
758 4050 1817 4098 das Unlösbare lösen — so bringt er zu einer inter¬
