3392 4352
1827 121 3351 227 K  eneen en en en en een e e en
1785 186 3330 278 der anderen beschäftigt und so können die beiden zugleich ein¬ Ein Schwarm
1796 242 3057 306 studiert und in der Zeitdistanz weniger Tage aufgeführt werden.
3038 263 3342 326 Soubrette. Jei
1794 282 3039 360 Herr Hartmann führt die Regie von „Klein=Dorrit“ — der
228 243 1753 370 20. Zwischenspiel box 25/1
3043 309 3344 375 eine zu schreib
1790 327 3041 403 neue Regisseur, Herr Theodor Brandt, hat seine Regie¬
3044 352 3352 422 wenn einer vo
1795 390 3050 452 kunst zum erstenmale in der Schnitzler'schen Komödie zu erweisen.
3042 403 3336 468 sicherlich ein —
1893 429 3055 498 Der „Schleier des Glücks“ hatte bekanntlich schon geraume
3045 441 3343 512 als sie zu ein
1786 484 3051 544 Zeit im Repertoire=Garderobekasten des Burgtheaters gehangen,
3042 492 3337 565 glattrasierter I
2924 529 3034 589 Pohl
1781 528 2891 593 ehe man sich entschloß, es denn doch mit ihm zu versuchen -
3051 544 3352 617 näherte er sicht
1797 577 3052 648 aus internationaler Höflichkeit für den Autor schon, der ### der
3041 598 3342 668 die Künstlerin
1785 627 3047 707 poliischen Bühne schon so manchen zündenden „Schlager“, cacht
3045 641 3346 707 die „Statistere
1796 666 3061 741 und manchen sensationellen Erfolg erzielt hat. Interessa ist es
3042 693 3346 757 er sich aufs S
1797 741 3356 805 nun dabei, zu hören, daß es leicht hätte geschehen können, den Schwank in vi
1797 789 3342 850 „Ministerstürzer“ der französischen Republik in leibaftiger Person Er erklärt sich
2766 819 3063 889 können. Der
1794 822 2697 891 auf der Bühne des Burgtheaters begrüßen
3061 836 3348 902 rasierte Jüngli
2730 851 3059 936 am Burgtheater
1795 879 2752 938 berühmte Parlamentarier hatte, als sein St##
3059 881 3360 948 warf einen pri
2666 909 3061 987 eits in naher Aus¬
1788 924 2663 993 angenommen war und die Première damals
3054 934 3362 1006 Stichproben mn
2716 956 3066 1033 der Kulissenluft
1801 980 2634 1049 sicht schien, eine Anwandlung von Lust
3154 977 3362 1049 Ballgese
2694 1028 3355 1099 en zu den Proben Witze. Ganz
1799 1025 2556 1100 verspürt und wäre bereit gewesen,
2676 1063 3067 1129 können, daß das
1803 1065 2574 1131 zu kommen, wobei es wohl nicht hätte
3064 1078 3344 1140 Eine einfache
2618 1109 3058 1185 iiten Gastes in Kennt¬
1810 1123 2546 1195 Publikum, von der Gegenwart des ##
3056 1127 3351 1196 Darsteller über
2636 1158 3059 1234 Ehren gastlicher Her¬
1807 1155 2504 1231 nis gebracht, bei der Vorstellung
3054 1178 3341 1244 Schlapphüten.
2656 1202 3068 1273 hätte, denen sich zu
1810 1219 2547 1285 vorrufe in genug zwingendem Maße 6#
3055 1209 3367 1293 gegeben werden
2646 1254 3062 1340 anstände und Neben¬
1801 1264 2606 1336 entziehen ihm schwer geworden wäre. Ni#
3055 1270 3342 1337 dagegen ein
2744 1298 3063 1372 nicht zur Ver¬
1809 1314 2621 1375 bedingungen eigener Art aber ließen die
3046 1309 3361 1386 wollen gelesen
1800 1335 3065 1429 wirklichung kommen. Clemenceau, der kein hl daraus macht
3057 1362 3365 1438 der Frau Glöc
1798 1398 3073 1491 und einen Stolz seines politischen Lebens dare setzt, keine Reich¬
3057 1413 3347 1482 sie aufgeführt
1802 1456 3074 1521 tümer erworben zu haben, muß ein strenger Wirtschafter und
3056 1465 3367 1530 Unverfrorenhei
1807 1500 3076 1572 Rechner sein, und er hätte nach seinem Bemessen die
3060 1516 3361 1585 Coupletrefrain#
1814 1550 3068 1614 Wiener Expedition, nur unternehmen können, wenn
3069 1569 3353 1626 Schlager, zu d
1805 1599 3074 1675 ihm hier ein gewisser Betrag von der Theaterkasse
3062 1615 3356 1678 Gelegenheitsko
1814 1638 3072 1719 garantiert worden wäre. So gewiß aber die persönliche Anwesen¬
3071 1663 3362 1734 jeder Post kon
1811 1694 3073 1761 heit eines so ganz exzeptionellen Autors den Reiz der Vorstellung
3065 1706 3359 1789 den Leib ges
1811 1754 3069 1816 und die Teilnahme an dem Stücke hätte erhöhen müssen, so war
3071 1761 3262 1831 schauen.
1811 1789 3087 1869 doch das Burgtheater nicht in der Lage, auf eine derartige, noch
3173 1785 3365 1874 Frau G
1803 1837 3082 1916 keinem deutschen Autor gewährte Begünstigung eingehen zu können
3068 1832 3366 1922 in Quart= un
1879 1889 3075 1950 was allenfalls ein Privattheater, das da nach eigenem Gut¬
3077 1901 3361 1968 waren 97. Da
2954 1935 3079 1994 was
1816 1930 2974 2008 dünken verfahren hätte können, sich wohl leisten dürfte und
3069 1949 3367 2021 Preisrichter de
1809 1984 3095 2048 Anton Ascher oder Franz Jauner sich ohne Zweifel nicht hätten
3075 1998 3363 2069 sind bei der l
1810 2032 3093 2116 entgehen lassen. So hat denn der „Schleier des Glücks“ den
3078 2048 3331 2114 liche Ziffer!
1804 2069 3087 2175 verstärkten Aureiz entbehren müssen — den er so gut hätte
3072 2099 3347 2166 Jahrhundert
1825 2149 2184 2218 brauchen können.
3083 2143 3361 2212 darunter sein.
1931 2171 3369 2266 Das Deutsche Volkstheater glaubt sein „Sensationsstück“ weiß, hier w#
1820 2233 3372 2327 in der Lade zu haben. Hoffentlich kommt es beim Theater dies= im Preisrichte
1820 2298 3372 2357 Imal nicht, wie schon oft bei Sensationen, anders. Man konnte dieiundsechzig
1820 2335 3369 2422 bisher nicht „herausrücken“ aber wenn Herr Kutschera ge= auch nur hall
1813 2385 3375 2461 [undet, wird es flugs einstudiert. Man munkelt viel von diesem jetzt einen Ur
786 2361 1650 2503 Theater und Kunst.
3180 2434 3374 2507 Es dür
1804 2425 3096 2522 Stück. Es ist Lothars Schauspiel „Die Rosentempler“. Ein
1823 2490 3374 2553 neues Milien wird auf die Bühne gebracht: die Freimaurer gehen. Die #
532 2370 921 2605 12
1815 2546 3366 2599 1Das Volkstheater hat schon in der vorigen Saison mit den Material dür
905 2509 1531 2610 Hinter den Kulissen.
1903 2579 3386 2653 „Brüdern“ Erfolg gehabt. Im zweiten Akte der „Rosen=Repertoirestück
560 2574 1798 2654 (Die großen Reklametrommeln. — Saisonbeginn. — Theaterherbst.
1666 2627 1840 2685 Rollen¬
1828 2627 3376 2698 templer“, spielt sich eine vollständige Freimaurersitzung ab. einheimische 2
568 2626 1653 2692 Dickens und Schönthan. — Die Jagd nach dem Schlager. —
1115 2672 1807 2719 Die Setzproben zweier Novitäten. —
562 2685 1060 2735 tausch im Burgtheater.
1833 2674 3092 2753 In diesem Akt, kommt nichts anderes vor; es
3085 2688 3330 2750 vergebens.
570 2690 1834 2777 Clemenceau in Wien! — Neue Logenbrüder. — Mariazell in der Wall¬
1833 2728 3385 2797 erscheint keine Frau auf der Bühne. Man rechnet diesmal sich die Freunk
1474 2747 1841 2806 — Theateraberglaube.
561 2748 1477 2816 gasse. — Einer von der Platte. — Galafres XIII. —
1839 2766 3356 2849 stark auf das — Logenpublikum. Auch das Raimund=Theater nicht immer
627 2780 1844 2853 * Die Unglücksgarderobe. — Die Leiden einer Soubrette. — Seltsame
1263 2817 1840 2884 Der Preisjuror auf Erholungs¬
1839 2827 3384 2892 hofft, zwei Trümpfe ausspielen zu können. Der eine ist ein Volks= dem Burgthec
564 2831 1218 2889 Regiebemerkungen. — 583 Stücke.
1436 2861 1840 2921 Artur Schnitzler und
772 2867 1387 2939 Die Undankbarkeit beim Theater.
570 2875 751 2937 urlaub.
1846 2879 3367 2948 stück „Maria=Zell“, dessen zweiter Akt in der — Kirche inmeisten verst
580 2879 1842 2996 das Burgtheater. — Freikartengebühren. — Die wattierte Theaterstadt.)
1838 2928 3100 2993 Maria=Zell spielt. Da das Stück ein Traumstück ist — die
3086 2919 3367 2997 seinem „Zwis
694 2951 1838 3027 Wie die großen Reklametrommeln dröhnen! Die Saison be¬
2415 2973 3086 3037 glaubt man über alle Zensur¬
3091 2972 3340 3038 nannten he
1845 2975 2399 3042 Heldin träumt ihr Schicksal -
576 3004 1848 3082 ginnt die Augen aufzuschlagen. Eine Direktion will die andere
3088 3016 3376 3089 Und so räsoni
1840 3011 3098 3098 schwierigkeiten hinwegzukommen. Das zweite „Ereignis“ verspricht
576 3050 1845 3122 überbieten; führt die eine in ihrer Ankündigung fünfzig erworbene
3089 3069 3374 3134 allerdings selt
580 3111 3110 3167 Stücke an, so beeilt sich die Konkurrenzbühne, dem Publikum sechzig man sich von der hochaktuellen Posse: „Einer von der Platte“.
3086 3123 3377 3187 Gemütsmensch
574 3149 3097 3208 Novitäten zu versprechen. „Nur hereinspaziert!“ klingt es von da Man muß es heutzutage mit allen Mitteln versuchen, das Publikum
3089 3162 3387 3234 verteidigen, vo
587 3210 3096 3276 und dort, die Programme der Theater werden immer länger, der zu packen und gefangen zu nehmen. Ohne Sensation und Milieu¬
3068 3213 3384 3288 Zugstück gebra
587 3223 2401 3313 Lärm auf dem Theatermarkt gellt immer schriller. „Nur herein= rummel geht es nicht mehr.
1939 3246 3356 3329 Die alten harmlosen Zeiten sind vorbei. Da brauchten sich gibt es oft
586 3279 1866 3371 spaziert!“ locken die Ausrufer, aber vorläusig bevölkern zumeist
578 3355 3377 3435 Freikartler unsere Musentempel. Es fehlt zum richtigen Saison= die Lenker der Bühnen nur an ihren lieben guten Aberglauben zu man im Deut
3099 3356 3373 3430 Schnitzler und
584 3410 3106 3473 anfang noch der erste Krach eines Theaterdirektors mit klammern und das Gold rollte in die Kassen. Aber nicht alle
3089 3402 3381 3477 solche Spaltun
589 3416 3090 3514 seinem Star, ein temperamentvoller Durchfall, oder Theaterleute sind abergläubisch. Am allerwenigsten ist es Fräulein
3091 3455 3382 3519 reichen sich die
597 3513 3099 3558 sonstige nette Emotionen. Vorläufig gleiten die Stücke Galafrés vom Deutschen Volkstheater. Sie wird zum Bei¬
3093 3499 3374 3567 Theaterfeindsch
600 3505 3098 3611 sanft und geräuschlos in die Versenkung, die Premiérentiger spiel von der Ziffer „dreizehn“ genarrt und gefrozzelt. Keine
3090 3551 3382 3631 gibt, dort beg
586 3604 3095 3652 reservieren sich ihre Grausamkeit für bessere, das heißt schlechtere andere, die in eine fremde Stadt kommt, um Karriere zu machen,
3179 3598 3378 3664 Zum Sc
1853 3606 3104 3681 wäre in ein Haus mit der Nummer 13 gezogen. Fräulein
600 3633 1862 3696 Tage und die Zischer warten noch auf ihre Schlüsselstücke. Die
3088 3639 3383 3713 die jüngst ein
597 3694 3096 3753 Wogen der Saison gehen noch nicht hoch, noch wird unser Galasres hat den Mut gehabt. Sie wohnt Nummer 13,
606 3694 3376 3827 literarisches Gewissen wach erhalten und wir dürfen für Anzen= neben dem kleinen schmucken Hause, das einst Frau Odilon sich um die F
3090 3762 3381 3848 bekannten Au
3091 3835 3382 3895 Theater, un
3096 3866 3390 3953 Kontraktform
3099 3933 3384 3993 meint: „Wi
3096 3972 3383 4047 zahlen.“ Dar
3096 4023 3377 4086 zahlen mir a
3088 4062 3390 4137 Direktor sieht
3100 4106 3408 4185 wiederholt de
3097 4168 3387 4229 und bereits
