3484 4320
595 197 697 253 § C
220 188 1150 290 20. unsniel
1287 188 1731 273 box 25/5
2043 647 2164 732 S.
1693 811 2017 917 Huf
1666 881 2226 962 nehmen für Zeitungs-Ausse.
1299 897 1586 1001 10 12
1202 939 1302 1031 2
1683 952 2172 1037 cordiaplatz 4.
1703 1039 1944 1097 tungen
1754 1065 2282 1142 Christiania, Genf, Kopen¬
1533 1111 2282 1196 #una- Mäfland, Minneapolis, New-Vork.
1445 1149 2251 1231 San Francisco, Stockholm, St. Petersburg.
1539 1203 1938 1262 QQuelienangabe ahne Gevän.
1766 1246 2101 1340 1·0.4200.—
1131 1268 1774 1357 Ausschnitt aus
1375 1261 2206 1419 Dautschee ve cieiwut, wanan
1166 1345 1201 1397 3
1113 1387 1385 1463 E vom:
1307 1454 2267 1525 — W. W. — Dienstag, den 4. d. M. zum
1157 1505 2271 1567 Benefize des Frl. Wender „Zwischenspiel“ von
1158 1559 2268 1625 A. Schnitzler. — Kapellmeister Awadeus und seine
1298 1609 2261 1669 e sind schon sieben Jahre verheiratet, kein
1162 1669 2266 1720 Wunder, daß ihre Liebe vollständig erkaltete. Sie be¬
1170 1712 2259 1768 schließen, fortab nur mehr als Freunde nebeneinander
1151 1764 2255 1818 zu leben, im übrigen aber einander volle Freiheit zu
1163 1816 2275 1875 gönnen. Cäcilie unternimmt eine Gastspielreise. Nach
1162 1853 2267 1911 ihrer Rückkehr erscheint sie ihrem Manne verändert,
1166 1910 2275 1978 als eine andere, als eine, die ein anderer besessen, und
1153 1984 2258 2038 ## findel sie von neuem begehrenswert. Sie gibt sich
1153 2004 2255 2083 ihm hin. Aber am nächsten Morgen nimmt sie von
1152 2062 2265 2126 ihm Abschied für immer, denn sie empfindet das Ent¬
1156 2120 2285 2183 würdigende ihrer Lage; daß ihr Mann nichtsie als
1154 2160 2251 2222 bestimmte Persönlichkett liebt, sondern polygam für
1149 2204 2262 2281 Abwechslung schwärmend sie nur deshalb begehrt, weil
1157 2248 2243 2310 er glaubt, sie habe ihr Wesen verändert. Albertus, der
1142 2296 2254 2366 Freund des Kapellmeisters, sagt ihm einmal: „Wenn
1153 2357 2244 2415 jemand Phantasie hat, bringt ihm seine Gattin, ohne
1154 2398 2241 2451 daß sie es ahnt, lauter uneheliche Kinder zur Welt.“
1144 2452 2248 2522 Doch Cäcilie will keine solchen unehelichen Kinder, deshalb
1153 2494 2248 2568 geht sie. Wie man sieht, ist das Stück kein Bühnendrama.
1145 2556 2249 2615 Diese überseine Seelenkunft, diese Gedankenperverfitäten,
1148 2601 2246 2664 diese psychologischen Schleichwege, diese erklügelten
1153 2649 2242 2717 Sophismen, diese Sublimitäten und Subtilitäten gehören
1151 2702 2236 2765 (so führte es einst der Kritiker W. in der N. Fr. Pr.
1141 2752 2245 2810 aus) nicht auf die Bühne, sie sind (nach F. Servaes)
1150 2809 2238 2859 wider die Natur der Bühne, denn auf dieser wirken
1143 2849 2234 2894 sie nicht, oder höchstens künstlich, unklar oder brutal.
1150 2899 2238 2942 So urteilte man, lange bevor das Stück mit dem Grill¬
1145 2957 2246 3013 parzerpreis ausgezeichnet wurde. Jedenfalls waren die
1143 2993 2248 3076 damaligen Urteile objektiver als die heutigen. Den
1140 3040 2235 3102 Grillparzerpreisrichtern sollte man zu rufen: Den Grill¬
1142 3075 2246 3173 parzerpreis den Dramatikern, nicht den Novellisten!
1144 3129 2230 3199 Der alte Lichtenberg gab einmal den Witz von sich:
1138 3187 2246 3272 Darf man Schauspiele schreiben, die nicht zum Schauen
1142 3227 2237 3312 sind, so möchte ich sehen, wer mir wehren wollte, ein
1141 3281 2220 3346 Buch zu schreiben, das nicht zum Lesen ist“. Nun viel¬
1131 3328 2247 3407 leicht kommt noch die Zeit, da auch Bücher, die nicht
1135 3394 2236 3457 zum Lesen sind, preisgekrönt werden! Die Darstellung
1128 3438 2226 3497 war recht annehmbar. Frl. Ott (Marie) war zufrieden¬
1138 3488 2232 3556 stellend, Herr Ferrari (Sigismund) sehr gut, Herr
1138 3525 2229 3604 Koppé (Albertus) nur ein wenig zu steif, trocken und
1139 3575 2243 3638 kalt, Frl. Wender (Cäcilie) oft viel zu laut und
1139 3620 2241 3710 Herr Rübsam (Amadeus) beherrschte seine Rolle nicht.
1138 3680 2236 3749 Der Darsteller, besonders Frl. Wender wurden durch
1135 3733 2056 3792 rauschenden Beifall des vollen Hauses geehrt.
