3484 4352
1288 240 1754 349 box 25/1
226 257 1146 381 20. Zwischenspiel
892 977 1013 1054 546
891 1043 2614 1123 Gatten um die hand seiner Frau. Der Dialog pointiert solche Wendungen geflissentlich,
887 1133 2578 1194 wenn z. B. Fürst Sigismund nicht mehr weiß, wie er von Cäcilie reden soll: „Ihre —
900 1167 2609 1261 meine — Frau Adams=Oltenburg.“ Er wird infolgedessen manchmal zum Epigramm.
899 1221 2610 1307 Amadeus weiß nicht, ob er sie mehr als sie ihn verloren hätte; und ein anderes Mal
902 1292 2617 1385 heißt es: „Darauf, ob man einander treu bleibt, was die Leute so nennen, kommt es wohl
896 1361 2622 1435 am allerwenigsten an.“ Das Stück ist reich an solchen Perlen. Daß der Titel „Zwischen¬
905 1407 2612 1514 spiel“ natürlich auch symbolisch zu verstehen und auf die ganze Ehe so gut wie auf das
895 1455 2622 1545 Abenteuer und auf Amadeus' Seitensprung zu beziehen ist, versteht sich bei einem Mo¬
903 1541 1292 1624 dernen von selbst.
997 1568 2628 1661 So viel sich aber auch jeder bei den geistreichen Dialogen denken kann, so schwer ist
902 1624 2628 1718 es, sich von den Personen, welche sie führen, eine sichere Vorstellung zu machen. Von
904 1675 2634 1793 den hauptpersonen wenigstens; denn die Uebenfiguren, besonders die Episoden, sind viel
908 1744 2637 1833 deutlicher herausgekommen. Am besten wohl der junge Fürst, eine echte österreichische
904 1806 2624 1916 Aristokratenfigur, von einem Typus, den man auf der Bühne noch nicht gesehen hat;
911 1870 2622 1967 abe auch die philinenhafte Gräfin hat Schnitzler mit ein paar Strichen sicher ge¬
906 1932 2635 2044 zeichnet. Auch Albertus und seine Frau haben wirkliches Leben, er noch dazu einen
909 1993 2637 2078 gesunden Humor. Die weibliche hauptrolle, Cäcilie, ist zwar von haus aus sicher in
910 2045 2632 2119 Angriff genommen, verliert aber zuletzt den festen Boden unter ihren Füßen. Fräulein
913 2102 2622 2189 Witt hat das mögliche für sie getan, sie anfangs kühler gehalten und die „Wandlung“
925 2155 2643 2256 zur Leidenschaft dann stark zum Ausdruck gebracht; den letzten Akt glaubhaft zu machen,
911 2218 2649 2296 ist auch ihr nicht gelungen. An den problematischen Kapellmeister hat Herr Kainz seinen
927 2272 2634 2367 ganzen Fleiß und seine größte Kunst verwendet, ohne daß er mir indessen dadurch klarer
917 2333 2647 2450 geworden wäre. Die moderne Schauspielkunst mit ihren zahllosen Details und den be¬
926 2400 2639 2485 liebten ironischen Wendungen geht ja überhaupt mehr auf Reichtum und Fülle als auf
920 2458 2641 2531 klare und sichere Linien aus. Eine Gestalt, die von Dichters Gnaden bereits feste Umrisse
935 2517 2646 2627 hat, kann dadurch nur gewinnen. Wo aber der Dichter selber schon die dünnen Striche
927 2560 2643 2681 gehäuft hat, da nützt der Schauspieler mehr, wenn er, wie etwa Baumeister, wenige dicke
932 2629 2649 2720 Linien zieht. Die Aufführung war im ganzen ausgezeichnet. Frau häberle und herr
931 2674 2658 2770 Treßler spielten das zweite Paar; Frau Kallina die Gräfin und herr Korff mit be¬
930 2739 2656 2830 sonderem Glücke den Fürsten. Den Regisseur verschweigt der Zettel; er verdient An¬
941 2828 1626 2919 erkennung, wer er auch sein mag.
