3436 4384
1328 242 1771 331 box 25/2
248 254 1266 346 20. Zuischensniel
1520 1450 1734 1538 S
857 1528 2051 1578 unmöglich geworden ist. Sie fühlt, daß sie selbst nicht mehr die ist,
868 1573 2059 1616 die sie war,g daß sie selbst sich verbrannt hat, als sie mit dem Feuer
173 1566 630 1657 „Zwischenspiel“.
869 1612 2047 1660 spielte. „Wir sind einander so viel gewesen,“ sagt sie, „daß wir uns
866 1659 2050 1702 die Erinnerung daran erhalten müssen. Wenn das“ (daß sie sich nach allem,
164 1646 844 1705 rzarte Mädchengestalten, die mit ihrer
862 1682 2058 1743 was vorgefallen, ihm noch einmal hingegeben hat,) „ein Abenteuer war, sind
158 1690 851 1749 En blutleeren Lippen und jenem fiebrigen
854 1728 2064 1775 wir auch unser vergangenes Glück nicht wert. War es ein Abschied,
169 1735 855 1788 aus dem die Fackel eines frühen Todes
891 1775 2055 1828 so sind wir vielleicht doch zu einem künftigen bestimmt ... viel¬
168 1777 845 1827 inen, daß man unwillkürlich geneigt ist,
862 1817 1759 1858 leicht.“ — So nimmt sie ihr Kind und geht davon.
171 1813 850 1887 k und auf den Fußspitzen einherzugehen.
941 1826 2061 1890 Dieser kritische Zustand zweier Menschenherzen mochte einen Dichter
173 1860 850 1925 gste Sprößling der Schnitzlerschen Muse¬
855 1886 2058 1932 von der Feinsinnigkeit Schnitzlers wohl reizen. Aber er hätte ihn zum
171 1917 853 1970 kollt in seinen Abern, man sieht
869 1919 2055 1978 Gegenstand einer Novelle machen sollen. Auf der Bühne wirkt das
205 1940 857 1999 ihm kein langes Leben beschieden
870 1966 2050 2012 alles so unklar, und dabei wirkt es zynisch. Man kann keine
237 1988 842 2052 sich doch merkwürdig angezogen
188 1986 246 2039 st
878 1998 2057 2050 Sympathie haben für diesen Mann, der sich so frivol über die heiligen
171 2024 852 2082 möchte ihn dem grellen Bühnenlicht,
872 2039 2049 2092 Forderungen der Ehe hinwegsetzt, und auch nicht für die Frau, die sich
172 2050 847 2120 entreißen und ihn mit sich nehmen in
864 2089 2057 2132 nicht einmal bemüßigt fühlt, wenigstens den Versuch zu machen, ihre
175 2107 850 2151 milden Schein eines rosig gedämpften
869 2128 2063 2170 Stellung im Herzen des Vaters ihres Kindes zu behaupten. Manches,
179 2142 849 2196 Schönheit zu genießen. Schnitzler ist in
867 2151 2056 2193 was da gesprochen wird, wirkt auf der Bühne geradezu verletzend, und
184 2182 858 2243 ganz Stimmungsmensch. Er verzichtet
868 2190 2064 2240 wenn der Fürst Sigismund, mit dem Frau Cäcilie flirtet, gar erscheint,
171 2220 848 2272 Bühne wirken kann, auf Handlung, auf
864 2217 2063 2278 um von ihrem Gatten ihre Hand zu erbitten, so ist sogar ein bedenk¬
182 2261 857 2310 ja selbst auf sogenannte Geistesblitze.
864 2270 2060 2323 licher Einschuß unfreiwilliger Komik dabei. Kurz, als psychologische
178 2300 855 2351 u verinnerlichen, hat er die Forderungen
871 2309 2058 2365 Studie ist dieses „Zwischenspiel“ unzweifelhaft interessant, als Theater¬
167 2335 850 2402 un einmal seine eigene Logik hat, seine
873 2352 2064 2408 stück ist es verfehlt, schon aus dem Grunde, weil es beinahe unmöglich
168 2380 273 2440 che.
873 2392 1356 2449 ist, diese Rollen zu spielen.
929 2410 2058 2477 Die Darstellung wußte denn auch nur zum Teil etwas damit anzu¬
179 2416 863 2487 vor uns hin, zwei freie, selbständige
877 2461 2064 2517 fangen. Frl. Triesch half sich damit, daß sie die unklare Gestalt der
176 2470 858 2521 nach siebenjähriger glücklicher Ehe dem
866 2502 2058 2559 Cäcilie auf die kluge, feinfühlige Frau hinausspielte, die dem leicht¬
168 2508 855 2560 hling ihrer Liebe zu schwinden beginnt.
874 2545 2063 2591 fertigen Seitensprung des Mannes mit scheinbarem Gleichmut zuschaut,
161 2545 854 2598 Beziehungen aufzugeben und als Freunde,
869 2583 2063 2634 während in ihrem Innern das so schwer gekränkte Frauenherz sich auf¬
166 2590 857 2652 eben einander weiter zu leben und weiter
871 2619 2058 2670 bäumt. Aber so wundervoll sie diese Aufgabe auch löste, die Forderungen,
184 2619 859 2680 wie bisher, sie wollen sich alles sein
858 2659 2061 2714 die der Dichter in diese Gestalt hineingelegt hat, erfüllte sie damit nur
181 2655 863 2713 rem Liebesleben soll in Zukunft jeder
874 2690 2070 2751 zum Teil. Herr Bassermann als Kapellmeister Amadeus aber schien
176 2704 855 2755 st es der Frau Ernst mit dieser frevel¬
863 2733 2055 2781 mir mit seinen breiten Bewegungen und seiner breiten Sprache,
174 2743 858 2791 ichter läßt uns darüber im unklaren. Er
870 2778 2061 2826 die oft an das Geschrei eigensinniger Kinder erinnert, gar nicht
173 2780 857 2834 Beg nicht geht, daß sie nur mit einer un¬
866 2824 2064 2864 am Platze. So meisterlich dieser Künstler zu charakterisieren
180 2817 862 2868 ausblickt, daß sie mit dem Gedanken nur
875 2856 2057 2905 versteht, so tief er sich in seine Gestalten hineinzuleben weiß, ein Lieb¬
176 2862 857 2912 nkönnte. Der Mann dagegen nutzt die
868 2878 2069 2945 haber ist er nicht. Und wenn diesem leichtfertigen Bohémien von
172 2885 844 2943 delt sorglos die gefährliche Bahn. Aber
868 2931 2068 2985 Wiener Kapellmeister auch noch der Zauber hinreißender persönlicher
173 2933 862 2979 eine Sackgasse geraten tst. Er sehnt sich
873 2968 2058 3031 Liebenswürdigkeit abgeht, dann wird er unleidlich, und dann kann man
171 2968 857 3016 das er so leichtfertig aufs Spiel gesetzt
883 3010 2063 3055 auch die Frau ganz und gar nicht verstehen, die ihn nach all seinen
175 3002 866 3060 die Liebe seines Weibes. Und im er¬
860 3049 2061 3104 Verirrungen noch einmal erhört. Aber, wie gesagt, vislleicht ist diese
177 3050 856 3103 n Leidenschaft wird sie noch einmal sein.
186 3089 2061 3152 ein Glück von Dauer für sie beide nun Rolle überhaupt nicht zu spielen, auch Lanz in Wien hat nicht mit
2074 1501 3268 1578 ihr fertig werden können. Das ganze Stück ist wohl nur ein
2075 1567 3268 1618 „Zwischenspiel“ in Schnitzlers dramatischem Schaffen. Man wird es
2077 1608 2847 1674 nicht geben, aber vielleicht wird man es lesen.
2836 1621 3270 1704 Richard Schott.
2139 1696 3254 1771 * Der Streit um den Schulbeginn. Leipzig, 26. Rovember.
2076 1763 3251 1807 Schulbeginn im Sommer nicht vor 8, im Winter nicht vor 9 Uhr
2072 1784 3259 1847 in den vier untersten Volksschukklassen ist schon lange der Wunsch
2065 1835 3258 1884 zahlreicher Eltern, namentlich wegen sanitärer Rücksichten, und
2070 1876 3266 1936 die Stadtverordneten trugen demselben gestern insofern Rechnung,
2070 1916 3266 1971 als sie dem Ausschußantrag zustimmten, die Sache dem Stadtrate
2071 1947 3264 2001 zur Erwägung anheimzugeben. Davei wurde aber auf die
2070 1990 3259 2040 Schwierigkeit hingewiesen, die 26 Wochenstunden unterzubringen,
2073 2038 3267 2087 ebenso darauf, daß bei einer Elternabstimmung in zwei Schul¬
2071 2069 3260 2129 bezirken sich 93 bezw. 96 Prozent der Eltern für den jetzigen
2068 2099 3264 2173 Schulbeginn (um 7 resp. 8 Uhr) erklärt hätten. (In anderen
2073 2150 3190 2201 Bezirken dürfte die Abstimmung indessen anders ausfallen.)
2182 2173 3264 2244 Aus der Freimaurerwelt. Leipzig, 26 November.
2062 2217 3275 2264 Hier starb im Alter von 78 Jahren der bekannte freimaurerische
2063 2261 3273 2307 Schriftsteller und frühere Verlagsbuchhändler I. G. Findel. Seine
2069 2300 3263 2354 Leiche wird nach Jena zur Einäscherung übergeführt; auf den
2063 2338 3264 2393 Wunsch des Verstorbenen dürfen äußere Zeichen der Trauer nicht
2080 2372 3267 2442 angelegt werden. Findel gehörte der Freisinnigen Partei und
2067 2416 3273 2476 der deutsch=latholischen (freireligiösen) Gemeinde an. Jesuitisch
2068 2465 3206 2527 erzogen, war er ein gefürchteter Bekämpfer des Jesuitismus.
2189 2485 3264 2543 Christiana, 26. November. „Verdens Gang“ sagt, der Zu¬
2080 2529 3259 2582 stand Henrik Ibsens sei nicht unmittelbar beunruhigend. Der Dichter
2070 2561 3270 2626 sei zwar in der letzten Zeit schwächer geworden, er sei aber doch täglich
2082 2609 3259 2663 einige Stunden auf und zeige Interesse für die Begebenheiten des Tages.
2178 2645 3272 2710 * Leipzig, 26. November. „Die Siegerin“, ein dreiaktiges
2074 2689 3268 2736 Schauspiel von J. Wiegand, erlebte heute im Leipziger Schauspiel¬
2072 2727 3263 2779 haus (Dir. A. Hartmann) seine Uraufführung. Das Werk ist ein
2080 2777 3272 2826 schwächlicher und mißlungener Versuch, eine Liebesepisode aus dem
2073 2812 3262 2854 Leben der Zarin Katharina dramatisch zu gestalten. Die Darsteller
2075 2843 3278 2890 fanden sich mit der Aufgabe dankenswert ab und konnten den starken
2076 2888 3267 2944 Beifall an den Aktschlüssen wohl auf sich beziehen. Fräulein Immisch
2075 2928 3276 2969 als „Katharina“, die in dem Regierungsgeschäfte nur Vernunft und
2066 2958 3265 3017 Willen, sonst aber stark das Herz und die Leidenschaft walten läßt, war
2077 2994 3276 3067 sogar anzuerkennen. Ein kritischeres, als das Soffsitagspublikum hätte
2074 3038 2554 3112 das Opus wohl abgelehnt.
