3484 4192
1408 66 1743 159 box 25
320 62 1228 174 20. Zuischenspiel
436 1130 1494 1207 Uhenscht Wbrivei„  —
436 1198 1525 1253 Kartoffeln Preise gefordert und notgedrungen bezahlt,
1556 1189 2637 1275 sich um die verhältnismäßig geringe Menge der hei¬
428 1247 1520 1322 die weit über die Preise hinausgehen, die sonst von
1561 1259 2633 1346 mischen Kartoffeln, und es kommt eine unerträgliche
427 1303 1519 1368 Vertretern der Landwirtschaft wie auch der Ver¬
1567 1306 2047 1375 Preistreiberei zustande.
427 1342 1522 1410 braucher als gerechtfertigt und möglich bezeichnet
1601 1366 2636 1433 Wie das auf die Stimmung aller Volksschichten
426 1405 1525 1475 worden sind. Im Reichstage hat der Abg. Giesberts
1548 1416 2640 1493 wirkt, welche auf Kartoffeleinkauf angewiesen sind,
432 1461 1515 1516 den Preis von 3.50 bis 4 Mark pro Zentner ge¬
1545 1470 2635 1541 braucht nicht näher ausgeführt zu werden. Im Hin¬
422 1521 1519 1581 nannt, zu dem Kartoffeln frei Keller geliefert werden
1549 1521 2637 1584 blick auf die diesjährige große Kartoffelernte werden
420 1554 1517 1626 müßten. Der Landtagsabgeordnete Hoeveler hat in
1548 1575 2628 1622 Preise von 5 und 6 Mark nicht mit Unrecht als Wucher¬
1555 1663 2588 1724 gefundenes an seelischer Bergwerksarbeit ist dabei —
490 1673 1447 1764 Arthur Schnitzler: „Zwischenspiel“
1555 1714 2631 1770 so die erwachende Eifersucht des schon gleichgültig
730 1727 1206 1812 Cünstlertheater)
1563 1771 2632 1829 gewordenen Mannes, nachdem er die verschwebende
1211 1763 1347 1877 ger
1560 1816 2631 1881 Gattin einmal, einmal, einmal wieder besessen hat.
1555 1856 2588 1920 Vorzüglich. Aber man sagt nicht: er ist ein Luder.
434 1860 1522 1962 Sält man sich an Fragen der Nützlichkeit (oder des
1599 1905 2453 1973 Ich verlange das von einem Schriftsteller.
445 1937 1515 2001 ∆ Gewissens), dann ist, wenn im Felde draußen
426 1984 1525 2039 das Blut schmerzlicher fließt und wir solche zerlegenden
2041 1991 2135 2059 II.
431 2028 1521 2109 Liebesstücke sehn, allenfalls eine Antwort: daß Ab¬
1603 2054 2643 2124 Jedenfalls schweifen die Gedanken ab, wenn man
416 2091 1515 2143 lenkungen die seelische Gesundheit fördern; somit für
1552 2104 2618 2190 heut vor diesem Liebeskampf des leidenden Paars im
432 2126 1230 2183 viele Menschen ein Daseinsrecht haben.
1561 2149 1813 2213 Parkett sitzt.
468 2188 1528 2249 Doch was hier ein Dichter hinstellt, wird von
1595 2184 2625 2269 Inmitten der Halbtöne, Zwiespaltklänge, Zwischen¬
423 2227 1515 2306 schweifenden Gedanken in mir verzerrt; unterbrochen;
1554 2252 2629 2311 stufungen des Geschlechtsmenschlichen; inmitten der
418 2270 842 2343 zerstückelt; ergänzt.
1558 2298 2638 2345 Erörterungen zweier sich leis Verrückenden, sich Wen¬
465 2317 1513 2385 Man sieht einen Mann und seine Frau sich von
1555 2343 2637 2414 denden, sich Abwendenden; zweier durchaus im Recht be¬
421 2378 1514 2444 einander entfernen; den letzten Teil dieses Entsernens
1562 2391 2633 2460 findlichen Selbstbeobachter, Kleinbeobachter: inmitten die¬
426 2422 1472 2472 durchmachen. Beide haben genug voneinander —
1564 2443 2643 2523 ser Goldwägungen (ob es schon die letzten Goldwägungen
425 2471 1432 2539 doch nicht so genug, daß kein Schmerz aufkäme.
1560 2493 2627 2558 kaum sind) kam, sekundenlang das furchtbare Gefühl in
460 2514 1512 2585 Was oft geschieht, geschieht also hier ... in etlichen
1546 2542 2630 2603 mich: es gibt noch eine andre Lösung — der Mann
424 2558 1510 2651 Punkten sozusagen dauernd festgehalten. Bloß in
1538 2596 2639 2650 kann dies Geschöpf dermaßen hauen, daß ihr die
433 2608 791 2685 etlichen Punkten.
1544 2643 2635 2696 Hälfte des Kehlkopfs, dessen sie als Opernsängerin
462 2648 1510 2739 Denn so ein Auseinandergehn erfolgt, wenn man
1542 2692 2638 2752 übrigens dringend bedarf, zerbrochen wird, und schmeißt
425 2722 1514 2773 die Wirklichkeit betrachtet, in hundertundzehn Auf¬
1546 2734 2623 2811 sie dann die Treppe runter wie ein Paket. Gräßlich.
430 2762 1513 2831 zügen; der Dramatiker hat nur drei — doch ließen
1543 2777 1718 2836 Weiter.
430 2816 1519 2867 sich in diese drei mehr Punkte bringen, als Schnitzler
1589 2827 2630 2894 Im selben Atem kommt ein gegenteiliges Gefühl,
427 2868 1521 2929 gebracht hat; mehr Schlagendes drängen; mehr Ver¬
1548 2881 2625 2951 etwa so: Kinder, macht kein Aufhebens! Ihr habt's
427 2909 1521 2979 blüffend=Beobachtetes — daß dem Schaugast etwa
1537 2918 2629 2978 ja doch so gut!... Und ob Ihr Euch schon zerkriegt!
426 2953 1202 3024 dämmerte: dieser Poet ist ein Luder.
1554 2974 2623 3036 Und ob Ihr schon ein wehmütiges, schmerzvoll=stilles
470 2994 1522 3056 Hier jedoch hat man das Gefühl: der Poet gibt
1546 3025 2623 3091 Scheidegefühl habt! Zugegeben!... Ihr sitzt ja im
422 3063 1518 3123 etlichemal sehr fein halbverdeckte Regungen; immer¬
1547 3059 2629 3146 Warmen! Wenn man nur g’sund is — liebe Cäcilie,
432 3096 1956 3187 hin mit Bereicherungen des Bestandes. Selbst= lieber Amadeus...
2669 1187 3400 1296 Preisbildung keineswegs ein blo
2674 1272 3397 1337 sondern auch ein eminent wirtschaft
2674 1324 3378 1394 soweit, als die Rückwirkung auf
2675 1381 3392 1434 Leben schon jetzt unverkennbar ist 1
2667 1432 3409 1492 Maße sich geltend machen wird. M
2666 1490 3406 1552 die Regierung, sondern auch die po
2661 1541 3408 1606 und deren Führer, von denen i
2666 1584 3392 1649 Einwirkung auf die Regierung erwi
3143 1677 3268 1743 III.
2704 1709 3381 1798 Schnigler bleibt ein hoher Wert
2659 1773 3393 1845 mit seinem schürfenden Gesamtwerk
2673 1828 3402 1892 Gunst nicht genügend besonnt wird.
2660 1869 3405 1958 herrscht aber die schlimme Losung
2671 1920 2974 1987 ohne Schmuß.
2712 1948 3401 2041 Schlimm? Es geht ja so zu b
2663 2014 3403 2090 Menschen; es muß heute so zugehn
2663 2077 3396 2130 aber komisch, wenn sie gesprochen n
2666 2120 3404 2194 dacht zu werden). An Merkmalen so
2728 2174 3207 2231 statt an Mitteilungen.
2698 2212 3393 2285 Kein Schmatz ohne Schmuß Ich
2655 2264 3404 2334 daß die zwei Leute, wenn der Vor
2664 2317 3404 2385 Umarmung fällt und Wilderes so
2661 2361 3397 2443 über jede Einzelheit schmußen, währ
2664 2414 2782 2471 wird.
2699 2441 3394 2524 Immer noch in dieser Sprechform
2657 2510 3399 2583 sie hat zwei Seiten. Ich gewahre vie
2663 2555 3395 2613 holprig geprägt ist. Doch ... wäre
2655 2610 3387 2677 sehr schlagend geprägt, besonders
2655 2662 3404 2712 dann beschuldigte man ihn der Ausl
2664 2706 3393 2763 hat er, als Dramatiker, nur die Ver
2663 2752 3405 2824 vollendet und nachklappend reden z
2666 2804 3400 2872 meistens im Alltag wirklich sprechen.
2705 2844 3390 2901 Er will aber doch etwas feiner spr
2650 2891 3395 2963 also gewisse Wendungen einem berufs
2658 2943 3388 2995 steller in den Mund —— und aus a
2654 2996 3350 3050 ungefähr: Zeitungsüberlieferung
2663 3038 3397 3104 Donau mit etwas Seelengeträuf zwis
2703 3087 3398 3152 Manchmal sehr fein. Doch Oskar
2654 3132 3398 3215 in einem Schaukäfig — dies nann
