3436 4384
1304 179 1774 258 box 25/3
267 176 1282 287 20. Zuischensniel
559 542 609 614 9
561 559 895 662 A
379 655 745 740 Telephon 12801.
1215 745 1308 810 95
554 728 1227 871 „OBSERVER
368 865 1475 928 I. österr. behördl. konz. Unternehmen für Zeitungs-Ausschnitte
567 922 1293 1006 Wien, I., Concordiaplatz 4.
780 982 1081 1047 Vertretungen
374 1014 1475 1100 in Berlin, Budapest, Chicago, Christiania, Genf, Kopenhagen,
364 1079 1488 1138 London, Madrid, Mailand, Minneapolis, New-York, Paris, Rom,
548 1116 1310 1178 San Francisco, Stockholm, St. Petersburg.
713 1158 1135 1217 (Quellenangabe ohne Gewähr.)
361 1221 778 1302 Ausschnitt aus:
786 1268 1572 1349 Prager Abendblatt
373 1334 509 1386 vom:
712 1452 1148 1544 Thealer.
605 1530 1418 1605 . Deutsches Landestheater. Schnig
438 1557 1378 1639 Er hielt gestern bei uns mit seinem „Zwischen¬
1374 1564 1487 1653 115
443 1603 1387 1656 spiel“ Einzug. Ueber die Vorgänge im Vor=, Zwischen¬
1430 1635 1517 1720 *
427 1649 1389 1705 und Nachspiel sind unsere Leser bereits informiert wordenz
427 1691 1467 1765 es bleißt nun noch nach der Aufführung zu fragen #
440 1731 1389 1786 übrig, ob alle diese Spiele miteinander so viel
433 1766 1385 1811 Inhalt besitzen, um ein richtiges Bühnenspiel abzu¬
433 1804 1424 1874 geben, in dem dramatische Wirkung ist. Das kann #
435 1849 1390 1907 nicht mit einem „ja“ beantwortet werden. Der neuste
1396 1852 1474 1904 g
425 1884 1388 1941 „erotische“ Schnitzlerstoff reicht wohl eber für
424 1902 1466 1998 eine Novelle aus, als zu einem dreiaktigen Schau¬ 8
429 1959 1382 2016 spiele. In novellistischer Form kämen die geistreichen
433 1992 1380 2040 konversationellen Schlager, an denen der Dialog — des
423 2031 1387 2091 III. Aktesinsbesondere — reich ist, mehr zur Geltung. Die
424 2069 1377 2137 Bühne „frißt“ wie man technisch sagt, dergleichen
432 2104 1374 2172 Finessen zumal dann, wenn die Darsteller nicht immer,
422 2150 1372 2203 wie dies der Fall war, deutlich sprechen. Abgesehen
436 2193 1385 2259 von solchem vereinzelt auftretendem Manko, ist an der
424 2215 1374 2278 Première des gestrigen Abends des Guten genug zu
431 2253 1385 2321 finden. Von den Darstellern steht Johanna
419 2300 1368 2354 Buska an erster Stelle. Ihre vorteilhafte äußere
430 2341 1372 2388 Erscheinung, das ausgeprägt Künstlerische ihres
418 2391 1372 2445 Naturells, das stets mit voller Hingebung sich mit
418 2408 1369 2461 der zu belebenden Bühnengestalt verwebt, gaben
422 2447 1372 2511 der „Cäcilie“ das vom Autor gewollte kolo¬
422 2496 1368 2549 ristische und psychische Gepräge. In der ein¬
416 2511 1375 2572 zigen dramatischen Szeue des Stückes, allerdings
421 2562 1375 2616 auch der heikelsten, traf Frau Buska geschickt
429 2611 1373 2659 die mannigfachen Akzente. Herr Steil assistierte ihr
427 2644 1374 2699 in der Künstlerrolle des Gatten, der nie weiß, was
438 2683 1381 2717 er will, mit erwärmendem Temperament; er ist über¬
425 2701 1378 2769 haupt in der Rolle sympathischer, als die Rolle selbst
429 2754 1369 2800 es ist. Die einzige Szene des „Fürsten“, worin dieser
438 2790 1350 2846 so quaei den Rivalen „um die Hand seiner Frau“
426 2833 1370 2889 bittet, spielt Herr Lengbach, und diese Szeue trug
431 2869 1372 2926 ihm stürmischen Applaus bei offener Szeue ein. Herr
419 2897 1373 2964 [Leugbach zeichnet prächtig den distinguierten Ari¬
426 2943 1365 3000 stokraten nicht nur glaubwürdig in der Erscheinung,
415 2978 1365 3037 sondern auch vornehm im Ausdruck der Sprache, im
421 3018 1368 3080 Tonfall, im Vibrato der feinen Redeweise — ganz der
429 3061 1377 3111 edelfühlende „anständige" Mensch. Vortrefflich wirkt
418 3097 1363 3144 saauch eine von Herrn Faber frisch und originell dar¬
421 3137 1371 3190 gestellte Dichterfigur. Die Damen Wulf und
420 3178 1375 3231 [Niedt,treten ebenfalls lobenswert ins Ensemble,
424 3210 1364 3272 und ejde geschmackvolle Szenerie trägt zur Unter¬
419 3235 1369 3284 stützung des „Zwischenspiels“ bei. Das Publi¬
415 3277 1377 3340 ku# applaudierte reichlich, noch mehr wohl den künst¬
424 3324 1367 3367 lerischen Vertretern des Anors, als seinem Werke,
427 3361 1374 3417 enem im feinst geschliffenen Champagaerglas kre¬
418 3399 1365 3463 enzten Extrakt aus den Abfallwässern eines Mist¬
416 3434 567 3503 beetes.
560 3444 1355 3527 Vom Böhmischen Landestheater. Fi¬
409 3517 1365 3566 bichs neu einstudierte Oper „Hedy“ in der beson¬
416 3556 1362 3612 ders Fräulein Slavik in der Titelpartie und Herr
412 3589 1371 3646 [Makäk in jener des Don Juan reichlich Gelegenheit
403 3626 1378 3691 zur Entfaltung ihres künstlerischen Könnens finden,
409 3677 1365 3722 wird heute neuerlich zur Aufführung gelangen. Für
411 3710 1362 3757 morgen ist ein Gastspiel des Herrn Franz Päcal
414 3750 1368 3801 von der Wiener Hofoper in der Titelpartie von
415 3788 1365 3836 Smetauas „Dalibor“ angesetzt, für Samstag
415 3817 1356 3866 Abends die vierte Aufführung von Jiräseks „Lu¬
399 3864 1359 3898 cerna“ („Die Laterne“), die auch bei ihrer ge¬
406 3901 1353 3950 strigen Wiederholung eine sehr beifällige Aufnahme
411 3936 1362 3988 fand. Als Kindervorstellung wird Samstag Nach¬
394 3965 1408 4028 mittags Humperdiucks Oper „Hänsl und Gret!““
403 4013 1277 4071 („Pewmiková chaloupka“) in Szeue gehen.
1931 332 2316 433 Telephon 12801.
2719 443 2860 524 5
2112 457 2820 557 „UBSERVER
1922 549 3028 626 I. österr. behördl. konz. Unternehmen für Zeitungs-Ausschnitte
2115 584 2845 683 Wien, I., Concordiaplatz 4.
2328 658 2642 730 Vertretungen
1915 709 3023 772 in Berlin, Budapest, Chicago, Christiania, Genf, Kopenhagen,
1914 758 3033 820 London, Madrid, Mailand, Minneapolis, New-York, Paris, Rom,
2085 792 2854 848 San Francisco, Stockholm, St. Petersburg.
2263 838 2681 886 (Quellenangabe ohne Gewähr.)
1915 897 2332 979 Ausschnitt aug:
2279 947 3004 1061 Fremdenblatt, Wien
1919 1009 2083 1063 vom:
2438 1031 2699 1119 — 1. 10
1703 1091 3081 1195 masse und der Pothchromne 5#9 Orchesters gelberkeisert hatte. H.
1875 1135 3191 1236 — Aus Prag, 22. d., wird uns telegraphiert: ScHfn12—
1729 1214 3141 1312 „Zwischenspiel“ fand bei der Erstaufführung im Neuen deutschen Theater
1726 1247 3145 1319 warme Aufnahme, trotzdem das Stück stofflich befremdete. Die Aus¬
1728 1317 2919 1403 einandersetzungsszenen des dritten Aktes interessierten besonders.
2924 1492 2981 1541 2
2945 1536 2998 1589 2.
2918 1557 2972 1603 80
2914 1596 2976 1673 8
2605 2049 2990 2147 Telephon 12801.
2761 2157 2844 2222 99
2100 2193 2796 2284 „UDSERVEh
1925 2265 2998 2343 I. österr. behördl konz. Unternehmen für Zeitungs-Ausschnitte
2112 2318 2849 2412 Wien, I., Concordiaplatz 4.
2325 2389 2635 2460 Vertretungen
1929 2426 3021 2518 in Berlin, Budapest, Chicago, Christiania, Genf, Kopenhagen,
1929 2490 3017 2549 London, Madrid, Mailand, Minneapolis. New-York. Paris, Rom,
2089 2523 2862 2585 San Francisco, Stockholm, St. Petersburg.
2272 2573 2693 2625 (Quellenangabe ohne Gewähr)
1945 2629 3014 2726 Ausschnitt adsues Wiener Tagblatt
1950 2751 2115 2814 vom:
2046 2785 2984 2879 * Aus Prag wird uns lelegraphiert: Artbur
1954 2845 2966 2915 [Schnitzlers interessante Komödie „Zwischenspiel“, welche
1952 2916 2966 2975 gestern zum ersten Mal im Neuen deutschen Theater auf¬
2970 2913 3027 3002 8
1948 2954 2973 3011 geführt wurde, hatte einen großen Erfolg. Die Aufführung
2969 2975 3024 3028 9.
1950 3001 2958 3060 war sehr gut vorbereitet. Das Publikum rief wiederholt die
2983 3044 3042 3095 2.
1954 3039 2962 3102 Hauptmitwirkenden Johanna Buska und Herrn Langen¬
2965 3078 3029 3136 5
1953 3085 2969 3148 bach vor die Rampe. Es wurden aus Anlaß der Auf¬
1960 3125 3026 3202 führung Demonstrationen befürchtet, die jedoch nicht ein¬
2978 3164 3019 3205 2
1956 3178 2965 3236 traten. Im „Kleinen Anzeiger“ der „Bohemia“ war gestern
2988 3213 3039 3267 2
1953 3219 2967 3292 nämlich folgendes Inserat enthalten: „Zwischenspiel. Heute
2978 3258 3043 3332 3
1952 3274 2965 3332 Abends Rendezvous. Bringt Pfeischen mit! Johann.“ Da
1957 3316 2982 3392 am Abend Schnitzlers „Zwischenspiel“ mit Johanna
1956 3372 2981 3438 Busla in der Hauptrolle zur ersten Aufführung gelangen
1946 3410 2985 3501 sollte, veröffentlichte die „Bohemia im gestrigen Abendblatte
1953 3468 2985 3523 nachstehende Erklärung: „Infolge eines unliebsamen Ver¬
1949 3502 2979 3588 sehens ist eine Korrespondenz, welche gestern für den
1956 3562 2984 3618 Inseratenteil aufgegeben wurde, nicht inhibiert worden, eine
1957 3609 2981 3668 Korrespondenz, deren versteckter Sinn auf ein Arrangement
1934 3649 2985 3719 =von Demonstrationen bei der heutigen Vorstellung hinzu¬
1943 3695 2978 3768 wirken scheint. Wir brauchen nicht erst zu betonen, daß wir
1955 3720 2986 3811 jede planmäßige Störung einer künstlerischen Veranstaltung,
1960 3786 2982 3848 als welche eine Schnitzler=Premiere unter allen Umständen
1957 3826 2980 3898 aufzufassen ist, auf das entschiedenste verurteilen. Wir
1951 3876 2979 3935 halten es für unsere publizistische Pflicht, alle unbefangenen
1951 3915 2977 3993 Theaterfreunde davor zu warnen, sich zu unbedachten Kund¬
1961 3972 2503 4060 gebungen hinreißen zu lassen.“
