3436 4352
1304 197 1739 299 box 25/1
235 212 1147 316 20. Zuischenspiel
1600 348 1776 439 — ——
961 447 2339 603 Von den Wiener Theatern 190506.
1619 588 1701 659 II.
935 629 2490 708 Pirektor Schleuther scheint den Dorwurf, daß er die Wiener Literatur heimatlos mache
918 689 2499 778 J und nach Berlin vertreibe, endlich entkrften zu wollen. Schnitzler, Bahr, Schönherr
824 732 2504 825 4rücken im Novitätenplan hintereinander auf, und es scheint fast, als würde die Kunst
797 812 2496 859 von den Wienern bestritten werden, indes das Geschäft von auswärts bezogen wird. Ich glaube
800 850 2499 911 aber, daß man sich im Burgtheater bald überzeugm wird, daß die Kunst auch ein Geschäft sein
813 912 2491 962 kann, und daß es durchaus nicht absolut notwemig ist, uuliterarische Stücke zu geben, um die
802 964 2497 1007 Kassen zu füllen. Einstweilen nämlich macht Schntzlers „Zwischenspiel“*) ebenso sehr aus¬
800 1014 2503 1067 verkaufte Häuser wie Schönthans „Klein Dorrit“ Mich über dieses letztere Theaterstück zu
810 1051 2502 1107 äußern, enthebt mich gottlob der angenehme Umstand, daß darüber in diesen Blättern anläßlich
799 1097 2504 1166 der Dresdner Dremiere bereits alles Nötige (VIII. Jahrgang, Heft 2, Dag. 85) gesagt wurde.
799 1157 2498 1213 Die Aufführung am Wiener Burgtheater war zu unserm Heile mehr im Geiste Dickens ge¬
807 1191 2508 1259 halten, als im Sinne Schönthans. Thimig war als Dorrit sehr ergötzlich, wenngleich ich mir
801 1237 2498 1304 diese Rolle von Hartmann noch ganz anders gespielt denken kann. Das Seigneuriale Hart¬
810 1308 2507 1364 manns geht Thimig völlig ab, und gerade der Kontrast zwischen der Würde, die Dorrit sich gibt,
804 1337 2496 1427 und die er hat, und dem Milien des Schuldgefängnisses, in dem er sich bewegt, ist die reichste
946 1407 1793 1509 *) Buchausgabe, Vertag S. Fischer, Berlin 0905.
848 1507 2546 1609 Quelle der Komik im Roman wie im Stück. Dafür aber schwamm Thimig im letzten Akte, der
836 1598 2547 1653 unverfälschter Schönthan ist, im lustigsten Hossenelement und man konnte viel und herzlich über
838 1628 2535 1706 ihn lachen. In diesem Akte kommt auch kein ganz kleines, sehr putziges Uegerlein vor, das
840 1694 2536 1748 hinter der kleinen Dorrit, die nun ein millionenreiches Fräulein geworden ist, einhertrabt, den
835 1731 2557 1806 Parasol trägt, ganz wie das Negerlein im „Struwwelpeter“, und in unsagbar komischer Weise
851 1769 2551 1851 den Zrlinderhut abnimmt. Wer über das Kerlchen nicht lacht, ist ein Griesgram, den man gar
846 1846 2551 1909 nicht ins Theater lassen sollte. Wenn ich Direktor wäre, ich hätte mir diesen Treffer nicht ent¬
845 1872 2555 1953 gehen lassen. Daß man aber drei Akte lang auf das Negerlein warten muß, ist bitter. Diese
839 1929 2548 2000 Wartezeit werde ich Schönthan lange nicht vergessen. Frau Rettr war als Klein Dorrit aller¬
846 1977 2552 2051 liebst. Mie Paganini auf einer Saite, so wäß sie mit einem Ton zu spielen. Aber er hat so
847 2037 2025 2110 süßen Klang, daß man sich manchmal sogar der Monotonie freut.
970 2075 2558 2152 Ich muß ApthuxAnitzler um Entschuldigung bitten, daß ich sein Stück abermals in
854 2128 2558 2183 einem Atem mit Schonthans „M##=Dorrit“ nenne. Aber der Erfolg der beiden Werke bei der
850 2195 2558 2252 Premiere war sehr ähnlich. Das Publikum blieb beide Male unentschieden. Erst ein späteren
849 2223 2551 2293 Aufführungen trugen die Signatur des Sieges. Es scheint also, daß es in Wien ebensoviel un¬
850 2296 2562 2356 literarische wie literarische Menschen gibt und daß beide Parteien einige Zeit brauchen, bis sie
841 2338 1442 2413 ihre eigene Meinung erkennen.
960 2349 2550 2430 Man hat in den letzten Tagen Schnitzler sehr oft den stärksten Wiener Dramatiker genannt.
839 2427 2557 2507 Das ist er gewiß. Aber damit ist noch nicht gesagt, daß er ein starker Dramatiker=ist. Er ist
854 2473 2558 2527 kein Mann mit dramatischem Biceps, ja es scheint beinahe, als ob ihm der kräftige dramatische
860 2546 2555 2601 Zug, der Effekt (man muß ja mit Effekt nicht immer einen bösen Tadel verbinden) unspmpathisch
850 2579 2564 2645 wären. Seiner zarten, verträumten Art entspricht derbes Zufassen und Zupacken nicht. Und je mehr
855 2638 2551 2701 er sich zum Lebensweisen läutert, desto mehr weicht er dem, was man im guten oder im schlechten
849 2685 2563 2744 Sinne „Theater“ nennt, aus. Er schiebt es mit vornehmer, ässiger Gebärde bei Seite. Seine
856 2720 2553 2804 Kunst mit den leise mitklingenden melancholischen Untertönen, mit der Sordine der Resignation,
866 2777 2560 2834 durchzittert von Zweifel und Fragen, aufgelöst in einer Lebensscheu, die im Grunde genommen
850 2839 2553 2894 doch nur der Sehnsucht nach Leben entspringt, ist weicher Anmut vall. Aber es ist stets eine
861 2874 2560 2932 Anmut in Moll. Der Durakkord des Dramatikers wird immer seltener bei ihm. Es ist, als
852 2930 2562 3000 würde der Hhi'““ ph, der träumend seine Themen variiert, den Bühnenmann immer heftiger ver¬
853 2955 2569 3020 drängen. Schnitzlers Philosophie aber ist Liebesphilosophie. Don der Frau geht seine ganze
848 3029 2560 3093 Kunst aus, von ihr spricht sie unaufhörlich, von ihrem Duft ist sie durchtränkt, ihr Herz regelt
859 3070 2565 3143 seines Herzens Schlag. Schnitzler ist der geistvollste Erotiker, den Wien je hervorgebracht hat.
862 3116 2567 3190 Und wenn Speidel von Bauernfeld gesagt hat, daß Wien sich in ihm einen Schnabel wachsen
865 3167 2568 3247 ließ, so kann man von Schnitzler sagen, daß aus seinem Munde die Wienerstadt spricht, wie sie
863 3217 2183 3287 liebt und küßt. Unsere ganze Literatur hat keinen größeren Liebesdichter.
977 3252 2566 3319 Eines ist seltsam: Schnitzler ist mit seinem Witz und seinem Humor zum Lustspieldichter
854 3344 2562 3380 geboren. Er möchte sich aber zum Tragiker erziehen. So ist auch das Problem des „Zwischen¬
862 3358 2568 3444 spiel“ eine glänzende Lustspielidee. Der Dichter aber will den Scherz seines Einfalles nicht gelten
851 3405 2565 3460 lassen und bemüht sich eifrig, schweren Ernst in einen Fall zu legen, über den wir am liebsten
865 3460 2558 3540 mit dem weltüberlegenen Doeten herzhaft lachen möchten. Der Kapellmeister Amadeus Adams
866 3514 2566 3566 ist mit der Opernsängerin Cäcilie Ortenberg vermählt. Die Ehe lockert sich. Amadeus hat eine
863 3560 2562 3636 kleine Liebelei mit einer Schülerin, einer pikanten Gräfin, die gewiß mehr Calent zur Geliebten
870 3611 2558 3682 als zur Sängerin hat, und Frau Cäcilie läßt sich von einem Fürsten Sigismund den Hof machen.
866 3658 2565 3737 Da beschließen die beiden Ehegatten, die ihren Bund auf Wahrheit begründet haben, einander
873 3720 2570 3782 völlige Freiheit zu gewähren. Sie knoten das Eheband auf, sie trennen sich als Mann und
856 3763 2559 3823 Weib — aber die Kameradschaft zwischen den mehr künstlerisch als menschlich verwandten Na¬
872 3814 2575 3870 turen soll bestehen bleiben. Und was geschieht nun? Amadeus hat das kleine Abenteuer mit
863 3861 2560 3922 der Gräfin so rasch überwunden und verwunden wie auch andere Abenteuer gleichen Kalibers.
877 3903 2576 3966 Das sind Erlebnisse, die nur seine Haut berühren und kaum seine Seele streifen. Cäcilie aber er¬
875 3967 2572 4038 lebt in Berlin, wo sie gastiert, seelische Berührungen, ohne sich körperlich etwas zu vergeben.
880 4000 2575 4075 Sie ahnt Kommendes; eine Liebe, die versinken, eine, die aufsteigen könnte. Sie entfernt sich,
872 4048 2580 4115 der Freiheit wiedergegeben, viel mehr von ihrem Gatten, als er von ihr, der seine Freiheit als
871 4090 2585 4176 Männchen und nicht als Persönlichkeit genießt. Und als Täcilie nach Wien zurückkehrt, treibt
