3436 4480
1758 170 2799 231 kaum eine Ele gübe, wo nicht wenigstens ein
827 158 1748 242 Damit ist der langgefürchtete erste Präze¬
1755 221 2803 303 ideeller Ehebruch stände (vergleiche auch im
727 227 1770 309 denzfall eingetreten, von „dorther gibts kein
1770 291 2797 349 1. Akt: „Den, der zu leben weiß, erwarten alle
733 309 1761 363 Zurück“. Nun kommt die Kehrseite. Auch
1767 332 2802 416 Abenteuer, nach denen ihm gelüstet, im Frieden
730 353 1768 427 Cäcilie, die frei gewordene, macht von ihrer
1778 389 2805 468 seines Heims. Er erlebt sie geradeso wie ein
730 412 1760 489 Dispens Gebrauch. Sie begeht eine Gedanken¬
731 464 1764 546 schuld. „Ich habe ja noch ich habe ja noch
1783 511 2805 584 Unannelmnlichkeiten, ohne Gefahr, und wenn
739 531 1761 600 so wenig erlebt. Und ich sehne mich danach.
1785 566 2807 636 er Phantasie hat, bringt ihm seine Gattin, ohne
733 584 1765 653 Ich sehne mich nach allem Schmerzlichen und
1777 618 2802 676 daß sie es ahnt, lauter uneheliche Kinder zur
744 637 1762 702 Süßen, nach allem Schönen und nach allem
1773 690 2811 761 Welt.*) und zwar immer dann, wenn die beiden
736 709 1774 769 Kläglichen, was das Leben bringt. Ich sehne
733 748 2793 813 mich nach Stürmen, nach Gefahr, — vielleicht Ehepartner nicht voll gesättigt wären, d. h.
1768 806 2569 883 also um ihr Glück zittern müßten.
737 799 1777 881 nach „mehr“. — Fürst Sigismund wird ihre
1853 854 2794 920 Zur Gencalogie der Zwischenspielkomödie
734 869 1772 937 erste Gefahr und später Wedius „Die neue
1786 897 2803 971 sei bemerkt, daß sie direkt an die Dialoge des
742 926 1051 1012 Verheißung“.
1786 959 2804 1034 „Reigen“ (von Schnitzler) anknüpft, gewisser¬
832 988 1771 1060 Bis soweit gedeiht die Handlung — als
1774 1023 2804 1085 maßen in der Verlängerungslinie derselben steht.
747 1064 1762 1128 ein Zwischenspiel — die die bis aufs äußerste
1785 1079 2800 1145 (Siehe „Die junge Frau und der Ehemann“.)
741 1107 1761 1173 getriebene Seifenblase zum Platzen bringt.
1777 1125 2815 1202 Mit dem Sujet sind auch die lbsenschen Dramen
741 1159 1776 1226 Amadeus wird frei. Nun wirft sich just seine
1779 1187 2804 1261 „Wildente“ und „Rosmersholm“ verwandt. Die
753 1218 1780 1302 ausschweifende Phantasie wieder auf Cäcilie,
1787 1264 2807 1316 „Wildente“ ist ein Lösungsversuch der Frage,
741 1288 1769 1349 auf Cäcilie, die voller Sehnsucht und neuer
1776 1309 2801 1372 ob eine glückliche Ehe auf einer Lüge sich
746 1348 1770 1417 Wünsche, ihm aufs neue begehrenswert erscheint.
1778 1364 2800 1424 aufbauen kann und darf, „Rosmersholm“ um¬
841 1408 1765 1467 Nur ein geheimnisvoller Zusammenhang
1786 1421 2809 1497 gekehrt der Beweis dafür, daß Schuld geläuterte
751 1464 1771 1538 besteht zwischen dem jungen Mädchen, das
1784 1482 2814 1558 Naturen auf ein eitles Glück. verzichten läßt.
746 1509 1766 1572 vor sieben Jahren eines Abends in meine Arme
1863 1533 2804 1615 Ziehen wir die Moral des Stückes, seiner
759 1581 1771 1650 sank und der, die heute aus der Fremde in
1793 1600 2828 1669 durchgeistigten, seelentiefen Analysen, so giltl“
755 1636 1770 1701 diesem Hause für kurze Zeit eingekehrt ist.
1788 1651 2815 1725 auch hier der Satz vom ausgeschlossenen“
749 1689 1774 1771 Aber diese sieben Jahre habe ich mit einer
1788 1696 2808 1792 Dritten in der Ehe. Durch das Paradoxon des
743 1742 1780 1827 anderen verlebt, — mit einer stillen, gütigen
1793 1760 2810 1852 „Zwischenspiels“ wird der Verismus mitten ins
742 1807 1770 1867 Frau, mit einer Art von Engel vielleicht, der
1791 1823 2158 1899 Herz getroffen.
755 1870 1777 1927 nun entschwunden ist. Die, die heute kam, hat
1870 1849 2798 1956 Der aufgewendete dramatische Apparat,
750 1917 1778 1985 eine Stimme, die ich nie gehört, Blicke, die
1791 1922 2808 2026 der uns diese Wahrheit veranschaulichen soll,
756 1982 1773 2043 mir fremd sind, eine Schönheit, die ich nicht
1787 1995 2802 2071 ist allerdings ein wenig ärmlich. Er behilft sich
750 2029 1770 2103 kenne — keine bessere, glaub ich, als jene
1785 2051 2807 2132 mit einigen Figuren, die gleich Schemen über
746 2087 1776 2150 andere, eher eine grausamere — und doch
1789 2109 2809 2199 die Bühne wandeln. Keine Tatenmenschen,
752 2137 1779 2237 eine, glaube ich, die mehr geschaffen ist zu
1791 2164 2818 2252 sondern nur durch blasse Gedanken und allzu¬
752 2207 1040 2289 beglücken.“
1797 2220 2820 2299 weichliche Gefühle angekränkelte Geschöpfe
853 2245 1786 2337 Um der neuen Liebe willen verrät er die
1792 2286 2825 2368 führen oder besser erleiden eine affektlose
755 2322 1770 2407 Freundschaft. Das Intermezzo „des Abenteuers
1779 2352 2819 2406 Handlung, die dessenungeachtet, durch den
750 2378 1780 2449 einer Nacht“ zerstört jede Illusion. „Aus allen
1789 2386 2804 2469 leisen Wellenschlag des Geschehens, die wunder¬
752 2440 1784 2509 möglichen Schicksalen können wir eher einmal
1794 2448 2817 2511 bar sinnige Essenz des geistigen Fortschreitens
760 2492 1790 2575 zueinander zurück als aus dem Abenteuer dieser
2520 2504 2784 2579 G. v. W.
1794 2506 2399 2599 uns in ihren Bann zwingt.
760 2548 1772 2601 Nacht. Abenteuer insoferne, als es einen Ehe¬
2220 2588 2384 2691 849
762 2603 1779 2678 bruch höherer Ordnung darstellt, einen sinn¬
752 2652 1790 2744 fälligen Beweis dafür, daß ihre weitere Ehe
759 2723 1143 2797 eine Lüge wäre.
870 2775 1788 2854 „War ich denn wirklich Dein? Ich war es
754 2839 1789 2924 nicht. Oder Du bist so bescheiden geworden
768 2900 1797 2978 mit einem Mal, daß Dir ein Glück genügt, daß
754 2957 1787 3048 zur selben Stunde sich vielleicht auch ein anderen
762 3009 1794 3100 hätte holen können, wenn er nur da gewesen
756 3071 967 3151 wäre?“
858 3118 1792 3213 Nach diesem Erlebnis kann es keine Brücke
756 3200 1796 3281 mehr zwischen ihnen geben, keine Liebe und
772 3256 1791 3322 auch keine Freundschaft. Keine Liebe: denn
767 3306 1797 3383 „wäre das noch ein Glück, um das man oft;
759 3368 1794 3443 kämpfen und immer zittern müßte?“ Und sie
761 3415 1791 3498 hätten zittern müssen. „Glaubst Du nicht, daß
769 3490 1793 3560 Verlockungen widerstehen mit Selmsucht in
767 3537 1805 3600 der Seele, von allen Lügen die schlimmste und
759 3602 1799 3671 gefährlichste wäre, und daß man aus Abenteuern
767 3651 1777 3723 eher heil nach Hause käme als aus Wünschen?“
762 3711 1784 3775 Und keine Freundschaft. „Es ist wohl ge¬
765 3763 1800 3849 kommen, wie es kommen mußte. Wir haben
769 3835 1796 3893 uns zu viel zugetraut ... oder zu wenig. Wir!
764 3877 1807 3938 waren weder geschaffen, uns ewig in Treues
880 3964 1043 4101 2
1082 3964 1772 4119 Trinken Sie
