3484 4352
-8 2142 96 2224 han
291 261 1817 390 20. Zuischenspiel box 25/1
366 1399 1468 1474 2et e vn autbrklaliden Perfontice—... —
2163 1425 2425 1532 g
215 1519 1189 1569 Donnerstag den 19. d. beginnt in unserem Abendblatte
1242 1513 3279 1590 Vor sieben Jahren sind der Kapellmeister seine Frau vernachlässigt; denn er verlangt nach neuen
202 1547 1187 1607 neuer Roman „Wenn die Taten auferstehen“ von
1179 1552 3266 1640 Amadeus Adams und die Opernsängerin Cäcilie Reizungen, die ihm jene nicht, bieten kann oder
212 1584 1178 1674 ton Castle, frei aus dem Englischen übertragen von Anna
2203 1621 2393 1683 will. —
2568 1614 3269 1692 — Sein Freund und Librenist
1174 1625 2216 1685 Ortenburg eine Ehe eingegangen, wohl als moderne
208 1637 368 1686 iner.
2213 1662 3269 1727 Albertus — die latinisierten Namen Amadeus,
1173 1679 2215 1736 Menschen, die sich „ausleben, aber einander nicht be¬
223 1668 1174 1789 porstung de Ronget Der Mitltonär ven
1166 1720 3275 1795 lugen“ wollen, eine Ehe, die das vor dem Altar ge= Albertus, Wedius dienen Schnitzler für den Ausdruck
217 1753 571 1837 s.Nosnn. Geite 24.
1171 1769 3280 1839 forderte Ja mit geheimem Rückhalt ausspricht, das einer edlen Männlichkeit — versteht sich besser auf
2206 1818 3271 1890 die Abwechselung in der Ehe; er meint, daß den, der
1166 1832 2207 1900 heißt eine auf den Ehebruch angelegte Ehe. ...
1174 1872 3279 1944 Ihr beiderseitiger Vorteil scheint es so gewollt zu zu leben weiß, alle Abenteuer, nach denen ihn gelüstet,
243 1846 945 1970 ##, Feuilleton.
2211 1913 3272 1986 im Frieden seines Heims erwarten: „wenn er
1161 1911 2213 1997 shaben: der Kapellmeister ist der achtsamste Kor¬
2205 1973 3273 2057 Phantasie hat, bringt ihm seine Gattin ohne daß
1156 1986 2220 2051 repetitor seiner Frau, die Opernsängerin die beste
454 1990 868 2088 Burgtheater.
2212 2005 3269 2091 sie es ahnt, lauter uneheliche Kinder zur
1167 2029 2216 2103 Solistin und Beraterin ihres Mannes, der allerlei
216 2052 1114 2156 tschenspiel“, Komödie in drei Akten von Arthur Schnißl
2197 2072 2487 2153 Welt“ ——
2595 2073 3274 2145 —. Von dieser Art des legitimen
1171 2071 2209 2164 große Werke komponiert. Cäcilie mag damals ein
2212 2131 3276 2191 Ehebruches will der Kapellmeister nichts wissen. Zwar
1152 2148 2216 2223 tugendhaftes Mädchen gewesen sein, Amadeus so
2215 2179 3264 2244 ist er erst dreißig Jahre alt und seine Phantasie
1167 2196 2216 2271 ehrbar, wie seine Verhältnisse es gestatteten. Vielleicht
2198 2220 3282 2292 lodert noch immer in hellen Flammen, aber sie schweift
227 2221 1174 2305 Diese beiden Zeilen schicken wir unserer Be¬
1165 2246 2214 2330 war der Heiratskontrakt für Cäcilie die conditio sine
2199 2263 3286 2355 nur in symphonischen Dichtungen aus, in denen aller¬
209 2286 1179 2358 chung der neuen Schnitzlerschen Komödie voraus,
1180 2305 1445 2382 qua non? —
2205 2337 2989 2422 dings Cäcilie das Sopransolo singt. —
217 2321 1182 2412 uns mit dem Leser zu verständigen und ihn auf
1261 2330 2223 2417 Aber beide beteuern ja heute, daß sie einander
228 2385 1174 2465 Kommende würdig vorzubereiten. Wir kennen
2289 2387 3277 2463 Amadeus ist nervös, wenn auch nicht ruhebedürftig
1163 2389 2231 2476 innig geliebt haben! Gewiß. Doch sie sagen auch, daß
197 2427 1182 2513 pellisten und Lyriker, die solchen siummen Rede¬
2202 2441 3281 2514 genug, um nicht mit einem lebhaft kolorierten höheren
1174 2454 2220 2520 ihre Ehe „vor allem auf vollkommener Aufrichtigkeit
199 2497 1169 2569 en ihre schönsten Erfolge verdanken, wie es auch
2204 2491 3276 2576 Sopran anzubinden, der einer zur Gräsin avancierten
1163 2510 2212 2578 gegründet ist“. Das klingt verdächtig und zwingt uns,
208 2540 1178 2611 matiker gibt, die es in der Komposition spannender
2208 2550 3264 2611 Philine gehört. Gräfin Friederike Moosheim besitzt
1167 2538 2209 2618 eher an die vorerwähnte Konvenienzheirat, als an
207 2604 1177 2665 schenakte am weitesen gebracht haben, und
2203 2594 3275 2678 außer ihrem Sopran eine Villa mit Marmor¬
1168 2607 2225 2675 die Echtheit ihrer Gefühle zu glauben. .... „Furcht
212 2650 1189 2721 fiker, die in häufigen Generalpausen ihre tiefsten
1168 2642 3266 2721 ist nicht in der Liebe, sondern die völlige Liebe treibt treppe am Comersee und einen Park mit
2201 2696 3265 2769 einer berühmten Platane, unter der sie in heißen
206 2708 2217 2779 pfindungen erschöpfen. Die Punkke dehnen den die Furcht aus; wer sich aber fürchtet, der ist nicht
2958 2746 3272 2819 — Des Kapell¬
2202 2762 2793 2824 Nächten manchmal schläft. —
203 2759 1195 2828 n Horizont bis zur Unendlichkeit aus, und wo
1167 2762 2217 2825 völlig in der Liebe.“ Die Seligkeit der Liebe duldet
2208 2792 3276 2880 meisters Taktgefühl und seine treue Wahrheitsliebe
211 2813 2210 2870 von Gedankenstrichen wimmelt, ist offenbar eine keinen Zweifel und bedarf keines besonderen Wahr¬
2205 2852 3269 2917 können gegen Cäcilie nicht schweigen, finden aber
199 2864 1184 2925 enfülle vorhanden, die in Worte nicht mehr zu
1174 2872 2204 2933 heitsgelöbnisses, sie schließt die Wahrheit in sich.
217 2918 1172 2978 n ist. Unsere Pünktchen und Strichelchen streben
1179 2898 3273 2973 Amadeus und Cäcilie hätten nicht heiraten sollen, da bei ihr nicht das wünschenswerte Verständnis, obwohl
1174 2963 3261 3034 sie einander mit Zweifeln und Hintergedanken sie ihrerseits den jungen Fürsten Sigismund Marados¬
217 2971 1179 3032 so hoch hinauf. Wir werden sie gebrauchen, wenn¬
1456 3003 3273 3080 Nach sieben Jahren ihres häufig Lohsenstein gern sieht, einen ehemaligen Schüler
218 3015 1177 3079 andeuten wollen, daß wir den=Autor des Zwischen¬
1167 3015 1478 3087 liebten.
1167 3054 3272 3147 unterbrochenen Beisammenseins sieht Amadeus den ihres Gatten, der ins Kloster gehen wollte, doch lieber
211 3071 1181 3151 s nicht perstehen (. ...)„„oder daß wir nicht sagen
203 3098 3270 3194 en, wenn und wie wir# zu versteben glauben Fehler seiner Jugend ein, beschönigt ihn aber mit beim Walzerspielen blieb. . . .. Amadeus glaubtssich
1145 3148 3296 3254 eder Versicherun der helohbten Aufrichtiakeit. Er hattl zu einem Schlusse der Analoaie berechtiat: aebe jch
