3484 4352
1266 243 1720 344 box 25/1
211 259 1246 384 20 Zwischensniel
1855 932 2336 1079 Oe Oeo
1258 980 1652 1090 Burgtheater.
1283 1070 1636 1159 Von J. Minor.
606 1123 2322 1211 (Donnerstag den 12. Oktober: „Swischenspiel“, Komödie in drei Akten von Artuc Schnitzler.)
684 1207 2331 1281 Soweit die österreichischen Dichter in Betracht kommen, steht der Anfang der Saisöft
597 1269 2324 1336 im Zeichen Schnitzlers, den unsere Theaterdirektoren mehr zu ihrem als zu seinem Schaden
597 1323 2319 1406 einige Jahre ganz links liegen gelassen haben. Das Deutsche Volkstheater behauptet seit
594 1387 2336 1435 der vorigen Saison „Freiwild“ in seinem Spielplan, und es hat soeben auch den „Grünen
599 1443 2315 1519 Kakadu", ohne an seiner Jedernpracht herumzustutzen, in sein Repertoire aufgenommen.
606 1504 2333 1557 Im Burgtheater ist dem neuen Stück die übliche Wiederholung eines älteren von demselben
598 1572 2320 1639 Verfasser vorausgegangen, die zwar eigentlich keinen Sinn mehr hat, seitdem sich die
595 1615 2335 1689 Premièren leider nicht vor dem Stammpublikum des hauses, sondern vor dem oberen
598 1677 2317 1746 Tausend der oberen Zehntausend abspielen, die sich sonst gar nicht um das Burg¬
599 1738 2330 1814 theater kümmern —; die aber in diesem besonderen Falle doch die Wiederaufnahme der
600 1792 2325 1865 „Liebelei“ zur glücklichen Folge gehabt hat. Und kaum ist das „Zwischenspiel“ im Burg¬
600 1858 2336 1932 theater aufgeführt worden, so hört und liest man schon wieder von einem neuen Schnitzler,
606 1916 2335 1972 der in Berlin seine Auferstehung feiern soll. Es macht uns Freude, den längere Zeit
595 1968 2337 2031 nicht ganz ohne eigene und nicht ganz ohne fremde Schuld verdrossenen Dichter so mit
605 2035 1783 2109 vollen Segeln über die Süd= und Nordsee streichen zu sehen.
690 2067 2326 2147 Von dem Wiener Stück nun kann man alles eher behaupten, als daß es uninteressant
607 2157 2325 2223 sei. Dielmehr hat seit Ibsen kein Dramatiker dem Dublikum und der Kritik in saftigster
611 2211 2336 2272 Umhüllung eine so harte Uuß zu knacken gegeben als der scheinbar so harmlose Dichter
608 2264 2337 2327 des Anatolzyklus. Was bei hofmannsthal die Kunst der Sprache, das ist bei Schnitzler
599 2318 2330 2379 die Kunst des Dialoges, von der sein neues Drama noch mehr als die früheren lebt.
604 2392 2338 2459 Wie aber seinen österreichischen Kollegen die schöne Sprache eigentlich nie zu einem
605 2452 2338 2511 richtigen Drama hat gelangen lassen, so ist auch die Kunst des Dialogisierens nicht ohne
612 2505 2328 2566 Gefahr für den Meister; wenn er nämlich mit einer geschickten Wendung um die Stelle
615 2556 2342 2621 herumbiegt, wo für das Drama der Musikant begraben liegt. Mir kommt vor, als ob
608 2617 1868 2684 das in Schnitzlers „Zwischenspiel“ mehr als einmal geschehen sei.
692 2682 2326 2747 Das Stück spielt in der musikalischen Welt; und es scheint fast, daß der Kapellmeister
604 2736 2324 2790 in der modernen Dichtung bald eine ebenso beliebte Figur sein wird, wie er es einst¬
611 2802 2329 2860 mals in der romantischen war. Dieser erinnert sogleich in dem Vornamen und Zunamen
604 2848 2340 2914 an ganze Geschlechter von Musikern: Amadeus und Adams! Aber er gehört nicht zu den
612 2913 2339 2985 sonnenhellen, sinnenfreudigen Frohnaturen, in denen das Glück und die Freude singt
611 2969 2338 3040 und klingt, wie in Mozart. Er hat sich den Namen Amadeus so beigelegt, wie der
604 3024 2353 3099 nervöse und zerfahrene E. T. A. Hoffmann. Er gehört zu der Klasse der unruhigen,
