3484 4384
1324 236 1787 339 box 25/1
273 224 1291 348 20. Zwischensniel
1304 1333 2213 1420 häufig wiederkehrenden Probleme: der Kame¬
2216 1336 3129 1432 sie ihm ganz neu erscheinen läßt, wieder ent¬
401 1315 1311 1464 Wiener Theaterbrief.
1306 1388 2223 1457 radschaftsmöglichkeit zwischen Ehegatten, die
2220 1405 3123 1467 flammt. Es folgt eine außereheliche Liebes¬
1317 1436 2210 1491 ausgeliebt haben, neue Seiten abzugewinnen.
2216 1433 3116 1512 nacht der mit Karenz der Gebühren beurlaubt
415 1439 1281 1528 (Von unserem Koxrespondenten.)
1319 1486 2212 1541 Er hat dem Thema äußerlich wohl neue Glanz¬
2224 1495 3120 1547 gewesenen Eheleute. Adams glaubt mit dem
418 1490 1261 1581 Geu #### Wien, 13. Oktober.
1318 1523 2204 1580 lichter aufgesetzt, allein gerade die aus dem
2220 1520 3117 1596 phusischen Besitz seine Frau wiedergewonnen zu
453 1549 1296 1623 Die Wiener Theatersaison hat selbstver¬
1318 1570 2211 1624 Innern der Menschennatur quellende Lösung ist
2214 1577 3121 1643 haben, er möchte die Ehegemeinschaft wieder
398 1602 1298 1655 ständlich schon lange begonnen, und ein gewissen¬
1310 1611 2206 1672 ihm versagt geblieben. Schnitzler hat von vorn¬
2208 1609 3118 1685 aufnehmen, allein die Frau, die nicht
388 1654 1304 1705 hafter Theaterchronist wäre verpflichtet gewesen.
1301 1646 2197 1705 herein die Allgemeingültigkeit des Problems in¬
2207 1664 3117 1729 1 durch das Fegefeuer des Dirnentums
397 1693 1300 1750 jeden ihrer tastenden Schritte zu verzeichnen.
1309 1697 2205 1756 sofern eingeschränkt, als er zwei sensitive Künst¬
2213 1694 2329 1756 ins
2331 1710 3116 1770 neugeöffnete Eheparadies eingehen
387 1742 1297 1795 Oder noch pedantischer ausgedrückt: zu regi¬
1310 1740 2203 1797 lernaturen, einen Musiker und eine Sängerin,
2211 1749 3108 1813 will, weist den Antrag auf Reaktivierung
1308 1771 2204 1832 für seine psychologische Analyse wählte. Ama¬
397 1772 1290 1839 strieren. Allein ich glaube nicht, daß man selbst
2196 1780 2368 1851 zurück.
2355 1780 2592 1850 Nach die
2578 1789 3117 1857 ihrer Frauenwürde ge¬
1307 1824 2204 1887 deus Adams (Herr Kainz) und seine
388 1808 1291 1887 nur wenige Meilen von dem Schauplatze dieser
2208 1832 3115 1910 brachten Opfer b## sie zusammen. Adams eilt
1302 1865 2205 1934 Frau Cäcilie (Fräulein Lotte Witt) haben
387 1867 1300 1931 Gehversuche der Saison irgend ein Interesse an
2208 1880 3108 1934 hinweg. Und die ingeregte Phantasic des Zu¬
1299 1905 1417 1969 sich
1403 1902 2202 1967 zugeschworen, ihre Ehe auf dem
385 1900 1292 1977 einem, solchen Registerauszug nehmen könnte.
2211 1921 3111 1991 schauers schwingt einige Zeit mit, ohne einen
1301 1947 2201 2019 Grunde der vollsten Wahrhaftigkeit aufzubauen
392 1957 1292 2015 Sie wissen in Berlin ohnehin, wie kläglich und
2202 1967 3109 2033 bestimmten Ton festhalten zu können. Auch ein
1305 1994 2198 2054 und sich die Aenderung ihrer Gefühle einzuge¬
380 1993 1293 2058 kleinlich sich ein solcher Entwickelungsprozeß
2204 2001 3121 2090 Faustschlag weckt Farbenempfindungen, aber
1309 2040 2202 2094 stehen, ohne deswegen das Band der Freund¬
381 2045 1291 2108 vollzieht, und haben ohnehin auch genug daran,
2204 2050 2901 2126 künstlerische Koloristik sind sie nicht.
1308 2085 2201 2145 schaft zu lösen. Man fühlt hier Ibsensche Ele¬
380 2080 1304 2132 den Kehrichkt beiseite zu schaffen. So wartet
2255 2098 3118 2187 Es sind Dialogautomaten, aus denen
1307 2126 2204 2190 mente, ohne sie gerade genau nachmessen zu
391 2119 1294 2197 man denn auf das Ereignis, auf irgend eine
2202 2144 3122 2214 Schnitzler seine geistvollen Aeußerungen über die
1296 2168 2192 2218 können. Es ist übrigens schwer, ein modernes
381 2156 1291 2238 Erhebung der Entwichlungslinie über das
2204 2192 3108 2258 Ehe hervorkommen läßt; und in dem Augen¬
1298 2210 2208 2272 Drama zu finden, auf das nicht Ibsens Kraft
386 2213 1296 2267 Niveau des Belanglosen.] Publitumfutter! Man
2199 2234 3108 2304 blicke, da ihn das Spiel selbst hinreichend unter¬
1300 2249 2196 2320 wie das rätselhafte Radium Einfluß geübt hätte.
390 2258 1290 2321 möchte endlich eines edieren Genusses teilhaftig
2199 2284 3106 2355 halten hat, läßt er mit einem Schnurren des
1298 2306 2198 2366 Die Stunde der Auseinandersetzung kommt, da
391 2300 1301 2359 werden und seiner Freude hierüber Ausdruck
2200 2318 3107 2405 Apparates seine Figuren stehen. Man hat mit¬
1297 2344 2186 2409 Adams sich zu einer gräflichen Sängerin hin¬
382 2334 1292 2405 geben. Arthur Schnipler ist ein Dichter,
2199 2365 3112 2439 unter das Gefühl, als ob Schnitzler mit über¬
1292 2390 2191 2443 gezogen fühlt. Er weiß seiner Frau in einer
380 2387 1286 2456 von dem man sich einen erlesenen, zum min¬
2199 2419 3096 2491 legener Ironie auf der Rückseite eines Ibsen¬
1293 2435 2192 2492 von psychologischen Scheinargumenten glitzernden
379 2430 1299 2506 desten einen eigenartigen Genuß versprechen
2192 2469 3102 2533 schen Tapisseriemusters die Konturen mit kari¬
1298 2473 2188 2535 Darstellung das kameradschaftliche Zusammen¬
379 2476 1296 2544 darf. So wollte ich denn mit seinem neuesten
2196 2507 3100 2577 kierendem Stifte umzogen hätte. Zu dieser
1291 2518 2184 2576 leben nach faktischer Aufhebung der Ehegemein¬
381 2506 1288 2577 Werke, das uns das Burgtheater geboten hat,
2196 2540 3103 2617 Auffassung des „Zwischenspiels“ als eines
1290 2564 2196 2633 schaft plausibel zu machen, und die Eheflamme
375 2542 1289 2627 würdig die Berichterstattung über die Wiener
2209 2584 3110 2651 ironischen Spiels mit unlösbaren Fragen trägt
380 2601 933 2671 Theaterereignisse einleiten.
1288 2603 2198 2665 wird auf Freundschaftsdämmerung abgestellt.
2203 2639 3100 2708 nicht wenig die Gestalt eines Dichters bei
1290 2639 2186 2703 Allerdings hat man die Empfindung, als ob
432 2651 1285 2731 Ueberspannte Erwartungen werden selten
2204 2679 3104 2754 dem in dem Stücke keine andere Aufgabe zu¬
1289 2692 2186 2759 die Frau, die auch für sich Freiheit gegen¬
376 2679 1289 2772 befriedigt. Schnitzlers Komödie „Zwischen¬
2206 2730 3109 2790 fällt, als das Scheinleben auf der Bühne in
1295 2734 2192 2792 über einem sie umschwärmenden Fürsten gern
382 2739 1292 2818 spiel“ deren preziöser Titel schon eine dem
1292 2775 2202 2836 annimmt, nicht die Experimentierfreudigkeit
2200 2772 3110 2841 einem satirischen Spiegel aufzufangen. Arthur
380 2772 1287 2850 dramatischen Gebote der Iudividualisierung
1294 2808 2197 2880 ihres Gatten teilt. Nach kurzer Trennung,
2200 2811 3100 2875 Schnitzler, der sich selbst darüber belustigt, wie
375 2826 1285 2901 widersprechende Unbestimmtheit andeutet, ist zu
1289 2848 2186 2917 während welcher Adams seiner Gräfin über¬
2200 2850 3090 2934 es der Dichter versucht, den quellenden Inhalt
376 2879 1292 2930 spielerisch geraten, bietet Variationen auf ein
1294 2902 2191 2967 drüssig geworden, Frau Cäcilie ihrem girrenden
2191 2895 3087 2975 des Lebens in die Gußform des Dramas zu
374 2924 1295 2999 Thema, statt das Thema selbst, und konnte
1292 2943 2185 3006 Fürsten keinen sonderlichen Geschmack ab¬
2194 2945 3098 3016 bringen! Schnitzler hat einmal ein über¬
388 2956 1294 3027 daher bei aller meisterlichen Diglektik der er¬
1304 2989 2187 3048 gewinnen konnte, trifft, das ehrlich getrennte,
2198 2989 3088 3060 mütiges Puppenspiel geschrieben. in dem der
385 3015 1288 3082 klügelten Typen nicht den Eindruck eines organi¬
1295 3027 2191 3093 freundschaftlich verbundene Paar wieder zu¬
2199 3026 3099 3106 Dichter auf der Bühne mitagiert. Sein
386 3050 1293 3117 schen Kunstwertes hervorrufen. Es hat Schnitz¬
1298 3065 2191 3134 sammen. Der Mann, der seine Frau abtrünnig
2199 3070 3095 3151 Albertus Rhon, von Treßler mit gutem
381 3099 3106 3193 ler gereizt, einem in der modernen Literatur ] wähnte, wird durch diesen perversen Reiz, der j ironischen Einschlag gespielt, erinnert an diesen
3125 1344 3386 1424 Dichter au
3115 1400 3379 1473 hat freilich
3118 1437 3384 1512 die glänzen
3133 1483 3386 1561 figur zu ein
3116 1532 3322 1594 zufassen
3123 1575 3370 1641 darzustellen.
3125 1623 3382 1690 und wenn d
3124 1667 3367 1729 toire mehr
3112 1708 3389 1777 Kainz das g#
3119 1757 3376 1817 nehmen. Ue
3123 1801 3383 1860 Kalina und
3117 1847 3366 1901 nen Toren“
3125 1886 3385 1956 Schnitzlersche
3112 1924 3378 1985 noch stärker
3111 1959 3389 2035 lichteit zu lei
3168 2000 3388 2077 Es ist zu
3111 2034 3385 2120 einige Zeit #
3110 2096 3380 2161 war, nicht m
3111 2138 3388 2197 ihr neuerdin
3114 2186 3380 2240 ist hohe Zeit,
3109 2224 3379 2295 sche Physiog
3109 2275 3369 2332 führungen, d
3098 2309 3375 2374 angingen, ve
3113 2356 3380 2425 zu werden,
3112 2405 3379 2458 „Klein Dor
3106 2439 3365 2510 Dickensschen
3105 2465 3375 2557 zu sagen pfl¬
3166 2527 3385 2588 Antor eins
3106 2578 3375 2632 „Klein Dorr
3105 2615 3368 2687 Dickens Hun
3092 2654 3372 2722 kredenzt, m
3090 2704 3371 2773 nicht gerade
3104 2746 3381 2817 daran Gefall
3103 2794 3373 2852 Schönthann
3103 2830 3370 2897 verarbeitete:
3090 2867 3349 2937 würde sie
3101 2910 3362 2981 kommen sein.
3102 2959 3375 3026 schen Libretto
3097 3007 3377 3077 Karl Goldn
3100 3048 3367 3111 Herd“ allerd
3093 3099 3362 3167 Schönthans
