3436 4352
12 2633 88 2682 w
-15 2666 82 2730 abe
7 2703 80 2770 r4
5 2761 97 2818 mi
-14 1568 84 1633 nzen
1333 165 1740 286 box 25
272 190 1305 300 20. Zuischensniel
2835 1306 3306 1387 2 Prinz, #in
1142 1418 3299 1487 verständlichen Schlußformel zu gelangen. Das ist das übrigen auch gar keine Freude hätte wenn ich dich
190 1433 1158 1511 Die Beilage „Frauen=Zeitung“ befindet sich auf
2217 1451 3308 1531 verlieren müßte.“... Eines ganzen Aktes — des ersten
195 1475 313 1550 12
1157 1474 2224 1534 Unschnitzlerische an dem jüngsten Schnitzlerstücke, das
2286 1508 3300 1570 bedarf es, bis dieser Auseinandersetzung der Ent¬
1166 1531 2225 1589 im Burgtheater gar bald ein verklungenes Zwischen¬
2223 1543 3298 1609 schluß folgt, wie sich denn in dieser seltsamen Komödie
798 1507 1135 1628 Wnchnit ertehnd
1167 1561 2234 1629 spiel sein wird, verklungen wie die vielen Fugen, die
192 1574 448 1669 W
2224 1596 3295 1658 die Leute überhaupt nur zu dem Zwecke zusammen¬
1164 1619 2224 1677 zu Prüfungszwecken über ein gegebenes Thema jahr¬
418 1516 801 1704 taene¬
2225 1639 3304 1700 setzen, um sich auseinanderzusetzen. Der Entschluß
1165 1651 2221 1722 aus, jahrein in den Konservatorien improvisiert
2219 1689 3305 1746 wird natürlich erst im Zwischenakt zur Tat. Er geht
196 1672 1157 1760 ersten Male: „Zwischenspiel“, Komödie in drei
1163 1702 2081 1761 werden, um dennoch unkonserviert zu bleiben.
2237 1727 3308 1790 seiner angesponnenen Liebschaft mit einer anderen
307 1736 923 1813 Akten von Artur Schnitzler.)
1242 1730 2221 1797 Es ist Artistenmusik, die Schnitzter in seinem
2237 1767 3305 1832 Sängerin nach, während sie sich auf einer Gastspiel¬
1154 1779 2232 1847 „Zwischenspiel“ macht: eine psychologische Kontrapunkt¬
195 1790 1159 1857 Artur Schnitzler ist wieder huldvoll in den
2230 1815 3301 1874 reise von einem jungen Fürsten begleiten läßt.
1150 1814 2229 1893 etüde, die sich in Halbschatten und Dämmerlichtern
184 1832 1163 1893 erkreis des Burgtheaters aufgenommen worden.
2224 1855 3303 1928 Im zweiten Akt hat sich bei ihm schon die Ernüchterung
1167 1878 2230 1929 ergeht, um mystische Tiefen vorzutäuschen. Die Tän¬
202 1876 1166 1948 Jahre sind es her, daß er mit seiner Groteske
2232 1913 3311 1967 eingestellt. Anders bei seiner Frau, die ursprünglich
1159 1917 2226 1979 schung will aber trotzdem nicht gelingen. Dazu ist die
207 1916 1159 1989 grüne Kakadu“ bei den anonymen Nachzensoren
2225 1959 3304 2008 nichts von der sonderbaren Scheidung wissen wollte.
1167 1956 2234 2020 Gedanken= und Empfindungswelt der beiden Helden
201 1966 1169 2033 Hofschauspielhauses in Ungnade gefallen ist, und
2237 1991 3296 2051 Jetzt, da sie sich umworben fühlt, besteht sie erst recht
1163 1995 2234 2069 denn doch zu klein. Ein junges Künstlerpaar, Kapell¬
199 2010 1167 2075 tte Gelegenheit, während dieser Frist, fern von
2232 2025 3311 2096 darauf. „Ich habe ja noch so wenig erlebt. Und ich
1154 2048 2233 2119 meister und Opernsängerin, will nach siebenjähriger
197 2055 1169 2116 Eid, über seine revolutionären Anwandlungen
2226 2083 3297 2147 sehne mich danach. Ich sehne mich nach allem Schmerz¬
1156 2094 2234 2149 Ehe, in der es sich geschlechtlich gleichgültig geworden
197 2103 1165 2163 udenken. Und er scheint gründlich nachgedacht zu
2225 2110 3312 2190 lichen und Süßen, nach allem Schönen und nach allem
1158 2114 2229 2196 ist, auseinandergehen und doch beisammen bleiben.
201 2140 1165 2201 k. Beinahe zu gründlich. So daß er darüber in
2236 2168 3315 2230 Kläglichen, was das Leben bringt. Ich sehne mich nach
1159 2175 2234 2248 Das heißt, es will sich in Dingen der Liebelei freie
196 2188 1164 2254 Maienblüte seiner Jahre fast zum eisgrauen
2731 2213 3267 2273 — vielleicht nach mehr ..
2233 2205 2707 2281 Stürmen und Gefahr.
1169 2211 2233 2285 Hand geben, sonst aber auch fürder gute Kamerad¬
192 2223 1167 2292 Eler vom Schlage des alternden Ibsen geworden
2856 2230 3301 2315 — was ich als deine
2232 2244 2821 2325 Du weißt nur, was ich dir
1178 2246 2238 2325 schaft pflegen. Er setzt sich und seiner besseren Hälfte
196 2274 1168 2331 Kur in einem ist keine Wandlung eingetreten: in
2236 2289 3307 2354 Geliebte, deine Gattin war. Und da du für mich die
1158 2312 2237 2369 das sehr schön auseinander: „Wir würden uns über
205 2320 1169 2384 Beschaffenheit seiner Phantasie. Wie die Fliege im
2235 2352 3306 2416 ganze Welt bedeutet hast, in dir all meine Sehnsucht,
2117 2359 2240 2408 ge¬
1162 2352 2141 2408 alles aussprechen, geradeso wie bisher — ja,
209 2352 1174 2426 stein steckt sie noch immer im Stoffgebiete seiner
2225 2376 3316 2452 all meine Zärtlichkeit beschlossen war, so konnten wir
1164 2398 2242 2453 wissermaßen über mehr. Da wäre natürlich die
292 2397 1168 2459 Mädel“=Jahre. Allein das elektrische
194 2402 296 2489 en
2238 2441 3313 2494 beide früher nicht ahnen, wozu ich bestimmt wäre,
1163 2434 2245 2504 Voraussetzung unserer weiteren Beziehung: Wahr¬
199 2439 1166 2513 ent, das gebunden in der Bernsteinhülle seiner
2234 2476 3313 2537 wenn sich die wirkliche Welt vor mir auftäte. Ich bin
1160 2486 2231 2540 heit, rückhaltlose Wahrheit. Und das käme nicht
199 2478 1178 2566 sanschauung ruht, läßt sich dramatisch nicht
2244 2514 3307 2579 schon heute nicht mehr, die ich war... Oder vielleicht
1166 2523 2244 2590 nur unseren Beziehungen zueinander, sondern jedem
190 2532 1166 2598 kommen durch eine zaghafte, wohltemporierte
2237 2559 3316 2621 war ich immer dieselbe und habe es nur nicht gewußt:
1174 2559 2241 2639 einzelnen von uns sehr zu statten. Denn könntest
211 2584 1160 2644 ik, die neunmal überlegt, ob sie „Rosmersholm“
2249 2596 3305 2665 und es ist jetzt etwas von mir abgefallen, das mich
1174 2600 2238 2682 du einen besseren Kameraden finden als mich,
191 2614 1174 2694 En soll oder „Wenn wir Toten erwachen“; läßt
2244 2651 3304 2705 früher umhüllt hat... Ja, so muß es sein: denn jetzt
1173 2652 2244 2719 ich eine bessere Kameradin als dich? ... Mit unseren
207 2659 1175 2734 bühnenwirksam nicht auslösen, durch kleine,
2242 2686 3321 2756 fühle ich alle Wünsche, die früher an mir herabgeglitten
1168 2707 2239 2776 Freuden und mit unseren Schmerzen kämen wir zu¬
197 2703 1177 2774 ammatisch gemünzte Gorgonenwahrheiten, die
2247 2741 3303 2798 sind wie an einem fühllosen eisernen Panzer ... jetzt
1175 2734 2238 2804 einander, wären Freunde wie bisher, vielleicht bessere
191 2756 1167 2810 architektonischer Schmuck das von jedem Luft¬
2236 2774 3314 2842 fühle ich sie über meinen Leib, über meine Seele
1165 2778 2240 2853 als je, und würden uns die Hände reichen, auch über
200 2791 1175 2866 H bedrohte Kartenhaus eines ehelichen Einzelfalles
2238 2812 3320 2886 gleiten und sie machen mich beben und glühen. Die
1174 2832 2241 2903 Abgründe. So behielten wir alles, was uns bisher
200 2856 1167 2905 nken, nota bene eines aus mühselig ausge¬
2254 2860 3310 2928 Erde scheint mir voll von Abenteuern, der Himmel wie
2080 2881 2241 2938 Kind,
1894 2882 2059 2936 unser
1693 2867 1884 2943 Arbeit.
1503 2886 1676 2943 unsere
1665 2895 1723 2941 10
1171 2887 1478 2951 gehört hat:
200 2892 1176 2951 ten Voraussetzungen konstruierten Einzelfalles,
2249 2896 3317 2972 von Flammen strahlend und mir ist als säh' ich mich
1179 2909 2243 2988 unser Heim — alles, was wir gemeinsam haben
201 2924 1173 2996 en Beweis seiner ethischen Daseinsberechtigung
2243 2941 3319 3024 selbst, wie ich mit ausgebreiteten Armen dastehe und
1177 2966 2244 3028 müssen, damit es seinen ganzen Wert für uns behält.
197 2978 1173 3035 verzwickten Differenzial= und Integralrechnungen
2498 2986 3309 3065 Diese Eröffnung macht ihn eifersüchtig
2242 3000 2415 3068 warte
1171 3013 2242 3067 Und gewännen zugleich manches, wonach wir uns
230 3012 1175 3080 wo man die eingestellten Koeffizienten immer
215 3025 3312 3133 r gleich Null setzen muß, um zu einer halbwegs beide seit einiger Zeit sehnen und woran ich im' und er will selber der Geliebte seiner Frau werden,
