3436 4352
806 124 973 191 hen
322 117 1228 235 20. Zuiahler
1385 117 1816 237 box 25/2
1665 981 1831 1073 Theater.
2316 1003 2452 1101 375
1039 1072 2440 1156 in Magdeburg gewiß nicht schlimmer gespielt als in diesem gerühmten Haus.
1044 1132 2431 1233 Herr Reicher ist als Albertusgescheit und bescheiden; und wurde als Einziger
1040 1204 2445 1290 drum von vielen Rezensenten getadelt.) So, sagteich, scheint mir der Inhalt. Viel¬
1048 1253 2446 1355 leicht sieht ein Anderer ihn anders. Was ich gab, ist Interpretation ; die der Dichter
1037 1335 2438 1413 mit Fug zurückweisen dürfte. Mir schien sie in diesem heiklen Fall nützlicher
1036 1397 2422 1471 als „Kritik“. Ich schätze Schnitzlers Kunst sehr hoch, kann sein „Zwischen¬
1045 1455 2429 1541 spiel"aber nicht lieben. Zu viel Literatur und zu wenig Natur. Alles zuspitzig,
1041 1517 2426 1602 zu überklügelt; wie in feiner, mit ihrer Feinheit sich brüstender Gesellschaft,
1041 1570 2433 1662 die alle Gefühle immer nur im Sonntagsstaat zeigt und stolz darauf ist, daß
1037 1639 2432 1705 sie mit der Durchschnittsmenschheit nichts gemein hat. Meine Hoffnung ist,
1036 1701 2432 1776 daß es so sein sollte; deshalb trieb michs zu dem Versuch einer Deutung, die das
1035 1754 2423 1844 Paarinsfahle Licht der Satire rückt. Beide fürchten sich, wie ihr Freund Albertus,
1039 1818 2429 1908 stets vor der Banalität und finden, der Herrgott habe mit grober Faust nur
1040 1883 2426 1957 für das Gewimmel der Plumpen gesorgt; der Kulturadel müsse sich selbst erst
1028 1942 2426 2025 eine bewohnbare Welt schaffen. Das Leben ist freilich banal (sonennen wir, was
1030 1999 2423 2086 Alltagserfahrung uns tausendfach bestätigt hat); doch wer immer vor dem
1032 2061 2414 2157 Schein philistrischen Wesens zittert, ist der ärgste Philister. Wars so ge¬
1032 2127 2423 2203 meint? Herr Schnitzler kommt von dem Thema der „Lebendigen Stun¬
1030 2182 2405 2271 den“ nicht los; von dem etwas geckigen Artistenvolk, dem Alles zum „Stoff“
1033 2245 2410 2330 wird, zur lehrreichen Sensation und das, auch wenn essich mit seiner Wahr¬
1028 2300 2417 2389 haftigkeit spreizt, von der Fabulirgewohnheit in Lug und Trug gelockt wird.
1030 2368 2417 2456 Dichter und Maler, Komoedianten und Musikanten. Die kennen wir nun.
1021 2406 2413 2504 Ihre Unfruchtbarkeit erkannten wir hinter dem „Schleier der Beatrice.“ „Der
1030 2491 2407 2575 einsame Weg“ zeigte uns, wie traurig sie, ohne wärmende Sonne, altern.
1026 2540 2415 2615 Dieses Schauspiel war mehr Novellenbündel als Drama, im Dialog aber
1026 2615 2405 2706 und in der Einheitlichkeit des melancholischen Grundtones das Beste, was
1033 2678 2405 2769 dem wiener Skeptiker bisher gelang.) Da waren auch schon die Männer, die
1039 2738 2410 2822 „einander die Stichworte so geschickt bringen“ und sich deshalb durch Freund¬
1023 2790 2413 2884 schaft verbunden wähnen; war die Frau, die eine andere Welt ersehnt und doch
1031 2853 2398 2939 fürchtet. Istsnun nicht genug ? Nicht Zeit, die Fenster zu öffnen und in die lange
1016 2924 2404 3001 verriegelte Welt den Strom frischer Luft einzulassen?Psychologenkunst kannzur
1012 2977 2405 3052 Schwäche werden, wenn nur der absonderlichste Fall sie noch reizt. In Schnitzlers
1020 3041 2409 3128 Raritätenkabineten stockt dem schlichten Menschen der Athem. Weihrauch,
1017 3097 2406 3187 Balsam, allerlei theure Parfums; der Wienerwaldboden riechtkräftiger. Was
1019 3157 2404 3246 soll der Einfalt (die nicht dumm, nicht einmal ungebildet zu sein braucht)
1012 3215 2401 3311 das „Zwischenspiel“ bedeuten? Sicher kein Abbild des Lebens. Sah man je
1016 3285 2397 3381 solches Paar? Der Mann ein geiler Narr, der nie würdig war, Vater zu wer¬
