3532 4384
276 137 424 233 20
1347 130 1797 238 box 25/3
433 139 1181 242 Zwischensniel
474 425 1443 481 in Juldas „Maskerode“ einem ichten Burg¬
1452 463 1558 549 M
473 463 1443 535 theoterstücke. Morgen findet die vorletzte denische
483 508 1443 575 Vorstellung mit Halbes Birbeospirl „Jugend“,
486 567 1560 627 Sonntag die Abschiedsvorstellung stott. Mögea kei
480 609 1491 666 die letzten drei Abende die fast ausnahmelas-1
476 647 1476 717 richt tüchtigen Künstler durch einen starken Be¬ ]
476 711 1509 774 such entschädigen für die durchaus nicht zu un¬
472 758 1442 828 tersshätzende Leistung, durch zehn Toge hindure
469 797 1443 877 täglich ein neute Stück virhältniswäbig
474 844 812 915 gut zu bringen.
583 868 1427 963 Schillerverein Ueber den Planisten „A. v.
480 938 1443 1001 Dohnknyi, welcher morgen abend vor den
474 1001 1434 1049 Mitgliedern des Schillervereines spielen wied,
479 1031 1441 1101 und dessen letztes Konzert in Wien lesen wir
487 1083 1449 1138 in einem Wiener Blatte Folgendes: Keiner un¬
472 1137 1443 1190 serer Geistreichen, ein Geistreicher. Einer, dem
477 1172 1437 1251 unter seinen Fingeret eigenee Herzdlut quillt,
477 1234 1447 1285 dem die Seile aufgeht in seinem Syiel. Von
483 1267 1448 1338 allen Großen der größte, der wohrhoftigste
485 1335 1440 1392 Mensch. Daher kein Malir, eher ein Zeichner,
475 1373 1443 1430 unverrückbar in der weiten, weiten, von seinem
476 1420 1448 1470 Ewpfinden gebogenin und gestreckten Linie, die,
485 1461 1456 1543 bold belichtet, bold beschattet, bald warkig und
483 1506 1452 1590 zerwühlt, bald innig und klar, Zeugnis ablegt,
490 1553 1447 1633 wie er die Dinge durchledt, wo er sie am tief.
478 1590 1443 1674 sten auskostet. Mon kann sich mit ihm niet in
493 1654 1454 1711 Widerspruch sitzen, well man überwältigt ist und
483 1695 1445 1769 entwaffnet von der Ehrlichkeit seines Spieles.
490 1746 1455 1798 Es wäre jo Unstan, von ihm, diesem Gilde
482 1787 1461 1853 brarsender Jugend und ir pulsiver Leidenschaft¬
485 1835 1466 1898 lichkeit, wehr Plastit zu verlangen, ein Produkt
486 1869 1462 1972 der vollkommtnsten Ausgleieung von Virstand
483 1946 736 2009 und Herz.
592 1973 1449 2049 Großes Orchesterkonzert. Rof grund zahl
496 2029 1459 2095 reicher Aufforderungen, wischt an das veronstal¬
482 2077 1459 2152 lende Komitee gelangten, findet heute, Freitag,
496 2125 1447 2189 um 8 Uhr abends im Sol#t#eama Mof¬
499 2155 1467 2245 settt ein beittes großio Orchesterkongurt der
493 2215 1467 2287 Orchestrale triestins unter der Leituing die
496 2267 1458 2333 Herin Kopellmeisters Morto Vittorio Banzo
497 2317 1472 2376 zu ermäßigten Preisen Hall. Das Bro¬
502 2358 1469 2431 graam bestehl aus nachsterenden Nummern:
492 2424 1468 2474 Taanhäuser=Ouverture von Richard Wagner;
500 2465 1454 2518 VII. Symphonie in A-dur von Berthoden;
492 2520 1464 2583 Aus der Symphonie „Romeo und Julie“ voo
499 2551 1481 2627 Berlloz; Soinosens Norwegische Rhopsodie
502 2611 686 2678 Nr. 2.
640 2695 1335 2802 Handel und Verkehr.
629 2784 1458 2892 Zu den Handelsvertrags #
768 2859 1235 2927 verhandlungen.
599 2903 1476 2983 U. B. Wien, 7. Dizember. Handeisminister
511 2968 1458 3036 v. Börds und Ackerbaumtnister Baron Bei¬
511 3009 1462 3075 lihzse, die den heutigen Tog dozu be ütten,
583 3060 1471 3133 mit den anläßlich der Handelsvertragsver¬
502 3105 1469 3164 handlungen hier weilenden Fachreferenten Bera¬
495 3146 1471 3225 tungen zu pflegen, sind heute um 5 Uhr nochm.
495 3210 1070 3296 nach Budopist zurückgereist.
489 3318 1485 3405 Die Einwanderung in Nordamerika.
600 3399 1474 3459 K. B. Washington, 7. Dizember. Aus
508 3444 1468 3497 der Botschaft des Präsidenten Roosevelt an
501 3492 1472 3566 den Kongriß ist noch Folgendes hervorzuhebev.
511 3536 1480 3603 Er schlägt vor, die Anzahl der Einwanderer,
505 3586 1468 3650 welde über die nördlichen Höfen zugelossen wer¬
505 3637 1469 3702 den, zu beschrünken, dogegen die Einwon¬
514 3695 1482 3753 derung über die sädlichen Häfen einer Einschrän¬
504 3733 1469 3802 kung nicht zu onterwerfen, schließlich die Ein¬
515 3769 1483 3843 wandirung über Mexilo und Kanada ganz
694 3826 1472 3891 bieten. Endlie rät der Präßident,
495 3836 624 3901 zu
506 3883 1471 3928 eine internationale Konserinz über die Einwan¬
504 3919 1472 3967 derungsfrage einzuberufer, um eine gründ¬
505 3966 1472 4019 lice Untersuchung der Auswonderer vor
515 4022 1486 4072 Ihrer Einsolffung uas frimden Ländico
606 4059 1466 4111 sicern. Als Elnwonderungshafen für die
517 4092 1473 4170 Südstaaten kommt in erster Linie Galseston
2570 1487 2932 1589 Telephon 12801.
2037 1580 2724 1722 „OBSERVER
1852 1695 2951 1775 I. öaterr behördl konz. Unternehmen für Zeitungs-Ausachnitte
2045 1755 2787 1854 Wien, I., Concordiaplatz 4.
2258 1824 2571 1899 Vertretungen
1864 1859 2958 1935 in Berlin, Budapest, Chicage, Christiania Genf, Kopenhagen,
1858 1933 2954 2000 London, Madrid, Mailand, Minneapolis. Nev-York. Paris, Rom,
2027 1960 2808 2034 San Francisco, Stockholm, St. Petersburg.
2210 2004 2629 2070 (Quellenangabe ohne Gewahr.)
1867 2076 2988 2164 Ausschnitt aus Fremdenblatt, Wien
2340 2143 2510 2229 12.19
1874 2190 2042 2276 vom:
1782 2281 3064 2344 = Aus Nürnberg wird uns berichtet: Im Intimen Theater
1672 2313 3053 2388 id Samstag die Premiere von Schuinlers „Zwischenspiel“ statt und
1683 2360 3056 2448 ang bei glänzender Darstellung#rmenm Schlusse nicht ganz unbe¬
1699 2405 3053 2470 tenen Erjolg. Die Hauptdarsteller: Grete Ilm (Cäcilie), Max Adal¬
1695 2444 3052 2525 rt (Amadeus) und Regisseur Max Bira (Albertus) wurden für ihre
1704 2512 2720 2572 lichen Leistungen wiederholt vor die Ra####e gerufen.
2872 2714 2961 2787 13
