3484 4256
1343 176 1814 269 box 25/5
295 227 1202 325 20. Zuischensbiel
1058 1090 2212 1162 Ausschnitt aus: s-
1948 1148 1980 1173 21
1334 1183 1629 1249 -9APR1917
1076 1188 1243 1246 vom:
1523 1379 2037 1478 Der Morgen Wien
1313 1480 2034 1574 Neueste Theaternachrichten.
1141 1564 2229 1627 Repertoiränderung im Hofburgtheater. Im Hofburg¬
1098 1614 2247 1671 sheater wurde der dieswöchige Spielplan dahin abgeändert,
1082 1673 2241 1724 haß Samstag, den 14. April statt der angekündigten Vorstellung
1088 1709 2250 1767 („Zwischenspiel“) Henrik Ibsens Schauspiel „Die Stützen
1077 1765 2251 1844 der Gesellschaft“ zur Aufführung gelangt. Anfang
1059 1811 1323 1907 ssechs Uhr.
1189 1852 2243 1925 Hofrat Thimig schreibt an einem Tagebuch, das die
1080 1915 2245 1996 Burgtheater=Geschichte der letzten fünfzig Jahre behandeln
1085 1962 1212 2025 wird.
1168 2005 2243 2071 Am 2. Mai begibt sich eine Abordnung des Burgtheaters
1080 2073 2240 2128 nach Boden zu Bernhard Baumeister, der an diesem
1089 2104 2234 2164 Tage die 65jährige Zugehörigkeit zum Hoftheater feiern wird.
1177 2160 2227 2219 Richard Strauß wird nach der „Frau im Schatten“
1077 2196 2233 2269 wieder eine komische Oper zur Komposition vornehmen.
1077 2265 2231 2318 Hoffmannsthal ist wieder sein Librettist, der schon
1077 2294 2245 2370 während den Vorbereitungen zur Première von „Ariadne auf
1077 2355 2239 2405 Naxos“ einen neuen Stoff dem Komponisten vorlegte. Bei
1084 2402 2231 2457 dieser Gelegenheit sei erwähnt, daß Strauß auch Artur
1081 2454 2240 2524 Schnitzler wegen Verfassung eines Operntextes anging.
1080 2505 2236 2558 Dr-Schaitler konnte sich aber nicht entschließen, die Dich¬
1076 2552 2097 2621 tung irgend eines Operntextes in Angriff zu nehmen.
1169 2591 2236 2663 Allen gegenteiligen Mitteilungen gegenüber sei fest¬
1080 2645 2235 2709 gestellt, daß Geheimrat Simons unbedingt an seinem
1087 2714 2236 2767 „Theater der Fünftausend“ festhält. Er will kein Haus mit
1073 2749 2243 2801 kleinerem Fassungsraum für seine Zwecke und Simons hält
1079 2791 2238 2847 auch sein Projekt, dieses Theater auf dem Rudolfsplatze zu
1086 2852 2226 2906 errichten, trotz der Einsprache des Bezirksvorstehers, noch
1075 2892 2234 2942 immer aufrecht, zumal schon Dr. Lueger die Absicht der
1072 2944 2233 2988 Verbauung des Rudolfsplatzes aussprach und die Gemeinde
1069 2998 2227 3049 möglicherweise doch für den Plan dieses Theaterbaues, dem
1069 3050 2224 3101 die neue Feuerwehr-Zentrale angegliedert werden dürfte, ge¬
1080 3099 2229 3150 wonnen werden wird. — In der Volksoper werden wir
1075 3134 2220 3191 heuer noch eine Reihe von Gästen aus Deutschland hören.
1080 3188 2219 3255 Fräulein Artot de Padilla kommt wieder, wenn sie
1073 3221 2234 3289 Urlaub bekommt, dann Dr. Staegemann, der Baryton
1064 3280 2245 3353 der Dresdner Hofoper Burg, der Tenor Herr Grubey
1063 3326 1673 3399 von der Münchner Oper u. a.
2213 1102 2295 1191 —
2235 1459 2345 1606 *
