3484 4352
273 251 1788 387 20. Zwischenspiel box 25/1
2865 1371 3054 1457 Gh
1362 1376 1486 1470 enr
1265 1379 1362 1461 —
1612 1493 3369 1580 haftigen Menschen wohl vergeblich suchen. Nun führt aber wird ihrem Gatten geg
1290 1501 1601 1578 Nachdruck verboten.
1633 1556 3376 1609 schon der erste ernste Fall, in dem dieses Aufrichtigkeits= gebrauchen? Ist also auch
497 1410 773 1630 0
813 1554 1267 1660 Burgtheater.
1630 1595 3376 1662 prinzip zur Anwendung gelangt, zum Bruche. Der und kaum anders als im 9
1627 1642 3338 1709 Kapellmeister Adams umschwärmt eine hübsche und ist ihr Zustandekommen
436 1613 1581 1727 („Zwischenspiel“. Komödie in 3 Akten von Artur Schnitzler. -
622 1686 1469 1762 Zum ersten Male aufgeführt am 12. Oktober.)
2810 1685 3361 1756 Weiterungen verbunden!
1632 1685 2810 1751 elegante Sängerin, die Gräfin Moosheim, und wenn er
2805 1729 3380 1802 sein, daß die gegenseitig
1621 1739 2811 1812 sich auch verzweifelt und grob wehrt, so fühlt er sich
539 1723 1623 1796 Der Titel, den Artur Schnitzler seinem neuesten
2796 1777 3347 1854 Adams zerstört. Diese
1628 1780 2806 1865 doch von der verführerischen Frau mächtig an¬
439 1789 1619 1853 Werke gegeben hat, ist ironisch. Was dem Kapellmeister
2799 1814 3382 1901 Ursache. In Wirklichkeit
1632 1834 2807 1899 gezogen. Frau Adams=Ortenburg wieder wird von
449 1845 1621 1901 Adams in seiner unterbrochenen, sozusagen suspendierten
2803 1874 3336 1954 verschiedenen Auffassung,
1633 1884 2816 1943 dem jungen Fürsten Sigismund Lohsenstein, einem
442 1893 1626 1943 Ehe als Zwischenspiel erscheint, ist in Wirklichkeit letzter
2813 1918 3375 1992 dem Verhältnis zwischen
1630 1927 2811 1994 tadellosen Gentleman und früheren Schüler ihres Mannes,
444 1940 1625 1989 Satz. Er hat diese Ehe, die nach mathematischen Formeln
2810 1980 3361 2035 Für den Mann schwindet
1628 1982 2803 2038 verehrt und hegt zu dem liebenswürdigen Kavalier eine
450 1990 1628 2049 funktionierte. aufgelöst, als ihm eine dieser Formeln nicht
2805 2028 3385 2097 andere liebt, das Intere
1636 2035 2811 2097 leise Neigung und Frau Cäcilie fügt hinzu: „Noch gibt
448 2039 1623 2097 mehr zu stimmen schien; später kommt er dahinter, daß
2820 2068 3379 2138 und er denkt nicht dar
1627 2072 2814 2134 es etwas, das mich halten könnte wenn es will.“ Mit
437 2085 1624 2153 es keineswegs ein wesentliches Moment war, welches er
2806 2122 3375 2194 regulieren; die konservativ
1629 2114 2816 2187 der Erwiderung: „Es will nicht“ zerreiß Amadeus
452 2138 1621 2199 berücksichtigte, und will den Akt wieder aufheben. Aber
2809 2163 3337 2247 gewonneue Ehe nicht so
1636 2175 2802 2236 Adams seine Ehe. Er blickt erleichtert und voll schöner
446 2184 1629 2248 jetzt haben die Rollen gewechselt; die Voraussetzungen
2807 2220 3382 2293 ihm Cäcilie über ihr Ver
1633 2230 2802 2283 Hoffnungen in die Zukunft, namentlich nachdem es ihm
451 2236 1632 2291 für die Unhaltbarkeit dieser Ehe sind nunmehr für seine
2814 2268 3374 2335 und nicht weil er daraus
1625 2269 2803 2338 gelungen ist, seine Frau zu überreden, daß ihr gemein¬
451 2277 1626 2344 Frau eingetreten. Und so wird eine von vornehmen
2805 2311 3365 2382 wenn auch diesmal noch
1629 2314 2807 2382 samer Hausstand, die Pflege ihres Kindes Peter und
453 2321 1631 2385 und edlen Menschen mit den besten Absichten geschlossene
2812 2363 3383 2429 oder dritten Falle unaufh##
1629 2371 2810 2429 ihre Künstlerkameradschaft aufrecht bleibt. Fräu Cäcilie
446 2380 1257 2453 Ehe an eben dieser Struktur zunichte.
2807 2413 3382 2473 auf, sondern weil ihn selb
1626 2424 2807 2477 jedoch geht in ihr neues Leben mit schwerer Bekümmernis
543 2417 1626 2490 Es ist ersichtlich, daß dieser komplizierte und subtile
2814 2463 3379 2524 kerer Magnet ablenkt, das
1622 2465 2817 2527 und banger Depression ein, Tränen ersticken ihre sieg¬
450 2470 1628 2539 Gegenstand mit seinen zahllosen Möglichkeiten im Bühnen¬
2803 2502 3386 2570 Gräfin Friederike. Nicht das
1633 2515 2816 2571 gewohnte Stimme, während sie mit dem frohgemuten
453 2534 1634 2587 vorgange schwer zu erfassen ist. Es gehört die Prä¬
1633 2557 3373 2619 Musiker Brahms „Nicht mehr zu dir zu geh'n beschloß ich“ aus dem der Konflikt entst
446 2571 1627 2627 zisionskunst und Treffsicherheit eines Ibsen dazu, um aus
1626 2608 3374 2688 studiert und in dem Liede die eigene Gemütsstimmung Leichtfertigkeit des Manne
455 2619 1629 2678 dem Labyrinth psychologischer Entwicklungen, die das Thema
2910 2650 3379 2715 Ein weiterer Akt die
1627 2655 1968 2743 gespiegelt sieht.
447 2666 1625 2727 Schritt vor Schritt umgeben, gerade den Weg heraus¬
2811 2675 3373 2774 Kapellmeisters Rückfall in
1719 2677 2809 2763 Daß der neue Zustand, das Nebeneinanderleben der
450 2711 1625 2770 zufinden und dramatisch zu markieren, der zu dem ge¬
2810 2745 3376 2828 Die Episode mit Frieder
1626 2755 2809 2820 Ehegatten unter einem Dache bei freiem Bestimmungs¬
457 2766 1629 2819 setzten Resultate führt. Schnitzler hat diesen Gang weder
2821 2795 3375 2868 allein mit Cäcilie, die ihm
1635 2794 2815 2867 recht in erotischen Fragen nicht nur ungesund, sondern
441 2809 1625 2875 intuitiv klar zu schauen vermocht, noch weniger hat
2818 2836 3386 2916 richtet, von der erneuten
1633 2840 2814 2909 unsittlich, ja unsauber ist, hat Schnitzler wohl slbit
447 2855 1630 2920 er das Geschick besessen, ihn in glaubhafter und zwingen¬
2807 2883 3384 2961 ihrer eigenen aufkeimenden
1630 2911 2811 2972 gefühlt, indem er die Frau lange sich wehren läßt, bevor
446 2894 1632 2976 der Abfolge darzustellen. Sein Spiel ist von der ersten
2805 2945 3376 3004 Mann. Adams ist natürl
1645 2951 2808 3010 sie ihn akzeptiert. Umso häßlicher klingt es dann, wenn
450 2948 1634 3020 Position, dem erregenden Moment, an bis zur Lösung
2814 2991 3376 3064 ihrer Freiheit den gleichen
1640 2995 2809 3059 Frau Cäcilie mit ihrem Mann über dessen geheimes
451 3010 1625 3062 willkürlich, schwankend und von Elementen beein¬
2819 3038 3379 3101 Und nun erscheint sie ihm
1639 3044 2819 3106 Verhältnis zur Gräfin Moosheim ungeniert plaudert
450 3049 1637 3111 flußt, die zu ganz anderen Zielen führen müßten. Schon
2814 3083 3389 3155 spiel von neuem begehren
1633 3092 2817 3154 und ihm Ratschläge gibt, wie er sich vor der Entdeckung
447 3100 1633 3161 die Voraussetzung dieser schematischen auf unbeschränkte
2813 3142 3388 3201 er sie wiederum an sich. U
1630 3142 2816 3206 durch den betrogenen Gatten schützen soll. Welche Frau
440 3148 1639 3205 gegenseitige Aufrichtigkeit gebauten Ehe ist etwas be¬
2819 3180 3378 3252 einigem Sträuben, damit
442 3197 2815 3256 denklich; man wird den Theaterkapellmeister und die von Ehre und Anstandsgefühl — und im ganzen Stücke
2808 3228 3380 3322 meinen, sie hätten sich wie
448 3235 2768 3326 Opernsoubrette, die in solcher Ehe leben, unter den leib= erscheint Frau Cäcilie Adams=Ortenburg als solche —
