3484 4352
1184 273 1681 388 box 25/1
175 291 1097 413 20. Zuischensniel
914 1294 3171 1442 in einer Reihe wichtiger Industrien aumählich ause“, geweien, sie hatte außer ihm noch die Kirche, der
2011 1376 3155 1445 Liberalismus hatte nur den Staat. Die Kirche aber reate
131 1374 910 1479 Dann fügte er hinzu: Wenn es je
921 1421 2026 1495 geschaltet, die Wohlfahrtseinrichtungen gemehrt hatte.
106 1443 907 1516 Infallen sollte, sich in das väterliche Ver¬
2057 1484 3167 1566 man manchmal seine eigenen Einfälle anfangs miß¬
941 1512 2036 1596 wohl gewesen sein — denn „Klein Dorrit“ soll an
2058 1526 3171 1609 versteht.“ Die „verborgene Traurigkeit des Themas“
110 1555 725 1649 gtheaterpreinieren.
936 1561 2036 1637 einem und demselben Tage seine vierzig Premieren
2060 1570 3174 1654 war ihm zunächst völlig entgangen. Nun hat
309 1633 427 1695 Von
941 1606 2034 1692 gehabt haben. Es gibt gewisse Rechenexempel von
2065 1622 3172 1704 er sie erkannt und wird daher den Satz „Capriccio
940 1653 2041 1736 solch durchschlagender Wirkung, daß keine Asthetik
164 1654 553 1760 Franz Servacs.
2061 1694 2472 1758 doloroso“ nennen.
949 1723 1463 1806 ihnen standhalten kann.
2098 1703 3176 1790 Solch ein „Capriccio doloroso“ ist auch Artur
984 1765 2033 1833 Immerhin bin ich nicht ganz ohne ästhetische Be¬
116 1765 906 1851 it“. Lustspiel in drei Akten nach Dickens
2067 1767 3177 1856 Schnitzlers Drama „Zwischenspiel“. Jedoch verhält
946 1797 2046 1880 lehrung aus „Klein Dorrit“ nach Hause gegangen.
118 1831 677 1900 n Franz von Schönthan.
2060 1822 3170 1892 es sich hier vielleicht umgekehrt wie mit dem
946 1852 2039 1918 Ein genialer Mann, dessen Name auf dem Theater¬
2079 1864 3172 1949 Symphoniesatz des Kapellmeisters Adams. Was als
133 1853 920 1939 kleines Wesen, das als Beglückerin
950 1878 2052 1981 zettel leider verschwiegen wird, hat mich von einem
2079 1908 3180 2001 sentimentalisches Ehe= und Liebesspiel konzipiert
116 1921 930 2009 fängnisräume huscht — verheißt uns
958 1945 2051 2027 quälenden Vorurteil befreit. Ich hatte bis jetzt ge¬
2071 1962 3170 2041 war, enthüllte plötzlich seine verborgene Possenhaftig¬
109 1969 934 2060 n Strahl wie von Poesie? O ja, man
954 1986 2050 2076 wähnt, daß unsere Urgroßeltern, die wir so von oben
2072 2009 3185 2100 keit. Und so geht eine Untermelodie von
107 2016 931 2107 orrit“ von Charles Dickens, und man
968 2049 2058 2125 herab als „Biedermeier“ belächeln, blutwenig Eleganz
2065 2052 3180 2133 kichernder Selbstverspottung durch diese dramatische
114 2072 928 2154 on dieser Poesie. Gewiß, sie ist alt¬
967 2092 2054 2172 besessen hätten. Und nun erscheinen plötzlich im
2071 2105 3184 2209 Aufrollung eines recht unerquicklichen und nicht
124 2115 930 2196 lisch und rührsam und ahnt die Marlitt
958 2137 2062 2220 Burgtheater lange Biedermeierschoßröcke und hoch¬
2071 2155 2947 2251 zum guten Ende geleiteten Ehekonfliktes.
133 2171 936 2232 in allerhand Absichtlichem steckt doch
958 2179 2062 2273 kragige Biedermeierfräcke, beide bunt natürlich und
2127 2204 3188 2280 Es gibt nichts „Moderneres“ als solch ein Stück
142 2216 935 2281 Körnchen Echtheit. Dieses Körnchen
955 2236 2065 2309 mit goldenen Knöpfen, und die waren so vorzüglich
2079 2237 3187 2334 mit doppeltem Stimmungsboden. Bei Shaw, bei
146 2263 930 2345 wohlvergraben, daß auch Herr von
959 2289 2053 2374 im Schnitt, daß ich mich den ganzen Abend daran
2080 2300 3190 2391 Frank Wedekind, auch schon bei Oskar Wilde sind
121 2309 946 2391 ser deutsche Lustspielbearbeiter, es mit
966 2327 2059 2413 ergötzte, diese Schneiderheldentaten durch den Opern¬
2079 2346 3181 2424 mir Komplexionen dieser Art begegnet, und man
120 2360 933 2441 ben können. Es schimmert hin und
970 2370 2066 2467 gucker zu bewundern. So etwas Tadelloses habe
2075 2393 3185 2469 braucht eigentlich bloß an die wieder so beliebt ge¬
121 2409 935 2486 die Lumpen, die er darum gewickelt hat.
968 2435 2064 2509 ich lange nicht mehr gesehen. Und den Namen des
2079 2436 3200 2540 wordene Figur des lachhaft-jammervollen Pierrot
124 2468 947 2536 in den zwei ersten Akten. Als er sich
970 2476 2059 2559 Mannes, der dieses geleistet hat, unterschlägt man
2082 2494 3198 2575 zu erinnern, um diese Hinneigung der modernen
119 2505 942 2589 von Dickens emanzipiert, schimmern
965 2527 2062 2606 unserer forschenden Wißbegier? Es gibt keine Ge¬
2098 2536 3195 2622 Psyche an einem frappanten Beispiel zu erkennen.
121 2555 955 2636 Lumpen bloß noch Strohwische. Natür¬
963 2593 1569 2676 rechtigkeit mehr auf Erden!
2103 2587 3185 2669 Wir haben so lange unsere Gefühlszustände zer¬
135 2599 860 2680 letzte Akt ganz besonders gefallen.
2091 2640 3195 2723 gliedert, bis wir aufgehört haben, daran zu glauben.
117 2641 943 2730 errn v. Schönthan nicht damit ärgern,
1466 2651 1575 2735 II.
2094 2677 3195 2767 Zumindest haben wir unserer Seele damit eine solche
138 2708 955 2778 mit gelehrter Miene auseinandersetze,
1001 2687 2023 2800 „Zwischenspiel“. Komödie in drei Akten von
2096 2745 3200 2809 Schnellkraft gegeben, daß es ihr keine Schwierigkeit
130 2753 946 2820 n, aus einem Roman ein Drama zurecht¬
1299 2775 1732 2846 Artur Schnitzler.
2099 2780 3203 2866 macht, von einem Extrem ins andere zu eilen. Der
132 2792 952 2862 Er würde mich einfach auslachen, und
1007 2813 2070 2890 Der Kapellmeister Amadeus Adams hat in seine
2092 2824 3199 2915 bekannte kleine Schritt vom Erhabenen zum Lächer¬
119 2835 953 2913 Natürlich ist es verboten! Und ebenso
974 2865 2070 2940 neue Symphonie ein Zwischenspiel eingerückt, dem
2099 2874 3203 2957 lichen wird von ihr als Tanzschritt eingeübt und
145 2868 988 2968 daß man sich nicht daran kehrt, wenn
970 2908 2080 2992 er anfangs gesonnen war, den Titel „Capticcio“ zu
2083 2921 3208 3039 mit allerhand schmerzlichen Koketterien verziert. Jetzt
146 2946 961 3010 n Roman eine glückliche Lustspielidee zu
203 2957 2082 3069 Glücklich muß diese Idee aber doch geben. Dazu bemerkt er nun: „Es ist seltsam, wie
