3436 4256
1258 166 1708 266 box 25/4
191 179 1230 290 20. Zuischensniel
1861 1245 2357 1313 — Zayd 1002
2241 1350 3291 1412 Benehmen erscheint uns als ein Gemisch von
1203 1349 2268 1421 schein völligen äußeren Friedens die Zerstörung des
376 1261 1058 1460 Das Zwisceupel.
2245 1375 3295 1473 Schrullenhaftigkeit, kindischer Starrköpfigkeit und
1208 1403 2262 1482 Eheglückes zweier Menschen schrittweise vor sich geht.
174 1379 367 1475 (in
2250 1444 2436 1513 Roheit.
187 1456 2260 1524 Komödie in drei Aufzügen von Artur Schninte Später — daß es zu spät ist, glauben wir frei¬
2300 1466 3293 1547 Schnitzler hat gefühlt, daß in der Art, wie er
184 1457 1235 1565 Zur Erstaufführung im Stadttheater am## 1908.
1221 1499 2268 1561 lich nicht, und der ernste Ausgang des Stückes
1231 1534 3293 1606 macht den Eindruck des Konstruierten — die Wiederannäherung der beiden Gatten nach der
262 1546 1235 1620 Eine Hauptforderung, die Henrik Ibsen als
2247 1587 3289 1649 „Aussprache“ verhindert, etwas Gewaltsames liegt,
1229 1594 2256 1660 später erkennt die Frau, wie in ihren und ihres
184 1588 1238 1671 Grundlage für eine sittlich einwandfreie Ehe auf¬
2263 1629 3302 1698 daß man nicht recht glauben wird, daß sie, obwohl
1220 1648 2266 1701 Gatten peinlichem Bestreben, recht offen und wahr
192 1649 1234 1715 stellt, heißt Wahrheit. Artur Schnitzler zeigt
2255 1682 3298 1748 sie sich gegenseitig lieben, sich nicht mehr finden
193 1692 2259 1759 uns in seinem „Zwischenspiel“ eine auf einer solchen zu sein, gerade die Wahrheit Schiffbruch litt:
178 1753 3294 1803 Forderung begründete Ehe in satirischer Beleuch= „Hätten wir einander damals unseren Zorn, unsere können, daß sie lieber ihrem Programm getreu,
184 1762 3292 1853 tung. Der Kapellmeister Adams und seine Frau, Erbitterung, unsere Verzweiflung ins Gesicht ge=als den Bedürfnissen ihres Herzens folgend, fremd
190 1813 3302 1904 die gefeierte Sängerin, haben beschlossen, es sich ehr-schrien, statt die Gefaßten und überlegenen zu nebeneinander weiterleben werden, daß ein ganz
188 1899 3304 1953 lich einzugestehen, wenn die Treue des einen Teiles spielen, dann wären wir wahr gewesen, Ama=unbedeutender Konflikt sie dauernd auseinander¬
2233 1919 3299 2001 halten kann. Schnitzler hat es selbst gefühlt, welche
1220 1938 1985 2012 deus — und wir waren es nicht!“
192 1942 1246 2004 gegen den anderen einmal gefährdet würde. Sie
1294 1979 3299 2045 Schnitzler hat das Thema von der Wirkung Anforderung er hier an die Willigkeit seines Publi¬
184 1991 1250 2056 haben beschlossen, dann ruhig, verständnisvoll, ohne
1230 2022 3303 2107 eines solchen Geständnisses, das einem einstmals kums stellt. Er läßt den Kapellmeister zu seinem
197 2044 1240 2102 gehässige Erregung, wie treue Freunde darüber zu
1236 2065 3302 2152 gegebenen Versprechen getreu, klipp und klar ab- Freunde, dem Dichter, sagen: „Mach' ihnen das
198 2092 1244 2150 sprechen. Nun droht es, dahin zu kommen, und, vor¬
1233 2120 3302 2190 gegeben wird, einmal rein scherzhaft im „Abschieds= doch klar, denLeuten,Du bist ja ein Seelenkünder
196 2140 1242 2207 bauend, teilen sich die Gatten ihre Befürchtungen
2306 2171 3303 2250 erkläre es doch den Leuten, die es nicht verstehen
1239 2172 2270 2249 souper“ behandelt. An Stelle der Grisette des lusti¬
195 2192 1245 2246 mit. Treu dem geschlossenen übereinkommen, ver¬
2250 2217 3304 2287 wollen.“ Und der Freund erwidert: „Es wäre
1226 2224 2257 2299 gen Einakters begegnen wir im „Zwischenspiel“
197 2239 1243 2306 sucht jeder Teil es, recht ehrlich, ohne Beschönigung
1227 2268 3297 2340 einer feinfühligen Frau, und der Stoff enthält umständlich, ihnen das mitzuteilen. Aber wenn Du
191 2290 1242 2345 zu beichten. Dadurch erhält jedes der an sich harm¬
1228 2323 3305 2392 damit nach dieser Seite eine Veränderung zu Ernst Wert darauf legst, so mache ich einfach ein Stück
187 2330 1249 2388 losen Geständnisse den Beigeschmack rücksichtsloser
199 2364 3299 2441 Härte. Es scheint, als würde jedem die Beichte recht und Tiefe. Wenn wir nicht voll mit ihr mitfühlen daraus. Dann werden sie ohneweiters diese neue
2797 2417 3293 2482 — wenigstens von hallb
2256 2420 2776 2478 Art von Ehe begreifen
188 2418 2262 2484 leicht, die kühle Sachlichkeit der Geständnisse ver=können, so ist es, weil der Gegenstand ihres Leidens,
191 2451 3296 2537 letzt gegenseitig. Das Bestreben der Gatten, das der Gatte, uns dieser Qualen wirklich zu unwert, acht bis zehn.“ Nein, gerade dann nicht! Gerade
1244 2502 3306 2586 stellenweise lächerlich erscheint. Nach dem Sprich= theoretisch läßt sich die Möglichkeit einer Ehe, wie
193 2533 1239 2603 Bekenntnis des anderen Teiles möglichst selbstlos,
204 2587 3305 2641 ohne sichtbare Regung von Eifersucht und Zorn hin= worte, daß die Liebe eine Tragödie für die ist, zwischen Amadeus und Cäcilie, einer Ehe, die zu¬
2258 2615 3304 2677 gleich Frieden und Unfrieden ist, leichter begreif¬
204 2618 2281 2683 zunehmen, steigert diesen Anschein noch bis zum welche fühlen, eine Komödie für die, welche denken,
196 2683 3293 2729 Herausfordernden. Der Stolz tut ein Weiteres, eine spielt sich das Schicksal der Eheleute vor unseren lich machen, als in Umsetzung in die Plastik dra¬
2263 2705 3294 2776 matischen Lebens. In dem „Zwischenspiel“ bleibt
1241 2710 2265 2777 Augen tragisch und komisch zugleich ab. Tragisch
201 2708 1263 2789 Annäherung nach diesen Geständnissen zu verhin¬
2264 2748 3299 2819 eine Fülle von psychologischen Feinheiten, eine
1237 2765 2269 2832 für das Weib, das zitternd auf ein liebevolles,
202 2773 1252 2830 dern. Wie sollte es auch zu einem inneren Aus¬
196 2794 3297 2872 gleich kommen, da kein Zwiespalt eingestanden enrgegenkommendes Wort ihres Mannes wartet, Menge hübscher Einzelheiten. Insbesondere sind
213 2842 3310 2937 wurde? Schnitzler schildert nun, wie unter dem An- komisch, soweit as den Gatten betrifft, denn sein die Einblicke, die hier in das Seelenleben der Frau
