3532 4224
34 2989 113 3035 ur
426 37 1474 119 er Kapelmeister umabeit Adun ist mit der Oovern¬
389 92 1480 170 sängerin Cäcilie Ortenburg seit 7 Jahren in glücklichster
397 137 1481 202 Ehe verheiratet. Eigentlich war Cäcilie zuerst nur die
387 169 1476 243 Geliebte des Kapellmeisters. Aber was „zuerst“ war, das
395 208 1487 286 schadet ja nichts; im Gegenteil Amadeus und Cäcilie
389 251 1489 323 haben infolge ihres intimen Zusammenlebens erkannt,
386 292 1487 363 daß sie beide für einander wie geschaffen seien, und sind
396 326 1483 406 in Zucht und Ehren Mann und Frau geworden. Ein
390 367 1492 451 5 jähriger Knabe, Peterl, vervollständigt das Glück dieser
393 424 908 489 harmonischen Künstlerehe.
445 439 1484 519 Zum Grund= und Eckstein ihres ebelichen Lebens haben
402 494 1492 559 Amadeus und Cäcilie die absoluteste Aufrichtigkeit des
392 537 1070 605 einen gegen den anderen gemacht.
426 557 1496 636 Diese absolute Aufrichtigkeit ist den Eheleuten zunächst
391 605 1496 686 die Quelle mancher eigenartig schönen Stunde. Denn
397 645 1499 704 Cäcilie ist jung, schön und geistrich, dazu noch eine wahr¬
397 682 1488 754 hafte Künstlerin. Was Wunders also, wenn sie von der
412 721 1493 793 Elite der Aristokratie, der Hochfinanz und nicht zuletzt
416 763 1496 840 von ihren eigenen Kollegen angeschwärmt wird. Und da
415 799 1504 874 auch Amadeus einen großen Reiz auf das schönere
411 838 1498 906 Geschlecht ausübt, so haben sich die Ehegatten mancherlei
414 880 1499 966 Interessantes auf Grund ihrer täglichen Erfahrungen zu
404 946 630 996 berichten.
461 948 1500 1032 Einen gehörigen „Knacks“ aber erhält das Prinzip der
412 1001 1508 1059 gegenseitigen Aufrichtigkeit, als Amadeus der schönen
409 1040 1463 1116 Gräfin Friederike Moosheim Gesangsunterricht erteilt.
456 1065 1509 1152 Die Gräfin, die zwar einen Mann besitzt, huldigt doch
413 1119 1518 1198 dem modernen „Ueber=Ehe“=Prinzip, nach welchem der
410 1151 1511 1227 Besitz eines Mannes für die Frau kein Hindernis bildet,
423 1203 1466 1271 gelegentlich auch noch einen andern Mann zu besitzen.
455 1236 1523 1303 Amadeus liebt seine Frau aufrichtig, nebenbei ist er
428 1271 1532 1338 aber doch ein bißchen in die verführerische Gräfin, die ihm
422 1312 1522 1389 die möglichsten und unmöglichsten Avancen macht, ver¬
411 1376 563 1440 liebt.
472 1374 1525 1461 Was ihn jedoch ganz besonders in die Liaison mit der
428 1425 1518 1496 Gräfin hineintreibt, ist der Umstand, daß seine Frau in
425 1478 1522 1545 dem Fürsten Sigismund einen Hausfreund hat, von dem
509 1507 1527 1584 in Zweifel ist, ob dieser Hausfreund mit oder ohne
428 1547 1420 1638 Gänsefüßchen orrhographisch richtig zu schreiben ist.
471 1583 1524 1672 Diese eifersüchtige Stimmung benutzt die Gräfin ge¬
437 1625 1531 1714 schickt um den noch immer widerstrebenden Amadeus in
441 1679 861 1750 ihre Netze zu treiben.
480 1686 1528 1777 Es entspinnt sich zwischen ihr und Amadeus das fol¬
436 1743 1537 1821 gende Zwiegespräch, das das Schicksal des Kapellmeisters
443 1805 816 1863 definitiv besiegelt:
485 1809 1530 1899 Friederike: Was waren das einmal für reizende Abende
448 1858 1544 1932 in Ihrem Haus! Noch in diesem Winter. Wir sprechen
436 1900 1539 1974 manchmal Havon, der Graf und ich. — Lädt man den
436 1936 1488 2042 Fürsten Sigismund auch nicht mehr ein, so wie mich?
1195 1974 1538 2035 rst vor vierzehn
486 1997 1093 2052 Amadeus: Liebe Gräfin, er
714 2017 1547 2085 uns gewesen. Wir haben vraußen in
447 2035 719 2110 Tagen bei
457 2060 1546 2142 den Laube soupiert, dann noch lang im Zimmer
461 2102 1537 2174 geplandert, und vor dem Fortgehen hat er über
1185 2137 1551 2190 Und was meine
452 2137 1143 2219 der Cagliostrowalzer phantasiert.
460 2175 1544 2257 Frau auf ihren Spaziergängen mit ihm redet, während ich
460 2223 1542 2287 nicht dabei bin, dleibt mir so wenig unbekannt, als ich
455 2261 1546 2340 ihr verschweige, was wir zwei zueinander reden. So
464 2288 1546 2364 stehen wir zueinander, meine Frau und ich, damit Sie es
460 2348 1111 2422 doch endlich begreifen, Friederike!
497 2362 1552 2455 Friederike: Es gibt aber doch Dinge, die man einander
464 2431 820 2503 nicht sagen kann.
507 2441 1563 2526 Amadeus: Zwischen Menschen unserer Art gibt es keine
456 2508 728 2572 Geheimnisse.
514 2522 1546 2604 Friederike: Ja dann . .. dann werden Sie Ihrer Frau
467 2573 1554 2636 heute mehr gestehen müssen, als sie mir selbst gesagt haben,
469 2617 1330 2677 Amadeus. Adieu ... (Reicht ihm die Hand.)
515 2638 1561 2715 Amadeus: Was soll das nun eigentlich werden,
459 2710 724 2777 Friederike?
510 2707 1553 2794 Friederike: Warum wehren Sie sich gegen Ihr Schicksal?
476 2767 1562 2841 Ist es denn gar so schlimm? Was Sie mir sind, war
478 2823 967 2891 mir ja doch noch keiner!
522 2821 1570 2927 Amadeus: Verlangen Sie, daß ich Ihnen auch das
460 2910 678 2975 glaube?
521 2906 1562 2990 Friederike: Ich würde es nicht zur Bedingung machen.
465 2963 1563 3030 Aber es ist wahr, Amadeus. Nun leben Sie wohl. Auf
478 3000 1572 3078 morgen, Amadeus. Das Leben ist wahrhaftig viel leichter,
489 3041 1572 3113 als Sie denken. ... Es könnte so schön sein — es wird
474 3097 932 3165 schön sein. (Sie geht.)
526 3116 1567 3192 Amadeus (allein. Setzt sich zum Klavier; svielt ein
473 3155 1572 3239 paar Töne.): Es wird ernst .... oder witd es heiter?
584 3219 1031 3268 (Schüttelt den Kopf.)
516 3215 1579 3302 Während Amadeus sich in dieser Stimmung befindet,
480 3274 1571 3359 die die Frage des „Rechts auf Ehebruch“ eigentlich nur
488 3316 1577 3392 noch theoretisch verneint, tritt sein Freund Albertus,
487 3352 1585 3425 seines Zeichens ein Dichter, herein. Amadeus schüttet
484 3396 1576 3466 dem Freunde sein Herz aus, und klagt ihm seine Not, in
485 3432 1573 3514 die er durch seine Sehnsucht, bei der Gräfin ein schönes
493 3465 1587 3543 Liebesahenteuer zu erleben, und doch dabei die Pflicht
490 3507 1577 3580 der Aufrichtigkeit gegenüber seiner Frau nicht zu ver¬
495 3574 875 3630 letzen, geraten ist.
525 3569 1583 3659 Die Antwort, die Amadeus von seinem Freunde emp¬
501 3625 1584 3697 fängt, ist so charakteristisch für den Gang und Aufbau
501 3670 1590 3745 der Schnitzlerschen Komödie, daß wir sie hier wiedergeben
501 3730 694 3787 wollen:
545 3735 1590 3811 Aldertus: Abenteuer ...! Müssen sie denn gerade
499 3782 1598 3871 erlebt sein? Einem Maler, der über Stümperei erhaben
578 3859 1587 3948 *) Berlin 1906. Zweite Auflage. Verlag von S. Fischer.
498 3908 1457 3992 Den Bühnen gegenüber als Manuskript gedruckt.
1488 45 2580 114 die offen und ehrlich auch über ihr künftiges Liebesleben
1489 81 2587 148 mit einander sprechen, ja mit Fug und Recht darüber
1493 130 2593 193 sprechen können, da ja einer den andern von der Pflicht
1502 172 2180 239 der ehelichen Treue entbunden hat.
1519 187 2592 271 Was Amadeus und Cäcilie hier stipulieren, das ist
1491 232 2594 326 das richtige Pendant zur „freien Ehe": Die freie Ehe¬
1501 282 2595 358 scheidung! Dort die Ehe ohne Ehe, hier die Scheidung
1497 335 1849 408 ohne Scheidung!
1529 337 2586 424 Amadeus nützt seine „Ehescheidung ohne Ehescheidung“
1491 390 2603 457 nach Kräften aus, natürlich in den Armen der avance¬
1495 455 1847 508 lustigen Gräsin!
1540 463 2600 539 Und Cäcilie? „Nichts Gewisses weiß man nicht!“ Sie
1509 519 2594 581 flaniert mit ihrem Fürsten, ja sie läßt durchblicken, daß
1511 545 2607 621 sie den Fürsten bald depossedieren werde, weil ihr Partner
1512 586 2615 662 in der Tatjanapartie ihr Blut etwas stark in Wallung
1512 650 1794 718 gebracht habe.
1539 646 2609 730 Amadeus fühlt sich, nachdem sein Liebesrausch mit der
1511 704 2619 774 Gräfin verflogen 1ß, kreuzunglücklich. Er beginnt einzu¬
1506 747 2616 814 sehen, daß die Rolle, die er an der Seite Cäciliens spielt,
1511 786 2612 862 die vor dem Gesetz doch seine Ehefrau ist, eine unwürdige,
1507 842 1878 910 ja erbärmliche ist.
1538 852 2606 939 Ganz unerträglich wird ihm sein Zustand, als Cäcilie
1514 905 2619 974 von einer Gastsvielreise, wo sie die Tatjana gesungen hat,
1514 947 2619 1007 in die gemeinschaftliche Wohnung zurückkehrt. Er sieht,
1519 986 2621 1046 daß Cäcilie sinnlich erregt ist; ja sie macht auch keinerlei
1517 1034 2622 1095 Geheimnis daraus, daß ihr Partner die Ursache ihrer
1525 1076 1991 1138 sinnlichen Erregung ist.
1551 1085 2614 1175 Amadeus liebt dies in der sinnlichen Erregung ihm
1524 1141 2624 1214 doppelt schön erscheinende Weib, das sein Weib ist, ohne
1525 1192 2000 1263 doch sein Weib zu sein.
1551 1221 2229 1287 Und nun kommt die Katastrophe:
1563 1242 2620 1324 Amadeus und Cäcilie haben den Pakt geschlossen,
1527 1299 2619 1374 sich gegenseitig volle Freiheit des Liebeslebens zu garan¬
1526 1364 1687 1419 tieren.
1562 1349 2633 1437 Wie aber, wenn Amadeus jetzt das begehrenswerte
1525 1419 2635 1478 Weib nicht mehr mit den Augen des Ehemannes, sondern
1535 1468 2006 1528 des Liebhabers ansieht?
1570 1481 2627 1567 Ist es nicht die letzte Konsequenz ihres Paktes, wenn
1527 1534 2632 1594 er sich dasselbe Recht, wie jeder andere nimmt, um eine
1539 1567 2643 1644 Schäferstunde bei der durch keinerlei Fesseln gebundenen
1542 1632 1884 1705 Frau zu betteln?
1573 1632 2648 1716 Cäcilie kann jedem beliebigen ihre Liebe schenken?
1533 1704 2029 1773 Warum nicht auch ihm?
1576 1710 2644 1797 Freilich, dann ist er nur einer von vielen! ein infames
1542 1765 2647 1840 Bewußtsein für den Mann, der seinem Eheweibe gegen¬
1540 1829 1788 1885 über steht!
1581 1842 2649 1911 Aber was tut's? seine Pulse hämmern und fliegen vor
1546 1906 2069 1971 wahnfinniger Leidenschaft!
1589 1910 2657 1990 Und auch sie! — sie lebt der Liebe entgegen; vielleicht
1547 1972 2102 2042 der Liebe zu einem andern!
1585 2002 2646 2070 Einerlei, die brennende Sehnsucht nach Liebe läßt sich
1554 2055 2389 2114 nicht durch Vernunftgründe zurückdämmen!
1578 2076 2614 2140 Der Gatte wird — der Geliebte seiner eigenen Frau:
2719 2095 2817 2154 —f
2639 2116 3451 2188 g##g uozuvganszuf (og galeid Bunzgnung
1576 2113 2632 2184 Und was nun? In Amadeus ist seit jener verhängnis¬
2641 2147 3458 2245 zuse gun aipal uuva bungssojoch pou
1543 2163 2639 2247 vollen Nacht eine verzehrende Leidenschaft zu seiner Frau
1552 2219 1723 2277 erwacht.
1585 2207 3433 2303 Der Pakt, den er damals mit ihr geschlossen hat, muß 13zun 3jqmasusjosa#og aplinag gog n
2647 2242 3445 2313 230 us zsal usilmlojag Gijzuslloch uuvj
2644 2275 3460 2352 s#fug morbi##p#og zu ubm Bunahnung
1547 2291 2642 2345 rückgängig gemacht werden, selbst um den Preis, daß er
1561 2315 2641 2391 die Geliebte eines Fürsten und eines Opernsängers als
2640 2325 3450 2407 uss „jojajuscljaig“ aplaojsjugS goa i1 u
3014 2362 3459 2418 „uagssit asat usgoal (48
1557 2362 2359 2436 sein Eheweib in die Arme schließen muß.
3342 2396 3459 2445 131
2648 2390 3333 2467 asal gval uosjo) Hsoat ####### #v#
1584 2407 2070 2472 Aber Cäcilie will nicht!
1590 2426 2641 2501 Zwar hat sie dem Gatten bisher trotz ihres Freibriefes
2650 2440 3467 2522 nohi## ##a ne iasal o) dasqmnajtei 3
1559 2469 2651 2557 zur Liebe noch nicht die eheliche Treue gebrochen! aber
2660 2493 3465 2578 vozjvgag Luszurg sjv u#a## boj gunigh u
1561 2526 2029 2593 auch nur: noch nicht!
1598 2547 2652 2619 In jener Stunde, als sie sich dem eigenen Manne als
2655 2556 3447 2642 sog squnaig mod 19s#i# 130 gva /110#15
2882 2586 3461 2658 oszujodk gun poaijob i1 Voj
1568 2595 2648 2672 „Geliebte“ hingab, hat sie die Achtung vor sich selber
2834 2635 3467 2682 usuusjasnlub ssod „Sjojajuscjsal
1570 2629 2652 2705 verloren; sie weiß nicht mehr, ob sie die moralische Kraft
2657 2681 3468 2752 uog un sonjvusdsag sja füdung; ushun 101
1571 2675 2649 2742 haben wird, über jene dunkle Stunde hinwegzukommen.
2897 2717 3458 2781 usgeßob gagungagg geg bunig
1574 2708 2652 2783 Denn dasselbe, was sie in jener Stunde ihrem Manne
2972 2757 3466 2820 somab zunig ans nvn
1560 2749 2643 2835 gewährte, das hätte sie auch — einem andern gewährt!
2672 2750 2952 2822 i# nuvg gun
2663 2801 3467 2876 uschijohs ubustibej una cing uuvssh 190
1568 2792 2650 2861 So ist sie denn innerlich moralisch gefallen, ohne nach der
1568 2842 2198 2902 äußern Moral gefallen zu sein!
2665 2851 3444 2944 uauabis 130 unrgasjeg ind gisal nuvigh
1616 2858 2648 2940 Sie trennt sich von ihrem Gatten, weil sie nicht die
2666 2907 3477 3000 00 gag Bunsgg a##a#sd auss lagv 10
1566 2911 2518 2973 Kraft hatte, sich ihm als Geliedte zu versagen! —
3306 2944 3470 3004 ualg
1598 2938 2659 3016 Der Leser sieht, daß in dem Schnitzlerschen „Zwischen¬
2672 2980 3477 3045 cang slivjoie #urb unzzobohc) soals unc
1588 2978 2662 3066 sviel“ sehr interessante psychologische Prodleme aufgerollt
2673 3022 3482 3110 #bazjvgun abrraviog ause (u ogapal 1s3
1577 3046 1747 3115 werden.
1603 3041 2658 3125 Nur schabe, daß diese psychologischen Probleme auf dem
2673 3092 3491 3173 o#pif##bursalgt sbaiss auß bunjguide
1578 3107 2528 3183 Boden der Unwahrscheinlichkeit aufgebaut werden.
2674 3146 3480 3199 uagesj naquvuss gustaach seiht agunig) un
1602 3131 2668 3225 Zwei Menschen, die einander lieben, deren Liebe aber
2669 3190 3469 3249 asseait ubgejisqubussusgesg Mirohepug#
1580 3177 2664 3256 eine vorübergebende Trübung erfahren hat, werden in
2678 3223 3481 3285 Pog siu lagv uldagonf uvi gnsst jstune
1581 3222 2665 3303 Wirklichkeit nie auf die grandiose „Kateridee“ kommen,
2673 3271 3482 3330 vhc ung uscsfalt zoch usbsarnalj#zi in
1592 3261 2669 3334 einen derartigen Pakt miteinander zu schließen, wie
2689 3302 3474 3357 „zus sonjaolsc usbmajusbab 1og gunig)
1588 3315 2045 3385 Amadeus und Cäcilie.
2682 3342 3493 3412 sadagfursic gequsgeblaqpioa un gvg us
1616 3315 2671 3412 Dies fühlt der Dichter auch selber selr gut und ver¬
1589 3376 2675 3456 sucht deshalb, noch am Schluß des Stückes die Ehe¬
2685 3400 3488 3481 unjaalob gfal uusal gun (lnveß zzu
1596 3409 2665 3494 scheidung ohne Scheidung“ psychologisch zu motivieren“
2687 3465 3495 3534 9e unrval asat — uung inc : (ush 6u 10
1587 3443 2673 3527 indem er bei der Schlußszene den auseinandergehenden
1597 3507 2515 3565 Gatten die folgenden Worte in den Mun) legt:
2689 3514 3443 3600 un jogusaljaaa gun av e#ilog 910
1634 3514 2673 3610 Amadeus: Und das ist nun der Lohn dafur, daß wir
2684 3571 3496 3635 z### gs uarval aja aun — gnagvüfz u3
1592 3574 2384 3649 gegeneinander immer wahr gewesen sind!
2694 3611 3504 3676 uarpal uuva kusjoscj nl ususbajnogest auf
1634 3586 2677 3682 Cäcilie (sich nach ihm umwendend): Wahr? . .. Sind
2696 3662 3502 3722 zivi) ’ussacpjoß ze#och gut bungsoallles 91
1597 3663 2158 3728 wir's denn immer gewesen?
2690 3686 3505 3768 ## nssun urog unajun zqubuss gjbu
1626 3702 2053 3769 Amadeus: Cäcilie!
1623 3704 2700 3802 Cäcilie: Nein, ichglaub es nicht mehr. Wenn alles
1601 3759 2694 3838 andere wahr gewesen ist — daß wir beide uns so schnell
1599 3791 2734 3873 darein gefunden in jener Stunde, da Du mir Deine—
1597 3837 2705 3931 Leidenschaft für die Gräfin und ich Dir meine Neigung
1599 3866 2719 3974 für Sigismund gestand — das ist nicht Wahrheit gewesen.
