3436 4320
1769 149 3003 235 war vor längerer Zeit in einer Anstalt zur Untersuchung seines
1760 190 2309 284 Geisteszustandes interniert.
2160 297 2269 405 70
1562 428 2193 557 Reigen
2327 444 2630 532 And
2774 451 3015 552 G.
583 441 1577 546 Schnihlers ))
1697 520 1835 617 Von
1525 599 2016 706 Gregor Pitoeff.
1847 685 3004 759 Diese Auffassung stellt den Regisseur natürlich vor gewaltige
879 696 1781 787 Gespräch mit unserem Pariser C. B.=Korre¬
1763 737 3015 812 technische Probleme. Gewisse Momente durch Verfinsterung der
775 769 1780 824 spondenten anläßlich der Pariser Erstaufführung von
1767 795 3013 855 Bühne und mit bloßer Pusik anzudeuten, schien mir unsagbar
781 812 1633 894 Schnitzlers „Reigen“ im Théatre de l'Avenue.
1759 827 3005 912 unkünstlerisch, ich mußte daher der Stimmung und dem
1300 857 1740 948 Paris, im Oktober.
1769 889 3009 967 Charakter der einzelnen Szenen entsprechend zehn verschiedene
649 910 1767 1000 Théätre de l'Avenue in der Rue du Colisée. Hinter den
1769 939 3003 1008 Varianten finden. Einfach war es in der ersten Szene, wo die
554 984 1766 1057 Kulissen, auf der staubigen Wendeltreppe, der enggewundenen
1782 986 3015 1043 Dirne den Matrosen hinter die Kulissen schleift, oder im zweiten
1774 1040 3005 1102 Bild, wo der Soldat mit dem tanzenden Dienstmädchen im
558 1028 1770 1092 Gängen entlang, tappe ich im Finstern in die Richtung des
1767 1079 3013 1148 Keller des Nachtlokals verschwindet und die bedeutungsvolle
556 1079 1765 1140 fortwährenden, schrillen Telephongeläutes, das wie ein stechender
548 1133 1766 1194 Lichtstrahl meinen Weg beleuchtet. Dann hört es plötzlich auf,
1771 1132 3005 1192 Pause durch den im erleuchteten Lokal beginnenden Tanz aus¬
546 1162 1773 1247 als wäre es abgeschnitten, und ich stolpere in den winzigen
1774 1183 3010 1238 gefüllt wird. — Das Idyll des jungen Herrn mit dem Stuben¬
541 1226 1774 1282 Bureauraum hinein, gerade als der Direktor die Muschel ans
1774 1222 3010 1283 mädchen belebt ein Bühnenspaß: sowohl Küche wie Zimmer
539 1271 1770 1350 Ohr hebt: „Hallo ... ja ... Théätre de l'Avenue... Wie meinen
1773 1276 3004 1351 haben nur eine einzige Wand, welche von den Darstellern im
546 1313 1523 1393 Sie? ... Polizeidirektion? Stehe zu Diensten ...“
1772 1319 3006 1388 heiklen Moment wie eine spanische Wand um ihre Achse
1773 1358 3004 1428 gedreht wird. — Die verheiratete Frau wird vom jungen Herrn
649 1368 1769 1441 Dank des unvollkommenen Pariser Telephons vernehme
1779 1414 2997 1471 auf der geteilten Bühne im kleinen Salon empfangen, als er
540 1419 1771 1489 ich verschwommen auch die Antwort. „Es handelt sich um Ihr
1778 1456 3012 1531 sie aber ins Schlafgemach geleitet, bewegt sich die ganze Kulisse
542 1468 1766 1532 neues Stück „La Ronde“, ja. Es heißt, das sei irgendei
1768 1504 3008 1582 von links nach rechts: der kleine Salon erweitert sich und das
546 1513 1761 1583 modisches Skandalstück. In Deutschland scheint die Aufführung
1780 1556 3001 1631 Schlafgemach verschwindet. — Zum Schauplatz des Liebes¬
538 1572 1771 1622 verboten worden zu sein. Scheinbar schrecklich frivol . .. Wer ist
1778 1603 3000 1676 lebens kleinbürgerlicher Ehen aber habe ich — das Bade¬
552 1617 1767 1689 denn dieser, hm... wie heißt er nur... Sknißlehr... der als
1764 1644 3012 1699 zimmer auserkoren. (Denn ist nicht das Badezimmer im Haus¬
551 1644 929 1746 Autor zeichnet?“
1775 1698 3000 1765 halt des Spießers das Sinnbild aller Nacktheit? Sein Liebes¬
664 1698 1766 1785 „Mais je vons assure, Monsieur l’inspecteur, Sie können
1767 1746 3013 1808 leben ist und bleibt: Badezimmererotik!) Das Schlafzimmer
550 1770 1772 1822 ganz beruhigt sein. Es ist ein ideal feines Stück. C’est classique.
1775 1799 2999 1865 wird nur durch den Lichtstreifen der Bettlampe angedeutet; die
552 1820 1770 1872 Der Autor, Schnitzler Artur, klassischer Bühnenschriftsteller der
1769 1841 2993 1895 diskrete Handlung wird durch die halboffene Schlafzimmertür
542 1858 1766 1927 Oesterreicher, verfaßte es vor etwa dreißig Jahren. Allerdings
1769 1887 3009 1951 verdeckt. — Im Séparée aber breite ich vor das heitere Paar
540 1914 1780 1984 behandelt es die körperliche Liebe, doch in eine höhere Sphäre
1777 1942 3004 2002 einen Leinwandvorhang, auf dem die bewegliche Figur eines
544 1956 1769 2043 versetzt, sozusagen auf psychologischer Grundlage. Ich gebe Ihnen
1767 1987 3004 2054 Niggerboys einen verrückten Step tanzt, und als Bibitz dem
550 2013 1108 2075 sofort genauen Inhalt ...“
1761 2036 2997 2095 süßen Mädel, auf den Kissen hingestreckt, über Indien erzählt,
653 2044 1764 2123 „Kleinigkeit“, sagt mir Gregor Pitoeff, der Regisseur mit
1775 2089 3000 2149 wird die Szene allmählich durch das bunte Lichtbild einer
540 2117 1773 2193 dem Harold=Lloyd=Gesicht, nach erfolgreicher Drahtberuhigung der
1763 2121 3000 2199 phantastischen und grotesken Indienlandschaft mit Palmen und
540 2140 1762 2226 beamteten Sittenbewahrer. „Was man alles ausstehen muß,
1771 2177 2995 2242 Löwen verhüllt. — Das ländliche Eden der Schauspielerin und
548 2201 1766 2263 wenn man sich in den Kopf gesetzt hat, den „Reigen“ aufzuführen!
1764 2225 2998 2294 des Dichters erhebt sich im bedeutsamen Moment in die Luft;
538 2253 1762 2316 Doch Schwierigkeiten erhöhen meine Lust zur Sache. Man muß
1765 2274 3002 2333 erst jetzt werden Erdgeschoß und Garten sichtbar und die Bühne
540 2308 1770 2371 die französische Mentalität richtig begreifen. Ihr echt lateinisches
1771 2323 3014 2375 wird minutenlang von Vogelgezwitscher erfüllt. Die Liebes¬
542 2340 1767 2407 Gefühl für das Klare und Exakte liebt die Mischung der Kunst¬
1767 2373 3000 2428 minuten des Grafen und der Schauspielerin schließlich — die
550 2406 1777 2461 arten nicht. Die Revue hat trivial zu sein, das Lustspiel kann
1771 2412 3005 2482 heikle Pause wird durch die Aktion des winzigen weißen Salon¬
543 2455 3004 2531 sich vieles (alles) erlauben, doch ein ernstes Stück hat hierzulande hündchens ausgefüllt, das sich mit eingezogenem Schweif scham¬
543 2485 2998 2591 in keinem Punkt schlüpfrig zu sein. Als bekannt wurde, daß ich voll aus dem Schlafzimmer bis vor die Proszeniumlampen trollt.
541 2548 1787 2616 den „Reigen“ auf die Szene bringen will, schrieb im
1859 2573 3004 2633 Dieser japanische Spielhund dernier eri sowie die durch¬
549 2597 3007 2666 „Le Journal“ der große Antoine: „Ich gratuliere Pitoeff zu weg moderne Art der Zimmereinrichtungen oder gar das
542 2641 1773 2706 diesem Unternehmen, schon weil ich mich selbst seit Jahrzehnten
1762 2665 3002 2732 Yo=Yo=Spiel des Dichters Bibitz während der affektierten Schlaf¬
549 2673 1773 2744 mit dem Gedanken herumtrug, dieses außerordentlich wertvolle
1770 2713 3006 2781 vorbereitungen der Schauspielerin mögen die Verehrer des
532 2730 1774 2793 Stück aufzuführen. Doch ist die Aufführung mit so heiklen und
1755 2741 2991 2824 klassischen Schnitzlers vielleicht verletzen. Ich kenne und liebe
546 2789 2995 2874 nahezu unlösbaren Problemen der Regie verknüpft, daß ich den Wien und weiß sehr wohl, daß meine Kulissen im ersten Bild
538 2834 1772 2899 Plan immer wieder fallen ließ.“ Auch ich träume schon seit
1762 2848 3002 2904 dem Donaukai durchaus nicht entsprechen, daß mein Ver¬
539 2882 1763 2935 Jahrzehnten von der Aufführung des „Reigen“ weil ich sowohl
1763 2900 2996 2952 gnügungslokal eher einem Bal Musette als einer Heurigen¬
539 2912 1760 2978 Schnitzler im allgemeinen, wie namentlich dieses Stück besonders
1760 2951 2994 3011 schenke ähnelt, daß das Mädel im Séparée eher eine Grisette
543 2974 3010 3022 schätze. In Rußland wird es ja seit vielen Jahren gespielt. Das als ein süßes Wiener Mädel ist, daß die Uniform des Offiziers
538 3010 1760 3081 „Schlüpfrige“ bedeutete für mich übrigens kein Problem, denn
1770 3041 3000 3093 mit dem k. u. k. Waffenrock nichts gemein hat — und es wäre
532 3070 1771 3129 was ich vorhin der Polizei sagte, ist meine aufrichtigste Ueber¬
1761 3091 2989 3146 ein leichtes gewesen, die „Rue de la Fayencerie“ als Porzellan¬
546 3121 1755 3180 zeugung: die „Ronde“ ist nicht frivol. In meiner Inszenierung
1771 3136 2998 3200 gasse beizubehalten, wie ich auch an einigen Stellen den Namen
541 3169 1759 3224 spielt das Bett eine sehr untergeordnete Rolle und während der
1763 3181 2997 3249 Wiens und der Donau festgehalten habe und sogar Madame
543 3214 1764 3284 zehn Liebesabenteuer kam es bloß zu einer einzigen Entkleidungs¬
1757 3231 2990 3280 Pitoeff als Stubenkätzchen ihr Liedchen aus der „Lustigen
537 3260 1764 3314 szene (in der mit dem Schriftsteller Bibitz). Leider war es mir
1757 3272 2988 3339 Witwe“ in deutscher Sprache summen ließ... Doch wollte ich
534 3310 1765 3373 nicht mehr beschieden, die Regie mit Schnitzler persönlich zu
1757 3317 2973 3398 beileibe nicht „ein Wiener Schauspiel aus den neunziger Jahren“
541 3354 1759 3417 besprechen, doch die Uebersetzerin, Ihre ungemein bezaubernde,
1764 3373 2983 3447 auf die Bretter des Théätre de l'Avenue bringen. Artur
539 3400 1758 3468 hervorragend intelligente Landsmännin Frau Suzanne Clauser,
1765 3416 2977 3484 Schnitzler ist für mich mehr als ein Lokaldichter des kaiserlichen
542 3448 1757 3506 schwört, daß sich meine Auffassung mit Schnitzlers Gedanken¬
1765 3458 2977 3515 Wiens. Die Gestalten des „Reigen“, diese typischen Charakter¬
543 3497 1761 3571 gang vollständig deckt. Schnitzler, der Dichter und Arzt, wollte
1766 3511 2978 3578 figuren Ihrer einst so scharmanten Kaiserstadt sind für mich
547 3546 1759 3606 meiner Ansicht nach im „Reigen“ nicht Unschicklichkeiten und
1754 3550 2970 3622 Menschen aus Fleisch und Blut, Schöpfungen eines Gott¬
536 3591 1751 3652 Liebeleien, vielmehr die Psychologie des geschlechtlichen Ver¬
1756 3601 2972 3673 begnadeten, deren Leben über wechselnden Raum und ver¬
532 3644 1751 3705 kehrs veranschaulichen. Den großen Reigen der Sexualität, der
1763 3654 2984 3726 gängliche Zeit erhaben ist. Schnitzlers Wien gehört einer zu
543 3692 1752 3753 sich von der Dirne zur Gattin und mondänen Künstlerin empor¬
1749 3703 2974 3772 Staub gewordenen, strahlenden Vergangenheit an, doch der
539 3742 1763 3793 hebt, um schließlich wieder in der Dirne, in der drastischsten,
1754 3728 2982 3799 „Reigen“ ist jung, als wäre er heute verfaßt. Ibsens Probleme,
549 3780 1761 3846 jedoch ausdruckvollsten, weil aufrichtigsten Verkörperung des
1754 3796 2979 3863 Wedekinds scharfgeschliffene Verblüssungseffekte wirken heute
547 3835 1211 3912 Geschlechtsverkehrs auszuklingen.
1713 3838 2983 3923 vergreist und modrig, doch Schauspieler, Matrosen, Grafen und
