3436 4384
304 257 954 341 11. Reigen
967 241 1434 331 box 19/2
2405 194 3220 234 e
2384 237 3235 274 pour éprouver de ces fausses audaces les
2380 269 3232 319 horribles scandales qui ont esponvanté les
2377 307 3228 357 Viennois. Mais enfin, il faut bien répéter
2374 353 3230 398 pour la millionième fols, depnis les ori¬
2365 386 3236 430 gines de l’espéce que si l’art doit étre vrai,
2375 426 3229 465 toute vérité n’est pas de l’ärt. Et puis, ne¬
2373 464 3235 502 pouvoir supporter ces gracienses évoca¬
2368 502 3242 561 tions en public, ce n’est pas affaire de théo¬
2370 542 3237 602 rie, c’est affaire de nerfs, de goüt peut¬
2377 577 2492 636 être.
2740 615 2861 676 *
2412 681 3233 731 Au tableau suivant, car sans doute com¬
2377 709 3236 757 mencez-vous à avoir saisi le mécanisme,
2385 755 3235 797 on verra le mari tromper sa feinme avec
2375 796 3231 849 une midinette; puis la midinerte se laisser
2368 822 3233 882 aller aux bras d’un aufeur dramatique
2370 880 3228 926 puls l’auteur dramatique en bonne fortune
2371 908 3234 962 dvec une actrice; puis Tactrice en galante
2377 946 3215 1002 compaguie d’un officier hongrois aristo
2383 986 3221 1039 crate; puis, enfin, un soir d’ivresse, Ic
2376 1019 3234 1082 Hongrois eristocrate se retrouve avec i:
2367 1052 3162 1102 fille qui savrit à la première scène
2374 1100 3211 1151 ronde avec le matelot. Car telle est I.
2372 1136 3220 1185 grande p##isée d’Arthur Schnitzler, Lo
2376 1181 3232 1229 Ronde qui, comme dit un vers majestueug
2368 1214 2948 1273 de notre Joachim du Bellay.
2360 1231 3218 1337 Montre que tout retourne à son commence.
3081 1303 3225 1366 Iment.
2403 1333 3217 1405 La vérité n’est pas neuve. Evidemment,
2369 1389 3234 1449 il fallait penser à l’appliquer aux choses
2373 1429 3222 1482 de l’amour, en ce qu'elles cnt de moins
2371 1469 3229 1529 noble. Loin que ce dessein paraisse vivant
2378 1514 3236 1558 et original, il parait accuser au. contraire
2366 1548 3220 1587 les signes irrécusables de l’originalité arti¬
2379 1586 3228 1639 licielie et de la convention dans la bizar¬
2368 1624 3233 1671 rerie voulue. Ces écoles littéraires font
2375 1660 3233 1705 penser à ces armées de négres américains
2368 1703 3224 1736 ou, sitôt qu'un coup de canon a falt bouger
2374 1733 3244 1787 les feuilles, l’avant-garde se trouve auto¬
2361 1776 3236 1841 matiquement transformée en arrière¬
2373 1819 3224 1866 garde. Un tacticlen audacleux avalt mème
2372 1861 3232 1906 proposé un ordre de bataille on le général
2369 1899 3222 1939 se tenait à l’arrière de la troupe, de ma¬
2372 1931 3222 1974 nière que, sitôt au contact de l’ennemi, i!
2359 1971 3224 2018 se retrouve en téte pour diriger la retraite.
2393 2003 3233 2059 M. Schnitzler fait assez bien penser à
2356 2045 3231 2094 ce général. Non que la piéce soit sans mé¬
2363 2078 3224 2133 rite, ie s’en faut. Les parties comiques sont
2358 2112 3224 2168 tres savoureuses, plusieurs personnages
2372 2158 3216 2208 sont tres bien silhouettés, d’un tralt vif,
2360 2200 3152 2245 juste et assez pénétrant. Le spectach
2359 2236 3158 2285 parfois génant, il n’est pas enntyetix,
2363 2276 3220 2323 tôt tinies les trois premières scènes, qui
2358 2313 3214 2361 sont longues et monotones. Au moins,
2356 2350 3223 2403 M. Schnitzler couvre avec un sourire la
2364 2389 3217 2446 retraite permanente de l'avant-garde. Car,
2355 2428 3214 2469 bien que cette leçon soit superflue, elle rap¬
2354 2465 3210 2517 pelle une fois de plus combien les systèmes
2360 2513 3210 2558 passent vite et paraissent bientôt démo¬
2356 2547 3210 2596 dés. Tout ce qui, dans La Ronde, prorède
2354 2575 3210 2651 de la nature de l’auteur est bon et porte la
2368 2619 3208 2662 marque du talent. Tout ce qui relève de
2363 2648 3213 2707 l’école est caduc et porte la marque de
2365 2687 3221 2749 Tarbitraire; et quand les commentateurs
2372 2738 3226 2786 viennent nous dire à retardement que cha¬
2355 2781 3224 2826 cun des personnages porte en lui les earde¬
2353 2821 3216 2879 téristiques de Thomme et de la semme,
2364 2857 3033 2909 nous nous permettons de sourire
2378 2892 3213 2946 Nous sourions aussi à l’image et au son¬
2362 2927 3220 2995 venir de Mine Pitoeff. La grande pensée
2368 2974 2878 3032 de M. Pitoeff a été de
2365 3015 2869 3067 trancher le neeud gor¬
2535 3047 2870 3104 1 faisant tenir
2358 3053 2492 3107 dien
2357 3089 2880 3145 par elle seule les cing
2355 3141 2873 3186 personnages féminins de
2353 3169 2878 3220 la piéce. L’inconvénient
2355 3208 2875 3262 est évident, le spectä¬
2363 3241 2872 3300 teur a besoin d’un effort
2356 3290 2872 3339 pour se rendre compte
2356 3325 2869 3376 qu'elle ne représente plus
3042 3341 3137 3420 A
2356 3359 2874 3405 la mème femme. Mais
2358 3406 2869 3455 Tavantage n’est pas
2365 3434 2879 3493 moins certain: on volt
2360 3485 2865 3528 cing fois Mmne Pitoeff
2353 3516 2865 3582 admirable. Ces cing per¬
2356 3559 2876 3609 sonnages en quéte d’ac¬
2355 3596 2878 3642 trice sont une des cimes
2359 3634 2866 3683 de sa glorieuse carrière.
2384 3680 2872 3726 M. Pitoeff en officier
2355 3710 2875 3764 hongrois parait dans un
2353 3753 2877 3810 tableau on le décor som¬
2355 3787 2878 3839 malre ec la mise en scé¬
2358 3827 2876 3887 ne sont de toute beauté.
2353 3869 2886 3928 Rien que cela vaut la
2960 3839 3183 3936 WIIN
2349 3909 2499 3974 solfée.
2705 3938 3145 4003 Lucien DUBECH.
