3436 4384
250 260 897 359 11. Reigen
961 260 1409 342 box 1972
1478 225 3127 275 Cest une des meilleures cuvres de jeu-Isur un talus, an bord du Danube et qui
1449 241 2267 308 sse d’Arthur Schnitzler — l’excellent
2279 259 3140 303 finit à Taube, dans un grenier. C’est, du
1445 289 2235 340 amaturge viennois mort l’an dernier —
2268 304 3137 356 reste, un spectacle omnibus: dix tableaux,
1452 327 2264 397 ie la compagnie Pitoéff vient de repren¬
2276 334 3144 394 dix dialogues, dix couples. On fait dix fois
1461 365 1766 418 e à l’Avenue.
2270 359 3130 428 Tameur — presque apparemment — avec
1451 383 2265 459 Chaque création de M. Georges Pitoöff
2278 410 3135 464 Mme Pitoöff. Cette actrice est véritable¬
1455 447 2269 492 brite une attention particulière. Ce qu’il
2278 452 3145 508 ment prodigieuse; elle est toutes les fem¬
1452 484 2265 524 nte est toujours difficile, souvent coura¬
2281 490 3136 540 mes, elle chante faux avec une sérénité
1459 505 3131 580 ux; et s’il se trompe — ce qui est mal-absolue, elle danse la biguine, elle ressem¬
1583 601 1841 794 □
1507 725 1590 798 #
2422 800 2544 875 420
2609 747 2702 906 )
2444 883 2647 975 N,
2665 919 3007 1020 —.
1538 1050 1633 1110 62
2664 1090 2864 1168 —
1583 1164 1739 1249 een
1988 1174 2081 1239 —
1953 1244 2051 1330 E
2121 1292 2344 1373 —.—
1687 1296 2276 1512 12-009
2885 1491 3051 1600 #7
2828 1513 2903 1630 6
1695 1622 2857 1723 Les Pitoöff dans & La Ronde n. au Théätro de I'Avenue.
1420 1726 3143 1806 neureusement le cas — il le fait du moins, ble successivement à Margot Lion, Maud
1410 1783 1755 1835 avec sincérité.
2259 1805 3143 1853 Lotv, Mistinguett, Cécile Sorel, et elle res¬
1450 1798 2262 1876 La Ronde n’a été jouée qu'une seule fois
2286 1831 3145 1888 te Ludmilla Pitoëff! II faudrait que La
1415 1859 2267 1916 en France par un groupe d’avant-garde,
2275 1864 3145 1926 Ronde comporte cing stations de plus,
1414 1886 2271 1950 La Licorne. Antoine trouvait cette cuvre
2279 1910 3138 1982 pour voir... Mais nous manquerions notre
1416 1938 2272 2004 remarquable, mais presque impossible à
2271 1943 2610 2000 dernier métro.
1410 1980 2022 2029 interpréter convenablement.
2312 1979 3135 2052 La Ronde n’est pas, comme Maya, Dé¬
1451 2013 2268 2068 Malgré l’avis de ceux qui savent tout,
2274 2029 3139 2089 parts. Chombre d’Hôtel, du théätre d’éva¬
1408 2052 2269 2111 il semble hien qu’il en soit ainsi. La Ronde
2283 2071 3140 2128 sion; Pitoëff l’a certainement compris;
1409 2094 2268 2150 est une pièce à la fois tron vieille et trop
2283 2113 3148 2173 malgré tout, il a essayé ce mélange
1413 2133 2272 2183 jeune. Trop hardie pour l’époque ou elle
2278 2150 3148 2219 épouvantable de naturalisme et d’accor¬
1416 2170 2270 2224 fut écrite: 1887, elle pourrait être au¬
2267 2188 2410 2237 déon.
1408 2207 2282 2259 jourd'hui un témoignage infiniment pré¬
2317 2217 3133 2295 Prisonnier d’un dialogue sec, monotone
1415 2246 2276 2304 cieux, un peu trouble, sur la fin d'’un
2283 2278 3141 2344 et dont l’ironie ne supporte aucun artifice
1409 2288 2268 2348 théätre purement romantique. Quand on
2287 2317 3137 2370 scénique, Pitoéff a travaillé pour ne rien
1425 2325 2266 2372 rifléchit, il semble que la Ronde marque
2282 2354 3134 2418 Létruire. II n’a pas réussi. Les paroles des
1411 2361 1481 2412 14
1477 2366 2272 2432 fin du fantastique poétique et l’avene¬
2273 2388 3142 2438 acteurs s’arrétaient devant les décors d’un
1406 2406 1990 2454 ment du fantastique sccial.
2283 2430 3158 2496 Gaston Baty en toc. Elles ne pouvaient al¬
1443 2434 2280 2497 [es personnages de la piéce de Schnitz¬
2284 2465 3138 2512 ler plus loin, et ni Les Gars de la Marine
1422 2477 2270 2547 jéer sont bons çonducteurs de toutes les
2277 2507 3147 2583 Ini la Biquine, ni la musique de Kurt Weill
1420 2519 2264 2584 puissances—indönnues qui naissent dans
2270 2548 2842 2601 n'allaient plus loin qu'elles.
2308 2589 3124 2652 Ce pot-pourri devient d’ailleurs rapide¬
2265 2618 3137 2691 ment exaspérant et plonge le spectateur
2274 2669 3136 2738 dans l’ahurissement le plus complet ou
2268 2702 3138 2767 dans une fureur froide seion l’influence
2281 2755 3138 2808 qu'ont sur lui les biguines martiniquaises.
2301 2780 3087 2860 Pendant ce temps, la ronde continue.
2312 2961 3135 3037 Cette piéce est cependant remarquable¬
2260 3006 3143 3078 ment jouée par la compagnie Pitoéff, et les
2269 3056 3135 3111 röles masculins soutiennent avec intelli¬
2270 3090 3131 3149 gence le jeu de Ludmilla Pitoéff. M.
2265 3131 3141 3177 Geno-Ferny est certainement le meilleur
2280 3168 3134 3237 des hommes, si j’ose dire, de cette comédie
2275 3204 3133 3260 bü M. Georges Pitoéff apparait sur le
2262 3236 3143 3308 stard, un bonnet à poils sous le bras, II est
2272 3295 3119 3344 parfait et nous aurions aimé le voir g af¬
2262 3319 3136 3386 fronter 2 sa femme un peu plus souvent..
2303 3372 3132 3418 Nous avons dit ce que nous pensions de
2254 3384 3132 3450 Ila mise en scène et des décors de M. Pi¬
2267 3432 3139 3502 toöff. II est hon d’étudier la technique scé¬
2272 3480 3133 3542 nique de Moholy-Nagy, qui est un artiste
2271 3513 3119 3566 qu’on ne peut contrefaire, mème génia¬
2247 3542 3123 3610 Uement; il est bon de s’inspirer des écrans
2252 3600 3121 3637 Jumineux perfectionnés par ie studio d’a¬
2263 3629 3134 3677 vant-garde Art et Action. Mais il est très
2250 3666 3126 3728 mauvais de ficeler tout cela avec Beetho¬
2258 3722 3126 3763 ven, Johann Strauss, Fredo Gardoni, Lu¬
2247 3746 3123 3812 gienne Boyer, et — comme le programme
2249 3782 3072 3845 Findique — le g möme aux lunettes #..
2294 3828 3115 3890 Cette plaisanterie, ou plutôt ce prélude
2246 3863 3129 3930 à une saison nouvelle, pourrait coüter cher
2243 3923 3126 3971 à la compagnie Pitoëff, si elle parvient à
2248 3962 3116 4009 réconcilier une Tois pour toutes M. Geor¬
2255 3994 3124 4058 ges Pitoëff avec les avant-gardistes-d’ar¬
2250 4024 2511 4097 rière-train.
2880 4066 3093 4140 M.-I. S.
