3436 4384
941 289 1403 398 box 19/2
240 289 804 412 11. Reigen
679 491 1525 573 JOBSERVER
803 582 1477 637 I. österr. behördl. konzessioniertes
738 623 1518 693 Unternehmen für Zeitungs-Ausschnitte
801 677 1442 751 WIEN, I., WOLLZEILE 11
881 733 1373 799 TELEPHON R-23-0-43
694 861 1082 959 Ausschnitt aus:
699 1075 858 1149 —
802 1139 1189 1232 N· DE OEB1T—
585 1249 840 1343 Errtroit de:
987 1202 1706 1362 LA REPURLIOUE
994 1338 1687 1438 RUE BLANCHE, 42, IX•
596 1352 802 1446 Adresse
584 1449 778 1541 Date
1040 1421 1578 1558 7 OCTOBRE 1932
601 1546 934 1651 Siqnafure
590 1653 928 1747 Krposition: —
1777 1659 1899 1740 ——
743 1781 2725 1919 Aux Ecoutes du Mande
633 1896 2863 1987 HIRETTNRETLTNTNERINITTNIITZARLIENNTRHSTT -SRLHITNRTTARINTRNEIEITITENETTRRERRETENTTTTTENETERRENTTTNERATRTEEABTRRENINEI
657 1984 2835 2178 Amour, terre trop connue ..
635 2283 2881 2335 Dans les trois pièces que j'ai vues de-Brulé n' étail pas ic vrai père, mais seu-] Arthur Schnitzler, qui jul l'un des
2105 2313 2854 2385 plus grands écripains autrichiens, a sa¬
1371 2319 2107 2379 lement T'amant de la mère de sa semme,
615 2329 1386 2404 puis la rentrée, il était un peu question
2112 2355 2875 2429 crijié ld au pessimisme romantique ei
1382 2376 2106 2430 d qui  cclie-ci avail allribué cette flat¬
622 2378 1374 2433 ##u jen du po-yo, et beaucoup question
2124 2409 2876 2470 freudien, II n'a pas été fäché d’humilier
1353 2415 2110 2495 teuse paternilé pour qu'il dotät mienr
617 2425 1030 2489 du jeu de Tamou.
2104 2458 2870 2527 un peu ses contemporains par le specia¬
1370 2467 1620 2542 son enfant.
663 2471 1381 2533 La première pièce mettait en scene
2110 2503 2881 2567 cie de leurs faiblesses, II savait bien!
621 2534 2109 2604 un secrétaire de commissaire de police, La troisième.,, la troisième ventre dans
2118 2542 2892 2620 qu à beaucoup dentre eur il ne déplatt
620 2578 2104 2651 naif ei pacisique poete par surcroit et#g calégorie de ce qu un de mes maitres
2119 2617 2876 2670 pas d'etre battus. Leur jaiblesse, lem
612 2626 2107 2698 presque, commme Ruy Blas, amoureure Sorbonne appelail jadis de la & gran¬
2114 2650 2868 2715 veulerie goütent fort la déjaite de l’in¬
617 2677 2109 2746 d’une éloile — en T’espéce la fille des de Art v. par l’élonnante mise en scène
2123 2692 2875 2771 telligence ei de la volonké... Si Vienne!
611 2726 2108 2782 son garde des Sceaur, Je zignale d ce fout au moins qui rappelle les meilleues
2112 2759 2886 2812 it mauvais accueil à la Ronde, c’est
620 2758 1381 2817 propos dur auteurs qui ne doivent pas
1369 2779 2115 2847 réalisations de Berlin et de Moscon,
2115 2794 2900 2850 qu elle jut jouée au lendemain de lat
620 2814 1378 2872 êire jamiliarisés avec la hiérarchie ad¬
1377 2829 2902 2916 sinon par la pspchologie et le dialogue Révolution de 1918, c’est d cause desß
615 2874 2113 2935 ministrative que c’est la place Beaucaufd’un modernisme u# théätre libre d’ily
2110 2891 2889 2966 Topinions démocratiques ei des origines de#
614 2922 2114 2990 ei non la place Wendöme qui aurait dug quarante ans v. qui ne doit guère faire
2112 2951 2877 3020 son aufeur, bien plus qu'd cause de son
625 2961 1033 3032 Eire mise en cause.
1370 2971 1897 3038 illusion au public parisien.
2116 2992 2250 3053 zujel.
653 2985 1394 3066 Tout finissait le plus jopeusement du
1408 3014 2124 3097 C’est la Ronde dont il vous jul parlé
611 3058 1377 3111 monde, d un bal mondain d'apaches, par
1385 3063 2131 3139 avant-hier. Ronde ou plutöt chaine de
2141 3048 2884 3134 Amour, teie trop connue 2 Non pas.
612 3101 1386 3180 le triomphe de la police et de T'amow.
1385 3116 2888 3193 Tamour, composée de dir chainons dont Seulement mal connue de ceux qui sen
2114 3171 2888 3244 tiennent aur aspecks conventionnels que
662 3196 2121 3283 La deuxieme piéce, signée Georges cing hommes et cing semmes se rencon¬
2118 3219 2889 3292 popularise ie théätre. Arthur Schnitzler,
612 3231 2127 3330 Berr et Louis Verneuil, traitait kout sim-gent, s'aiment, se quiltent, obéissant d
2118 3272 2878 3335 s il était allé plus loin dans äme de ses
613 3300 1387 3359 plement de Tamour d'’un père pom sa
1381 3309 2887 3392 ceite leurde et monotone Fatalilé que lesi personnages de la Ronde, y aurait de¬
624 3353 1384 3409 fille et mettait en scène leur nuit de
1387 3363 2131 3440 neurologues ei les poêtes décadents ont
2123 3373 2615 3437 couvert bien autre chose.
615 3390 1386 3446 noces qui causait bien queique trouble
1382 3403 2083 3466 mis à la place de l'Ananké antique.
2150 3390 2885 3474 El c’est le secret de la mise en scend
625 3437 1396 3514 5 M. André Brulé, ie père, mais parais¬
1426 3457 2891 3538 Amour — fere trop connue, powrait-des Pitoejj d'’avon laissé apercevofr, pas##
617 3481 1399 3574 sail koute natureile d sa gracieuse com¬
1387 3500 2122 3569 on dire. Amour si étrangemenk pareil,
2126 3515 2895 3578 delä le dialogue, soucent indigent, des
621 3541 795 3610 pagne.
1368 3558 2122 3616 quels que soient le cadee ei les acleurs.
2120 3562 2877 3624 horizons de ce pays qui pour beaucoup
682 3561 1372 3666 Heureusement, au dernier te, 16
1383 3599 2129 3670 L'homme est censé étre invoriablement
2120 3616 2794 3687 In' est pas kout d sait tere inconnue.
627 3623 1362 3711 morale ei notre pudeur Staient s es.
1369 3650 2137 3711 brutal, impatient, et puis & post coitum „
2443 3658 2837 3748 Pierre PARAF.
679 3682 1387 3753 Vous avez deviné que M. André
1382 3703 2142 3764 triste. La semme doit obligaloirement!
2735 3733 2891 3816 —
1394 3716 2350 3816 se faire beaucoup priee, afsicher une be—
1379 3801 2147 3867 lise sentimentale insinie, s'accrocher d
1387 3838 2144 3919 celm qui la # plaque #. je n'ose écriré
691 3809 1354 3939 Aux Ecoutes
1412 3883 1914 3961 post collum # insistante.
1419 3934 2143 4000 L’étreinte fugitive n'arice samais d
1386 3980 2149 4061 réunir les deur complices. IIs pomsuivem
731 3932 1308 4074 du Monde
1385 4030 2046 4100 leur route, ballottés par le destin.
670 4046 1397 4148 S
1414 4086 2152 4153 Et tous se ressemblent: le marin qus
1375 4133 2141 4191 Tbrutalise la jille dans T’escalier, lout en
688 4129 1364 4226 Messieurs les chirurgiens
1364 4181 2141 4250 Tallumant sa cigarette; ##eludiant quf lais¬
889 4194 1172 4280 desarmez
1382 4223 2164 4280 1se son  cmré de Thupothénuse ) pour“
977 4238 1382 4321 Sait - ou qufau mo¬
1376 4278 1914 4354 —
