3436 4384
307 147 963 237 11. Reigen
999 149 1446 227 box 19,2
2138 149 2820 222 Notes et Intormations
2149 264 2393 327 On annonce:
2142 315 2869 378 La rcapparition prochaine, a la téte d'un
2119 363 2857 403 grand theätre parisien, de M. Victor Sil¬
2122 393 2856 454 vestre, qui fut le dernier directeur du Vau¬
2119 429 2252 473 deville.
2207 456 2843 522 Cest lündi 26 septemhre, à 0 h. 15,
2116 506 2858 555 que I’CEuvre rouvre ses portes pour la répé¬
2117 553 2859 593 tition genérale de Corps d Corpr. de For¬
2105 580 2220 632 dyce.
2211 615 2871 685 Le Théätre des Variétés, pour ne pas
2115 658 2855 699 se rencontrer avec le Théätre de I’(Euvre, a
2119 696 2847 742 décidé de remettre à lundi 26, en matinée,
2687 731 2859 784 de MM.
2113 722 2682 777 la répétition générale d’Avril,
2113 765 2673 816 Georges Berr et Louis Verneuil.
2147 839 2857 901 Voici la distribution des Mousquetaires an
2102 857 2852 934 Convent, que reprend ce soir la Gaité-Ly¬
2109 912 2253 954 rique:
2137 923 2857 991 MM. Péraldi (Brissac, Duvaleix (Bridai¬
2107 967 2855 1030 #ne), Rozani (Gontran), Descombes (le Gou¬
2112 1016 2853 1060 verneur) Darnois (Pichard), Négerv (Lan¬
2107 1048 2849 1088 glois), Pérans (Farin), Rouchy (Rigobert),
2111 1085 2862 1133 Gillard (premier moine), Péronne (deuxième
2110 1115 2259 1165 moine).
2155 1150 2861 1202 Mmes Jane Laugier (Simonne), Maguy
2103 1184 2851 1225 Moreni (Marie), Simone Rouvière (Louise),
2106 1215 2856 1270 Nyssor (la Supérieure). Gaillard (Seur Op¬
2124 1253 2301 1298 portune),
2723 1251 2857 1296 Sutter
2320 1252 2718 1297 Cécyls (Jacqueline)),
2128 1289 2851 1331 (Jeanncton), Bérylie (Claudine), Valtenbach
2121 1324 2851 1362 (Margot), Donval (Agathe), Vaillard (pre¬
2117 1356 2799 1403 mière Scur), Morena (deuxième Scur)
2152 1369 2868 1450 Orchestre dirigé par M. Albert E. Ja¬
2117 1411 2229 1468 Cobs.
2142 1478 2858 1529 A LOPERA. — Demain soir, Rigoletto
2115 1519 2849 1560 (avec Mmes Noréna dans le röle de Gilda,
2124 1554 2859 1599 et Manceau dans celui de Madeleine; MM.
2121 1586 2850 1625 Singher et Bergnes dans ceux de Rigoletto
2112 1625 2851 1665 et du duc de Mantoue); et Coppélia, dansé
2121 1650 2397 1699 par Mlle Ceres.
2150 1727 2858 1776 A LA CoMlEpix-FRANçAIsE. — Demain, à
2110 1769 2850 1807 8 heures: cinquantenaire de la création des
2114 1802 2852 1837 Corbeaur (MM. Croué, Léon Bernard, dans
2105 1837 2859 1880 le röle de Tessier; Lafon, Lucien Dubosg,
2112 1870 2849 1913 Pierre Bertin, André Bacqué, M. Le Mar¬
2113 1904 2841 1941 chand, Le Goff, Claude Lehmann, Echou¬
2114 1938 2854 1986 rin, Mmes Suzanne Devovod, Marie Bell,
2110 1965 2847 2026 André de Chauveron, Catherine Fonteney,
2112 2002 2464 2048 Nizan, Jeanne Sully.
2144 2038 2851 2087 Apres le premier acte, des poèmes de
2113 2071 2844 2111 Henry Becque seront dits par MM. Léon
2114 2105 2850 2160 Bernard, Roger Momeaux, Mmes Andrée de
2123 2141 2561 2178 Chauveron, Jeanne Sully.
2148 2212 2855 2263 A L’OpEoy. — Ce soir, dans Le Chemi¬
2124 2258 2855 2304 neau, Mlle Denise Mellot jouera, pour la
2118 2283 2604 2340 première fois, le röle d’Aline.
2186 2332 2864 2387 Demain, en matinée: Le Rosaire, La
2119 2363 2382 2417 Nut d’octohre.
2137 2434 2863 2488 AU THEATRE SARAH-BERNHARDr. — Di¬
2109 2485 2859 2535 manche prochain, Ces Dames dur chapeaux
2119 2517 2857 2566 perts seront données en matinée avec l’inter¬
2116 2552 2559 2602 prétation de chaque soir.
2149 2631 2847 2676 La distribution du Scandale, à la Porte¬
2113 2660 2774 2707 Saint-Martin, est fixée ainsi qu'il suit:
2150 2693 2869 2745 Mme Vera Sergine (Charlotte Férioul),
2102 2733 2852 2775 M. Arquillière (Maurice Férioul), M. Ar¬
2107 2763 2858 2802 mand Bour (Parizot), M. Pierre Morin
2117 2800 2855 2843 (Jeannetier), M. Menaud (le Préfet), M.
2107 2830 2852 2875 Desmoulins (l'amiral Gravière), M. Ray¬
2098 2866 2851 2908 Roy (G. de Blrieux), M. Tiske (Raduel),
2081 2923 2842 2983 M. Marco Behar (Gruz). M. Scipion (le
2103 2954 2845 3013 chauffeur). Mme Neith-Blane (Mme Fé¬
2093 2984 2843 3043 rioul mère), Mme Simone Lencret (Mme
2099 3034 2857 3076 Auger), Mme Dylma (Margardiou), Mme
2084 3073 2859 3101 " L. Montlaur (Mlle Blanquette), Mme Meu¬
2092 3096 2849 3148 nier (Miss), Petite Jacqueline Pacault (Mar¬
2050 3123 2842 3176 ## thon Férioul), Petite Lulu Pacault (Riquet
2042 3149 2098 3188 200
2100 3163 2845 3226 Férioul), M. Samson Fainsilber jouera le
2083 3186 2392 3246 röle d’Artanczzo.
2114 3258 2848 3339 Dans la pièce de M. Arthur Schnitzler,
2093 3326 2850 3372 que le Théätre de l’Avenue monte en-ce mo¬
2091 3362 2837 3394 ment, Mme Ludmilla Pitoéff incarnera cing
2095 3384 2838 3444 types de femmes différentes. Le titre de la
2086 3419 2837 3491 piece est Za Ronde. La date retenue pour la
2083 3450 2590 3506 générale est le 28 septembre.
2121 3537 2824 3605 Paris-Midi donne des détails sur Auril, de
2082 3566 2823 3627 MM. Georges Berr et Louis Verneuil. dont
2085 3611 2825 3672 ia répétition générale doit avoir lieu lundi
2079 3653 2824 3693 en matinée, ainsi que nous l'annonçons plus
2076 3681 2831 3738 hautiF est question d’un père que les
2087 3720 2828 3772 circonstances aménent à épouser sa propre
2079 3745 2189 3799 fille.
2510 3765 2570 3819 —
2112 3807 2830 3884 Cendrülon, féerie à grand spectacle, de
2073 3850 2831 3914 Robert Desarthis, sera donnée, en représen¬
2067 3878 2825 3951 tation de gala, demain samedi, à z heures,
2073 3924 2819 3991 au pare Montscuris, par les illustres Marion¬
2077 3956 2569 4021 nettes du Théätre Guignolia.
2614 3980 2788 4059 R. D.
