3436 4320
282 171 867 272 11. Reigen
984 164 1428 252 box 19/2
1239 577 2084 712 „OBSERVER
1343 668 2040 758 I. österr. behördl. konzessioniertes
1304 706 2062 810 Unternehmen für Zeitungs-Ausschnitte
1377 768 2011 862 WIEN, I., WOLLZELE 11
1456 829 1930 914 TELEPHON R-23-0-43
1271 991 1643 1069 Ausschnitt aus:
1661 1040 2007 1145 Der Tac, Wien
1643 1092 2147 1216 21.0kl. —
1343 1256 2190 1361 Bühne und Kunst
1269 1387 2184 1493 Arthur Schnitzlers „Reigen“ in Paris
1391 1481 2180 1553 Der Gedänte, Schnitzler „Reigen“ au einer¬
1308 1537 2176 1601 Pariser Bühne zu bringen, geht auf Antoin¬
1313 1582 2186 1652 den großen französischen Theaterleiter, zurück.
1304 1632 2183 1699 Antoine, der schon vor dreißig Jahren das Pa¬
1298 1690 2180 1727 riser Publikum mit Schnitzler durch die Insze¬
1306 1725 2177 1793 nierung des „Grünen Kakadu“ auf der Bühne
1295 1775 2169 1845 des Théatre Libre bekanntgemacht hatte, begte
1290 1820 2168 1887 seit langem den Plan, die zehn Dialoge des
1302 1858 2170 1942 „Reigen“ aufzuführen. Anläßlich der jetzt stait¬
1297 1928 2171 1991 gefundenen Premiere hat er sich in einem Artikel
1289 1978 2163 2032 des „Journal“ darüber ausgesprochen und er¬
1287 2018 2163 2077 klärt, warum es seinerzeit zu der geplanten Aus¬
1297 2066 2180 2133 führung nicht gekommen war: „So gerne ich den
1286 2114 2177 2164 „Reigen“, den ich für ein Meisterwerk halte. ge¬
1289 2165 2181 2222 spielt hätte, konnte ich über die Schwierigkeiten
1295 2197 2190 2273 der Inszenierung nicht hinwegkommen. Etwas
1290 2241 2172 2321 En scheidendes mußte erfunden werden, und ic
1283 2301 2168 2366 versagte. Mit Ungeduld warte ich auf die Pri¬
1282 2349 2166 2418 miere Pitoeffs, glücklich, daß ein jüngerer Kol¬
1286 2400 2168 2461 lege sich zum „Reigen“ bekannt hat und gespannt,
1274 2454 2173 2518 zu erfahren, auf welche Weise er der Sache bei¬
1287 2488 1567 2549 gekommen ist.“
1308 2534 2161 2612 Diese offene Erklärung des großen Antoine
1263 2604 2151 2656 wirkte innerhalb der Pariser Theaterwelt gerade¬
1264 2653 2170 2706 zu sensationell und die Zeitungen bestürmten
1261 2698 2153 2770 Pietoff, er möge ihnen die Details seiner Insze¬
1262 2750 2154 2815 nierung verraten. Es mußte etwas Außerordent¬
1266 2799 2166 2860 liches sein: ein Werk, dessen Schwierigkeiten selbst
1259 2835 2161 2910 den kühnen Antoine zurückgeschreckt hatten! Und
1267 2882 2147 2961 in der Tat, es wurde etwas Außerordentliches!
1255 2941 2147 3013 Pitoeff verriet vor der Aufführung zwar nichts
1264 2993 2153 3058 über seine eigene Arbeit, aber er sprach von
1258 3036 2158 3110 seiner Beziehung zu Schnitzler und zum
1253 3081 1459 3143 „Reigen“:
1290 3131 2137 3202 „Schnitzlers Werk ist mir durchaus vertraut.
1244 3194 2137 3263 Ich habe alle seine Schriften in meiner russischen
1243 3247 2148 3301 Heimat gelesen. Es war immer mein Traum,
1248 3291 2137 3357 gerade den „Reigen“ aufzuführen, denn ich liebe
1245 3341 2147 3404 dieses Werk ganz besonders. Warum sollen diest
1239 3396 2138 3456 zehn Bilder anstößig oder gar unsittlich sein?
1238 3427 2137 3503 Zehn Menschen treibt der Hunger nach Glück, die
1239 3488 2132 3550 Sehnsucht nach Liebe; und zehn Menschen bleiben
1236 3526 2135 3594 enttäuscht zurück: in einer flüchtigen Umarmung
1238 3580 2128 3645 haben sie nur ein Trugbild der Liebe kennen ge¬
1242 3627 2132 3699 lernt. Frivol, anstößig, könnte nur eine allzu
1226 3668 1824 3736 veristische Inszenierung wirken.“
1272 3721 2117 3796 Dieser Gefahr ist Pitoeff allerdings mit be¬
1223 3788 2119 3837 wundernswerter Kunst ausgewichen. Seine In¬
1228 3833 2116 3893 szenierung ist niemals „realistisch“. Sie bringt
1226 3879 2123 3959 die zehn typischen Situationen in einem stilisier¬
1219 3927 2118 3995 ten Rahmen, der die einzelnen Dialoge gleichsam
1223 3989 2122 4039 aus der realen Sphäre in eine symbolische hinauf¬
1224 4025 2114 4090 hebt. In phantasievoller Weise versteht es Pitoeff,
1218 4075 2120 4141 die Dialogstellen szenisch zu gestalten, die im Buch
1218 4113 2107 4176 durch Gedankenstriche ausgedrückt sind. Hier liegt
2196 1219 3077 1290 gen ein Beweis für die überraschende Verwand¬
2213 1279 3069 1344 lungsfähigkeit der großen Menschendarstellerin ist.
2205 1322 3097 1392 Pitoeff selbst gibt den Grafen mit komischer
2202 1378 3074 1440 Trockenheit, die das Publikum zu wahren Lach¬
2203 1419 3086 1497 stürmen hinreißt. Herr Salou als junger
2206 1470 3086 1531 Mann und Dichter, Herr Dagand als Soldat,
2204 1513 3086 1594 Herr Geno=Ferny als Gatte, bilden die
2204 1564 2832 1630 würdigen Partner des Ehepaares.
2226 1610 3077 1679 Die Pariser Kritik bereitete dem Werk des
2194 1654 3075 1729 österreichischen Dichters die denkbar freundlichste
2195 1718 3082 1780 Aufnahme. Die Verwandtschaft von Schnitzlers
2195 1764 3070 1824 Geist mit französischem Esprit wurde rühmend
2190 1810 3079 1884 hervorgehoben. Der feine Dialog, die köstlichen
2184 1849 3073 1921 Situationen und der unerschöpfliche Humor fan¬
2185 1910 3077 1966 den ebensoviel Verständnis wie die tiefe Melan¬
2195 1950 3073 2025 cholie, von der diese anscheinend so heitere und
2188 2005 2981 2072 unbeschwerte Szenenreihe überschattet wird.
