3484 4384
292 282 971 378 11. Reigen
995 264 1449 364 box 1972
2119 242 2830 305 Quelle soirée pour Mme Ludmilla
2070 286 2828 351 Pitoöff, qui, de neuf heures du soir
2071 329 2839 393 à minuit, tour à lour pierreuse,
2070 382 2836 427 femme de chamhre, femme du
2080 420 2838 468 monde, actrice, midinette, demi¬
2085 470 2831 523 mondaine, passe successivement ei
2072 507 2829 573 avec quelle brusquerie des bras de
2086 553 2837 609 deux jeunes gens dans ceux de
2082 597 2839 646 deux barbons, et d'un marin, ei
2079 641 2843 704 d’un auteur dramatique et d’un
2078 685 2561 746 offlcier de la garde.
2200 715 2827 787 Je dis toujours la mème
2083 765 2839 833 chose parce que c’est toujours ia
2082 834 2846 877 méme chose.. 9, — mais alors est¬
2075 861 2850 920 il bien nécessaire de le dire, et
2085 901 2618 961 surtout de le montrer ?
2122 940 2833 1010 Cette série de duos entre un mon¬
2085 993 2843 1044 sieur et une dame, qui se termi¬
2085 1044 2848 1090 nent tous sur la méme fausse nôte,
2078 1081 2850 1145 donnent une impression, d’ailleurs
2079 1123 2845 1196 voulue par l’auteur, de monolonie
2078 1170 2848 1224 désolante, un peu révoltante aussi:
2092 1213 2841 1268 et quand on consent à nous parler
2091 1256 2846 1322 d’autre chose, à nous intéresser à
2083 1292 2854 1363 autre chose, oh! ne füt-ce qulün
2080 1354 2844 1398 moment, avec quel empressement
2089 1405 2845 1445 mous nöus divertissons, par exemple,
2095 1443 2843 1498 de la vanité de cet homme de leis
2087 1476 2657 1538 tres et de cette actrice h
2130 1518 2854 1581 L'attrait de la soirée réside pour.
2093 1573 2847 1623 la plus grande part dans les trans¬
2082 1614 2853 1672 formations de Mme Pitoöff,éton¬
2080 1660 2856 1722 nanie de variété, de vérité# et de
2091 1710 2857 1749 charme, et dans les aspectsndiffé¬
2081 1740 2857 1815 rents qu’elle prête ich à l’éternel fé¬
2097 1791 2249 1841 minin.
2132 1815 2861 1895 Mais pourquoi l’éternel, masculin
2091 1875 2849 1938 m’est-il pas représenté, lui aussi, par
2089 1932 2848 1977 un seul interprête, et pourquoi M.
2097 1963 2848 2017 Pitoöff, au lien de se contenter d’é¬
2087 2015 2863 2065 tre, avec beaucoup de gravité dans
2095 2058 2850 2103 la bouffonnerie, ce noble officier au¬
2100 2094 2856 2143 trichien en grand uniforme, ast-ihr
2094 2146 2849 2197 pour les äutres röles, délégué ses
2098 2184 2859 2251 pouvoirs à quatre acteurs, degsa
2092 2225 2860 2296 compagnie, dont l’un, il est vrai, M.
2103 2267 2871 2327 Louis Salout, le jeune homme #f
2099 2312 2864 2365 I'homme de lettres, est tout à fait
2104 2353 2872 2428 remarquable, naturel, intelligent,
2104 2406 2326 2474 plaisänt.
2137 2449 2859 2508 Seule contre einq, la victoire de¬
2100 2486 2871 2557 meure à Mme Pitoöff, dans ce récilal
2110 2542 2495 2609 Ludmilla. Pitoöff..
2438 2569 2510 2642 62
2130 2603 2882 2683 Encore une u Chauve. Souris 9#
2100 2670 2870 2742 Hélas ! il manque à celle-elgehur
2105 2717 2876 2779 s’intitule #le Karoussel n, d’abord
2101 2773 2856 2824 l’élément de nouveauté et de sur¬
2105 2808 2864 2877 prise de la première Chauve-Sou¬
2110 2867 2230 2912 7is
2138 2891 2863 2964 Mais surtout, ou sont les trouvail¬
2096 2939 2852 3004 les de décors et les merveilles. d’é.
2096 2983 2863 3047 clairage, ce gout ingénleux et par¬
2107 3036 2853 3109 fait dans la présentation des ta¬
2109 3076 2319 3138 bleaux?
2137 3105 2861 3182 Ce n’est pas que toute da tröupé
2103 3162 2853 3217 ne se donne beaucoup de mal, et elle
2100 3213 2856 3255 comporte notammentedescehanteurs¬
2107 3233 2864 3312 doués de belles voix, un Tort# ténor.
2106 3296 2857 3362 en particulier, qui chante vraiment
2102 3336 2859 3391 fort, une danseuse agréable, Mme
2103 3378 2844 3432 Koudriavtzava, et un danseur ex¬
2106 3422 2858 3480 pert, M. Koudriavtzeff, (mais, pour¬
2104 3470 2859 3542 quoi, parii la frénésie de ses dan¬
2112 3516 2656 3570 ses, a-t-il cet air triste?)
2141 3559 2862 3621 Entre chaque tableau, Toratenn
2102 3604 2856 3658 de la troupe, qui s’efforçait à notts
2103 3657 2873 3700 faire rire avec ses plaisanteries et
2114 3692 2774 3750 son accent russe, a démontré c
2107 3723 2859 3800 n’était pas si facile que ça de cißer
2108 3782 2872 3836 entre le public et l’avant-scène 60
2112 3824 2874 3888 courant de sympathie spontanée on,
2192 3869 2857 3917 a Vous n’avez rien contre 2.,, #,
2102 3920 2865 3965 — triomphait mystérieusement la
2107 3953 2867 4004 rondeur et la viilgarité de M. Baliefl.
2118 3997 2871 4054 Ce n’est pas qulici nous ayons rien
2118 4039 2860 4112 contre, — mais, non plus, Hous n'a¬
2120 4091 2489 4154 vons rien pour.
2496 4106 2846 4180 FRANC-NOHAIN.
2399 4131 2454 4200 81
2360 4194 2506 4250 Wee ahankan
