3484 4384
2161 266 2925 321 ne vois pas, d’ailleurs, dartistes fein¬
775 257 2916 324 ncuntrer: Lingenieuse misc en sceue de M. me, à Theure présente, qui edt pu
689 281 2149 369 Papprocher, s’unir daps une breve! Piloöff. Chaque tableau a sa
2157 343 2915 387 être à ce point multiple et faire
693 327 2915 429 #reinte, fant-i retenir une idéehsaveur particulière; s’il fahlaltfbeaucoup mienx dans la réalisation
675 364 1433 447 genérale, un sens philosophique?.
1425 390 2915 469 Taire un choix, je crois bien que d’untel effort.I edt fallu une Réjane.
689 420 765 468 4
751 424 1424 482 mesure qu’on monte dans
1423 430 2925 518 je préférerais celui de la femme Quoi qulil en soit, cette création des
675 466 1427 526 l’échelle sociale, les rencontres
1422 478 2904 544 du monde et du jeune homme, vic- eing personnages féminins de La
669 498 1427 567 amoureuses se compliquent; on
1423 526 2924 587 time diune défaillance passagère, Honde Comptera parmi les plus in¬
682 550 1431 606 volt le simple désir de la fille et
1422 562 2926 625 et ceux très ironiques, qui meitent téressantes de Mme Pittoéff, sensible
669 593 1427 658 du soldat se melangerchez les au¬
2160 600 2926 669 el fremissante avec cette gamme
1417 605 2913 707 aux prises l’homme de lettres va-[gexpressions qui sont un des char¬
672 640 1424 700 tres personnages de vanité, de ja¬
1421 642 2715 717 niteux, d’abord avec une mid-mes et l'atout de son jeu.
666 673 1421 740 lousie, de duplicité, de méfiance,
1431 699 2071 759 nette, puis avec une actrice.
2200 702 2928 779 M. Georges Pitoeff se contente, en
669 730 1429 774 de lächeté I.,, Mais au bout du
1447 752 2915 815 La psychologie des personnages tant que comédien, de la composi¬
675 776 1419 832 compte, tout aboutit au méme.
2165 787 2923 860 tion du comte, personnage ampoulé
669 807 1416 869 point: l’étreinte, le piaisir bref,
1419 795 2916 897 parait assez simpliste, assez breve, et automatique, qulil monta en burg
1418 837 2908 928 mais elle pourrait éire à proion-jesque avec un sens de l'humour et
667 855 1419 908 la jouissance physique. Une fois
1419 885 2918 968 gements, et avec un peu de bonne un respect de cette ironie, très vien¬
667 903 1411 950 leur désir assouvi, le jeune hom¬
1414 925 2904 1010 volonté, on y verrait un raccoureinoise, qui luj valurent un vif sue¬
664 935 1416 1008 me, la femme du monde, l’actrice,
1425 957 2281 1032 de la comédie humaine, au bordcès.
659 980 1419 1039 le comte, se séparent tout comme
1422 1010 2177 1070 d’un lit. Bien qu'il soit infiniment
2266 990 2915 1079 Raymond Dagand silhouette
663 1020 1417 1088 la fille et le soldat, et s’éloignent,
1416 1038 2605 1104 plus facile d’écrire une suite de dans und note tres r##
2815 1062 2919 1133 elit
669 1066 2472 1156 aussi étrangers l'un à Pautrei scènes dialoguées que de compo-marin épris de
659 1101 2157 1191 qu'avant leur rencontre.,, IIs ont'ser une véritable pièce, La Ronde
2159 1129 2429 1181 gans s’alourd
2182 1167 2416 1218 M. Louis
656 1155 2163 1237 peut-étre poursuivi un réve, aspiré #n’en est pas moins une cuvre de
2151 1179 2414 1266 excellent en
657 1201 1404 1265 au bonheur, mais le résultat est
1411 1223 2157 1288 valeur, de qualité; telle qu'elle est
2144 1241 2348 1294 rapides
652 1247 1409 1295 que, quelles quessoient „les diffé¬
1417 1261 2156 1330 prösentée au Théätre de l'Avenue,
2146 1278 2321 1337 homme
652 1287 1410 1352 rences sociales, tous les hommes.
1418 1314 2305 1373 elle constitue un spectace plein teur#et
663 1330 1412 1391 et loutes les femmes se ressem¬
1410 1345 2283 1422 d’intérêt, et qui vaut la peine d’etre comig
655 1366 2150 1460 blent, les uns mufles, égolstes, vu. On pourra y constater en
661 1414 1413 1483 goujats, les antres perfides et
2142 1428 2234 1483 Fer
1404 1435 2151 1519 méme temps qu'à bien des égards,
2141 1470 2227 1517 que
651 1467 2082 1558 jouant une comédie.. Cetle vision Schnitzler fut un précurseur.
651 1508 1423 1578 pessimiste et désenchratée de
1792 1529 2114 1600 Etienne Rur.
2123 1540 2190 1603 p
649 1549 1418 1628 Thumanité date bien de l’époque
656 1582 939 1652 naturaliste.
2596 1572 2889 1648 eur arbitraire
2442 1631 2885 1687 nt très réussis. On ari
696 1630 1416 1699 Gette suite de skeiches pourrait
1551 1619 2016 1693 L’interprétation
2512 1666 2895 1724 lettre de feu an¬
655 1668 1410 1739 étre affreusement triste, et consti¬
2424 1696 2894 1764 hôtel pour marquer le
657 1724 1402 1779 tuer comme une sorte de danse
1429 1712 2431 1781 Chez M. Georges Pitoöff la présen- passage au d
2483 1739 2882 1797 des héros, et à une
656 1760 1399 1828 macabre de l’amour, si Schnitzler,
1409 1750 2888 1847 tation d’un ouvrage égale en impor-fmise en scène n’exoluant pas le trés
1413 1806 2154 1850 tance le texte, le submerge méme,
2152 1807 2446 1875 actuel yo-yo.
653 1818 1388 1880 et également l’interprétation des
1393 1827 2164 1898 pourrait-on dire. Lattrait visuel doit
2612 1849 2820 1923 Anmont
641 1845 832 1936 SEEARENA
1393 1880 2162 1940 dominer, à la réplique de faire le
1400 1912 2169 1989 reste. Indiscutablement, la eréation
1389 1962 2152 2015 d’une pièce par ses soins est tou¬
1385 1997 2162 2058 jours un événement. II apporte dans
1397 2027 2144 2092 le décor, dans le jeu des éclairages
1385 2060 2146 2127 une originalité constamment renou¬
1391 2108 2154 2160 velée, II est un maltre de la couleur,
1389 2148 2155 2203 du trait qui frappe. Rien de ce qu'il
1396 2186 2156 2238 lente ne saurait, par conséquent nous
1387 2220 2153 2269 laisser indifférent. C’est beaucoup.
1390 2266 2153 2329 Cependant si réussi, si ingénieux
1398 2293 2159 2357 jurait été chacun des tableaux qu'il
1387 2342 2161 2403 nous a donnés de la pièce de Schni¬
1385 2374 2159 2418 zler, utilisant le cubisme assagi et
1385 2421 2154 2475 ane synthése toute shakespearienne
1386 2464 2157 2519 parfois, pour indiquer un change¬
1385 2497 2154 2551 ment. d’endroit, je n'ai pu m’empé¬
1393 2528 2167 2585 cher de noter quelque lassitude du
1391 2567 2154 2624 fait de cette originalité méme. C’est
1390 2611 2150 2664 ld un art qui nous a séduits, nous
1388 2638 2151 2698 a amuses par sa violence, son carac¬
1375 2669 2149 2734 lère d’importation. Ces décors comme
1385 2717 2156 2782 des jouets modernes, en agrandisse¬
1374 2759 2150 2823 ment de ces guignols pour enfants,
1388 2790 2160 2853 zes lumières vives, ces acteurs qui,
1375 2832 2146 2887 la-dedans, vont et viennent en au¬
1373 2872 2144 2927 lomates, tout cela crée une atmos¬
1380 2907 2146 2956 phère d’artificiel, voulue évidem¬
1384 2941 2155 3009 ment, mais par trop atmosphèreipoun
1378 2975 2147 3046 drogués. Oui, cet art que nous avons
1380 3025 2140 3081 accueilli avec une curiosité sympa¬
1378 3054 2147 3115 thique, on s’aperçoit brusciement
1377 3102 2138 3159 qu'il a vieilli. Peut-étre ne saurait¬
1439 3144 2150 3191 convenir, longtemps à notre na¬
1372 3176 2136 3238 ture latine. La France reste de par
1378 3210 2144 3268 son climat, de par son ciel méine,
1378 3250 2128 3305 un pays de goüt, de mesure. On y
1380 3288 2143 3345 sent aussi obscurément qu’il est
1371 3328 2145 3390 heure de se désintoxiquer. Tout ce
1367 3360 2149 3420 qui sera baroqusgelinquant, impro¬
1374 3402 2148 3459 visé ne plaira plüs que l’espace d’un
1378 3433 2133 3491 matin. Rassurons-nous quant à M.
1364 3463 2138 3523 Pittoëff. II a trop de ressources pou¬
1368 3515 2142 3573 ne pas trouver du nouveau en har¬
1362 3545 2131 3606 monie avec nos exigeances. II est un
1367 3592 2138 3653 véritable artiste, il ne saurait étre
1367 3625 2139 3687 inférieur dans aucune conception n)
1362 3662 1617 3722 évolution.
1402 3710 2127 3770 Mme Ludmilla Pittoöff n’est plus
1367 3733 2136 3808 à discuter à Paris, qui l'a adoptée et
1367 3794 2127 3846 qui l’aime. Elle a assumé une tache
1364 3823 2119 3893 particulièrement difficile ou sa sou¬
1361 3865 2127 3926 plesse, sa fantaisie très étudiée se
1361 3897 2136 3962 sont montrées une fois de plus. II
1364 3940 2130 3995 s’agissail, pour elle, de se modifier
1359 3967 2130 4038 constamment, IIy avait, malgré tout,
1345 4017 2127 4082 dans ce qui fait la personnalité de
1355 4054 2127 4124 celte artiste, sa voix chantante, son
