3484 4320
1281 90 2157 155 mitere Pitdeffs, glucklich, daß ein jüngerer Kol¬
1267 142 2150 195 lege sich zum „Reigen“ bekannt hat und gespannt
1273 190 2170 244 zu erfahren, auf welche Weise er der Sache bei¬
1269 237 1545 297 gekommen ist.“
1307 290 2164 347 Diese offene Erklärung des großen Antoine
1272 342 2153 390 wirkte innerhalb der Pariser Theaterwelt gerade¬
1263 393 2157 451 zu sensationell und die Zeitungen bestürmten
1265 438 2154 506 Pietoff, er möge ihnen die Details seiner Insze¬
1260 489 2167 553 nierung verraten. Es mußte etwas Außerordent¬
1268 548 2165 595 liches sein: ein Werk, dessen Schwierigkeiten selbst
1266 589 2162 637 den kühnen Antoine zurückgeschreckt hatten! Und
1271 635 2159 689 in der Tat, es wurde etwas Außerordentliches!
1258 680 2159 745 Pitoeff verriet vor der Aufführung zwar nichts
1268 727 2156 795 über seine eigene Arbeit, aber er sprach von
1253 784 2153 849 seiner Beziehung zu Schnitzler und zum
1263 832 1469 889 „Reigen“:
1301 883 2154 944 „Schnitzlers Werk ist mir durchaus vertraut.
1249 933 2161 997 Ich habe alle seine Schriften in meiner russischen
1253 999 2155 1038 Heimat gelesen. Es war immer mein Traum,
1260 1030 2160 1094 gerade den „Reigen“ aufzuführen, denn ich liebe
1263 1082 2162 1124 dieses Werk ganz besonders. Warum sollen diese
1253 1128 2151 1190 zehn Bilder anstößig oder gar unsittlich sein?
1260 1188 2145 1235 Zehn Menschen treibt der Hunger nach Glück, die
1264 1276 2150 1321 enttäuscht zurück: in einer flüchtigen Umarmung
1258 1326 2151 1388 haben sie nur ein Trugbild der Liebe kennen ge¬
1263 1369 2146 1425 lernt. Frivol, anstößig, könnte nur eine allzu
1254 1420 1854 1482 veristische Inszenierung wirken.“
1283 1465 2148 1536 Dieser Gefahr ist Pitoeff allerdings mit be¬
1249 1538 2138 1584 wundernswerter Kunst ausgewichen. Seine In¬
1260 1572 2149 1621 szenierung ist niemals „realistisch“. Sie bringt
1254 1617 2150 1681 die zehn typischen Situationen in einem stilisier¬
1258 1656 2149 1726 ten Rahmen, der die einzelnen Dialoge gleichsam
1246 1727 2148 1774 aus der realen Sphäre in eine symbolische hinauf¬
1253 1762 2152 1825 hebt. In phantasievoller Weise versteht es Pitoeff,
1244 1815 2145 1877 die Dialogstellen szenisch zu gestalten, die im Buch
1256 1868 2142 1923 durch Gedankenstriche ausgedrückt sind. Hier liegt
1256 1912 2135 1975 für jede Bühnendarstellung des „Reigen“ natur¬
1255 1961 2127 2014 gemäß die Hauptgefahr, die in der Pariser Auf¬
1249 1998 2137 2063 führung allerdings als gar nicht vorhanden er¬
1249 2049 2138 2111 scheint. Durch verschiedene Arrangements, man
1246 2110 2139 2169 könnte fast sagen Tricks, gelingt es Pitoeff, das
1247 2155 2134 2219 Liebespaar immer in dem heikle Moment den
1244 2208 1902 2264 Augen des Publikums zu entziehen.
1281 2260 2139 2317 Ein Beispiel möge dies verdeutlichen: Das
1248 2310 2134 2373 zweite Bild (Der Soldat und das Stubenmäd¬
1247 2359 2128 2419 chen). Wir sehen vor uns die Front eines schäbi¬
1247 2408 2122 2480 gen Hotels; durch die geöffneten Fenster blickt
1239 2454 2124 2514 man in den hell erleuchtenn Tanzsaal. Eng um¬
1240 2509 2125 2562 schlungene Paare schieben sich durch den Raum,
1237 2557 2119 2599 eines von ihnen, der Soldat und das Stuben¬
1239 2597 2129 2663 mädchen. Nach den ersten Worten verschwinden
1246 2648 2125 2710 die beiden und einige Sekunden darauf flammt
1244 2704 2125 2760 das Licht in einem Kellerfenster auf. Dorthin hat
1243 2746 2125 2808 der Soldat das Mädchen verschleppt, dort ver¬
1236 2801 2125 2854 führt er sie. Nun sieht man nur mehr die tan¬
1240 2844 2118 2898 zenden Paare im Ballsaal; nach kurzer Zeit aber
1234 2894 2123 2949 taucht das Liebespaar im Keller wieder auf und
1240 2948 2126 2997 der Dialog wird zu Ende geführt. — Oder das
1235 2990 2130 3038 achte Bild: (Der Dichter und die Schauspielerin.)
1240 3038 2132 3093 Wieder haben wir vor uns die Front eines
1235 3089 2130 3149 Hauses, und zwar eines scheinbar ebenerdigen.
1235 3130 2125 3193 Wir folgen dem Gespräch der zwei Menschen bis
1235 3183 2129 3234 zu dem Moment der Gedankenstriche. In diesem
1231 3234 2130 3290 Augenblick hebt sich das Gebäude, das untere
1233 3284 2129 3343 Stockwerk wächst aus dem Boden heraus und das
1228 3322 1892 3394 Liebespaar ist unsichtbar geworden.
1274 3393 2124 3448 Es ließe sich viel über die geradezu unerschöpf¬
1236 3435 2118 3494 liche Erfindungsgabe des Regisseurs Pitoeff
1236 3483 2114 3536 sagen, aber da die Möglichkeit besteht, daß das
1234 3533 2116 3593 Wiener Publikum die Pariser Inszenierung des
1226 3575 2122 3636 „Reigen“ im Verlauf eines Gastspiels des
1238 3632 2110 3675 Pitoeffschen Ensembles kennenlernt, wollen wir
1241 3678 2117 3734 den lebendigen Eindruck der Aufführung nicht
1239 3727 2117 3772 durch Beschreiben vorwegnehmen. Nur noch ein
1229 3780 2117 3832 Wort über die schauspielerischen Leistungen.
1227 3827 2113 3873 Außerordentlich die der Frau Ludmilla Pito¬
1231 3875 2131 3925 eff, die alle fünf Frauenrollen der Dialogreihe
1218 3918 2114 3987 verkörpert, ein Wagnis, dessen völliges Gelin¬
