3436 4384
977 258 1421 345 box 19/2
272 264 925 357 11. Reigen
493 845 1317 953 BOBSERVER'
570 933 1262 1005 I. österr. behördl. konzessioniertes
541 985 1292 1047 Unternehmen für Zeitungs-Ausschnitte
604 1038 1221 1117 WIEN, I., WOLLZEILE 11
676 1103 1151 1163 TELEPHON R-23-0-43
488 1223 843 1297 Ausschnitt aus:
469 1438 630 1525 vom:
457 1525 685 1589 Ertratt de
691 1541 1326 1626 BULLETIN DES HALLES
463 1610 1334 1701 Adresse 33, RUE J.-J. ROUSSEAU, 33
462 1722 1194 1828 ouse 4 CbIUBRE 1932
466 1837 1365 1906 Siqnature
456 1912 1366 2010 Errposiiion
609 2002 1226 2107 THRONIOUE THEATRALE
598 2093 1234 2178 ET CINEMATOGRAPHIOUE
522 2193 1351 2263 THEATRE DE L’AVENUE. — La Ronde,
488 2230 899 2285 de Arthur Schnitzler.
521 2283 1351 2332 Arthure-Sehaltslensgallemand, mais en
482 2314 1339 2370 intellectualité il ne saurait y avoir de patrie.
525 2347 1360 2399 Qu'on pense ce que l’on voudra de La
477 2378 1346 2436 Ronde, a mon avis j’ostime que l’auteur,
486 2424 1357 2466 doué d’une imagination exubérante, a écrit
472 2444 1354 2490 la une cuvre de haute portee philosophique.
468 2492 1351 2538 Le tout est de la comprendre, ce qui est fa¬
468 2508 1265 2567 cile aux raftinés. Pour le reste, hum I...
510 2549 1346 2596 La Ronde est une pièce naturaliste et.
478 2579 1352 2635 sckuelle qui comporte dix actes, ou plutôt
476 2614 1341 2666 dix scènes, soit dix tranches de vie palpi¬
478 2655 1338 2700 tante amenée jusqu'à la plus réaliste des
471 2686 1344 2728 conclusions, conclusion que ne démentiralt
476 2715 1340 2773 pas Freud, le famenx psychologue des mor¬
480 2751 1345 2819 bidesses sensorielles latentes en chacun de
465 2780 618 2826 Holls.
515 2806 1333 2868 C’est Georges Pitoeff, comme à l'habitude,
467 2860 1346 2893 qui, en directeur et comédien d’avant-garde,
470 2888 1353 2938 unique en son geure, a donné La Ronde en
473 2927 1341 2959 son Théätre de l’Avenue, obtenant un suc¬
464 2955 1336 2995 ces que lui, son admirable épouse et ses col¬
475 2986 1338 3039 laborateurs de choig ont mérité ainsi que
476 3025 1337 3076 le public s’est empressé de le leur démon¬
465 3052 1081 3103 trer par sès applaudissements.
497 3078 1324 3138 Je u’analyserai pas la pièce d’Arthur
471 3122 1340 3173 Schnitzler. traduite par Suzanne Clauser
472 3148 1337 3201 avec tant de sincérité; ce serait gäter votre
466 3189 1331 3239 surprise et atténuer l’émotion que vous res¬
466 3214 1344 3269 sentirez à la merveilleuse, charnelle et hu¬
470 3255 1346 3307 maine interprétation de Ludmillia Pitoeff
460 3290 1333 3339 qui a su étre plusieurs femmes diverses in¬
461 3316 1330 3369 tensément vrales, en donnant à chacune
467 3348 1336 3394 d’elles le maximum de féminité. Georges
460 3388 1341 3441 Pitoeff joue en Pitoeff; c’est tout dire: son
465 3428 1331 3456 äme de comédien sait se montrer dans le
464 3453 1324 3507 personnage qu'il incarne. Clande Ferny et
459 3488 1334 3548 Louis Salon se placent au rang des grands
460 3512 644 3557 artistes.
502 3525 1319 3604 En des décors d’une couleur d’une origi¬
464 3582 1321 3637 naltté digne de la pièce, les dix, scènes de
456 3615 1343 3679 Lo Ronde évolnent, lecon äbretenir. car elles
458 3648 1329 3697 comportent une vérité criante, à crier à no¬
460 3677 1329 3737 tre énoque Thrnocrisie sexuelle afin d’en
460 3716 1327 3777 arriver à plus de franchise envers nons tet
454 3745 859 3792 envore nos enfants.
492 3779 1338 3846 Aiontons que rien dans La-Ronde n’est
453 3808 1329 3887 honteusement luzur ng et que Certaines
456 3845 944 3916 scènes sont magnifiques.
2626 1428 2882 1495 BE Nr.11
2559 1475 2782 1559 53-0-43
2443 1570 2823 1652 cage Teibune, Faris
2438 1673 2817 1764 4. OAT. 12-
2142 1785 2806 1903 che Theaire
2776 1859 2824 1931 1
2193 1924 2833 2001 BV IRVING SCHWERKE
2084 1980 2830 2048 LA RONDE, play in ten scenes, bi-Ar¬
2103 2019 2837 2081 fhur Schnitzler; Freuch translation by
2118 2059 2834 2117 Suzanne Clauser, M. Remon and W.
2116 2104 2804 2158 Bauer. Atthe Theatre de 1'Avenue.
2114 2146 2828 2198 Schnitzler certainly merits the title of
2084 2189 2830 2244 innovator. He did much for the Viennese
2081 2227 2843 2282 theatre, but I doubt that he has a great!
2074 2266 2817 2310 contribution to make to the French. It
2083 2308 2824 2343 was interesting, but not intriguing, to see
2081 2339 2824 2394 La Ronde, in its translation by Suzanne
2088 2379 2817 2419 Clauser, M. Remon and W. Bauer. Mme.
2084 2412 2829 2473 Ludmilla Pitoéff essays five roles: La
2090 2454 2830 2507 Fille, La Femme de Chambre, La. Jeune
2077 2478 2826 2549 Femme, La Midinette and L’Actrice, but
2080 2534 2824 2582 brought to them such a späring quantit,
2080 2571 2827 2626 of variation that they became quite tire¬
2078 2612 2824 2659 some. Others on the stage were Mal.
2071 2639 2824 2697 Dagand (Le Soldat), Salou (Le Jeune
2071 2683 2826 2739 Homme and L’Homme de Lettres), Geno¬
2078 2708 2828 2782 Ferny (Le Mari) and Pitoëff (Le Comte).
2086 2763 2830 2804 P regret 1 cannot confess a more vivid
2078 2802 2824 2856 reaction to a work which, back in 1918,
2084 2842 2828 2888 was potent enough to win the ire of the
2072 2874 2836 2932 Berlin censor and to create a prosses,f
2078 2915 2782 2979 scandale (Dresden dialect) in Vienna.
