3484 4320
1014 218 1450 324 box 19/2
302 223 848 329 11. Reigen
1903 382 2765 504 „OBSERVER'
1990 510 2708 575 I. österr. behördl. konzessioniertes
1967 562 2737 629 Unternehmen für Zeitungs-Ausschnitte
2019 614 2665 695 WIEN, I., WOLLZEILE 11
2089 679 2586 734 TELEPHON R-23-0-43
1904 786 2304 879 Ausschnitt aus:
2127 833 2561 976 Reichs Wien
1885 1016 2580 1145 vom: „ 9. OKT. 1882
938 1120 2617 1318 „Im weißen Rößl“ in Paris.
1392 1329 2151 1420 Und allerhand anderes.
1205 1412 2300 1504 Von einer Oesterreicherin in Paris.
1335 1469 2946 1548 Paxis, 4. Oktober. Tanz auf Tanz, mit immer neuen Kostümen in neuen
658 1508 1764 1590 Mit 1. Oktober hat die Pariser Herbstsaison begonnen.
1759 1533 2932 1591 Farben, Szenenbild auf Szenenbild mit immer neuen
577 1561 1768 1635 Die Schulen tuen ihre wohltätige Pflicht und befreien
1763 1576 2936 1633 kostspieligen Details, Sensation auf Sensation, wie:
1765 1621 2949 1683 Autobusse, ein Zug des Salzkammergutbähnle, ein Gummi¬
571 1610 1773 1697 „die Eltern von der ständigen Sorgenlast: „Was wird das
594 1664 1209 1719 Kind jetzt wieder anstellen?.
1267 1665 1769 1720 , so daß sie endlich dazu
1759 1653 2956 1738 radler mit einem lebendigen Pferd, Segelboot, Dampfer,
588 1681 1766 1761 kommen, auch wieder an sich selbst zu denken. Die Schar
1760 1706 2944 1753 Ziegen, Kühe, die man wirklich melken kann, Hunde und
598 1748 1208 1808 der Fremden kommt wieder
1303 1749 1767 1802 ja, es geht uns allen
1762 1747 2950 1802 ein Gewitter, an sich vorüberziehen sehen, so kommen die
588 1790 1760 1837 schlecht, und daheim ist es so furchtbar, daß man ins Aus¬
1769 1795 2939 1845 Pariser aus dem Staunen nicht heraus, wieso man, das
589 1826 1762 1896 kand fahren muß, um sich zu erholen, — und es ist eine
1763 1830 2933 1895 mit „nur" zwei Millionen machen konnte. Die Handlung
588 1878 1770 1942 Tatsache, daß die schönsten und luxuriösesten Automobile
1757 1879 2948 1931 geht vollständig unter in diesem Reichtum an Schmuck.
1771 1922 2944 1966 Georges Milton, den man auch in Wien als König
585 1911 1760 1971 entweder englischer oder deutscher Herkunft sind.
592 1952 1759 2010 Atempo hat auch schlechtes Wetter und ein Wirbelsturm
1767 1957 2940 2018 der Schuhputzer sowie der Gratisblitzer kennengelernt hat
1756 2004 2929 2057 und der sich in Paris des Spitznamens „Bouboule“
586 2004 1767 2057 an der Cote d' Azur bewirkt, daß alle, die den schönen
600 2047 1761 2097 September fern von der Stadt genossen haben, nun wieder
1770 2049 2945 2105 erfreut, ist diesmal aus seiner königlichen Höhe herab¬
593 2093 1772 2145 eiligst Paris zustreben. Mit einem Schlag hat sich das
1767 2085 2931 2146 gestiegen, um ein „Maitre d’Hotel“ namens Leopold zu
593 2122 1770 2193 Bild geändert, es wird wieder sehr schwer, sich durch den
1759 2130 2938 2184 werden. Auch das war eine der großen Sensationen des
1764 2175 2943 2240 Abends und Maurice Chevalier, der, wie man erstannt
588 2184 1770 2237 noch vor kurzem so schütteren Verkehr durchzuzwängen.
1757 2232 2939 2276 bemerkt, sich aus der Nähe so gar nicht ähnlich sieht, be¬
590 2223 1769 2270 Die großen traditionellen Abonnementskonzerte, wie
598 2260 1768 2315 Pasdeloup und Lamoureux, beginnen wieder und die
1762 2239 2955 2327 trachtete Milton von den ersten Parkettreiben aus ein¬
591 2301 1682 2356 Theater öffnen eines nach dem andern ihre Pforten.
1766 2305 2948 2363 gehendst über seine auch noch kritisch vorgeschobene Unter¬
1764 2343 2934 2394 lippe. Georges Milton hat zwar gar keine Stimme, aber
663 2338 1763 2403 Es gibt viel Neues und Interessantes zu sehen und
1770 2384 2949 2445 sehr viel Scharm und Temperament; trotzdem ist er, eben
585 2374 1761 2456 zu hören. So wird nun das große Orchester, das sich
1759 2445 2935 2492 weil er einen spezifisch pariserischen Typ darstellt, kein
585 2440 1754 2486 der Filmmagnat Nathan hält, mit seinen Wochen¬
1759 2466 2947 2528 Leopold, wie man sich ihn vorstellt, kein Leopold, den man
596 2480 1758 2539 konzerten den Abonnementskonzerten Konkurrenz machen.
1767 2516 2946 2580 gemütlich Poldl rufen kann. Schade auch, daß die pikanten
592 2528 1765 2591 Es ist dies das Orchester, das bei den Pathé=Nathan¬
596 2562 2939 2632 Filmen die musikalische Partie besorgt, und es ist all- blassen Gesichtchen der Pariserinnen so gar nicht in die
596 2603 2950 2658 gemein aufgefallen, mit welch ausgezeichneter Technik und Dirndltrachten hineinpassen; Charell hat sich zwar für die
585 2658 2948 2705 künstlerischem Verständnis die musikalische Untermalung Figurantinnen die massivsten ausgesucht, aber es fehlt
589 2687 2947 2750 dieser Filme ausgeführt ist. Wem dies gefallen hat, der ihnen die erfreuliche pausbäckige Gesundheit der echten
595 2736 2929 2777 kann sich nun das Orchester ohne störenden Film anhören: Dirndln. Die bayrische Schuhplattlerrruppe, die Markart¬
600 2754 2940 2827 wer hingegen sich für das Orchester begeistert, der wird steiner, stechen durch ihre urwüchsige Bärenstatur hervor,
1765 2812 2929 2868 und tanzen Schuhplattler und Watschentänze, daß es nur
586 2820 1764 2875 nicht verfehlen, sich die Filme anzusehen, die von diesem
1760 2866 2939 2919 so knallt vor Taktfestigkeit und Disziplin, bis das Publi¬
580 2862 1768 2935 begleitet werden. So macht eines für das andere Reklame.
596 2902 1775 2978 Sie ist um so wirksamer, als die Qualität dieses Orchesters
585 2949 1770 3001 in Paris einzig dasteht, und besonders die Geigen, ein
599 2993 1766 3046 schwacher Punkt der anderen französischen Orchester, durch
598 3041 1768 3093 Weichheit und Wohlklang überraschen. Die Disziplin ist
2205 3019 2604 3125 RADIO %
596 3079 1768 3126 selten gut und beim Scherzo aus dem „Sommernachts¬
2228 3091 2471 3148 APPARATE
587 3123 1778 3168 traum“ verspürt man sogar einen Hauch toskaninischen
2457 3111 2620 3216 7%
2629 3055 2846 3243 S
596 3161 1778 3226 Geistes. Die Konkurrenz dieses Orchesters wird für die
584 3205 1774 3255 anderen Konzerte recht fühlbar werden, die nicht über so
2601 3155 2856 3292 7—
595 3250 1756 3300 hervorragendes Material verfügen und auch nicht so
586 3289 1354 3346 wirksam in Szene gesetzt werden.
603 3308 1793 3396 Im Théatre de l'Avenue hat es das Ehepaar Pitdeff.
590 3372 1778 3424 unternommen, Schnitzlers „Reigen“ aufzuführen.
1970 3245 2742 3478 GOLDSCHMIED)
587 3416 1777 3480 Es ist allerdings ein#etwas verfülschter Schnitzter, der dem
2473 3453 2560 3505 57
2755 3396 2847 3528 3
594 3468 1767 3520 erstaunten Paris da geboten wird: Schnitzler, mit
1858 3449 2072 3552 Ox
586 3489 1767 3554 moderner Sachlichkeit gespielt, wird zu einer Persiflage
584 3549 1778 3614 auf den ursprünglichen Schnitzler. Es gelingt nur der
2084 3477 2668 3628 Angrunsees?
1937 3548 2171 3656 Sheren
592 3596 1774 3657 großen Kunst Ludmilla Pitoeffs, über die Längen und
2495 3581 2873 3679 O
585 3634 1770 3685 die Eintönigkeit des Stückes hinwegzutäuschen, das nur
2241 3645 2484 3698 ELEKTRO
2818 3638 2900 3714 1
2027 3640 2184 3754 1
587 3678 1766 3727 durch einige reizende Regieeinfälle, die deutlich aus der
2231 3689 2483 3734 MATERIAL
597 3718 1770 3777 Wien=Berliner Schule stammen, belebt wird. Die Typen
2230 3725 2493 3794 WERKZEUGE
587 3766 1771 3818 aus dem alten Wien, die Schnitzler auf die Füße stellt,
589 3806 1767 3880 entbehren in Paris aller Lebendigkeit. Und, wie ein
593 3844 1754 3896 geistreicher Franzose sagte: „Das Stück wurde in Wien
1769 3883 2943 3947 kum in tobenden Beifall ausbricht. Die wackeren Bayern
589 3885 1672 3947 zu früh geschrieben und in Paris zu spät aufgeführt.
1762 3930 2465 3982 kommen direkt aus ihrer Heimat.
592 3936 1768 3997 Die Konjunktur der Erotik ist vorüber. Man hat, auch
1841 3945 2935 4027 Mit der Musik wird sehr willkürlich umgegangen.
593 3979 1127 4053 in Paris, genug davon.
1768 3997 2929 4067 Man ist etwas überrascht, mitten im „Weißen Rößl“ einen
684 4013 1763 4080 Besonders deutlich zeigt sich dieser Konjunktur¬
1769 4049 2927 4119 alten Bekannten anzutreffen: den „Kleinen Gardeoffizier“
588 4061 1770 4120 umschwung in der jubelnden Begeisterung, mit der man
1763 4095 2939 4155 dessen Abschiedslied Milton mit viel Schwung tanzt,
601 4110 1765 4155 in Paris das „Weiße Rößl“ aufnimmt, das
1756 4131 2967 4195 begleitet und unterstrichen von einer ganzen Reihe von —
597 4147 1761 4211 kürzlich im Théatre Mogador seine Premiere feierte. Die
1762 4176 2938 4227 Oberkellnern, die plötzlich aus dem kleinen Gasthaus
709 4203 767 4252 ein
1419 4196 1487 4254 IIe
