3436 4384
253 306 1398 418 11. Reizen box 19/2
1882 475 2712 592 JOBSERVER'
2032 567 2676 629 österr. behördl. konzessioniertes
1943 623 2693 686 Unternehmen für Zeitungs-Ausschnitte
2018 675 2619 743 WIEN, I., WOLLZEILE 11
2083 737 2571 798 TELEPHON R-23-0-43
2109 914 2416 982 N pr Denr.
2273 975 2908 1084 CO: EDIA
1914 1033 2167 1099 Eatral de:
2198 1071 2971 1166 150. AVENUR DES CHARPS-ELTSEES-VID
1923 1124 2194 1194 Adresse:
1919 1181 2794 1316 Date: 30 SCPTERBRE 1932
1916 1322 2176 1386 Siqnature:—
1931 1415 2185 1479 Exposition
2097 1529 2648 1605 Théätre de l'Auenue
2023 1651 2754 1764 TARUNDE
2094 1780 2666 1858 piéce en 10 tableaux
2095 1839 2626 1912 d’Arthur Schnitzler
1997 1919 2771 1997 Traduction de Suzanne lauzen
2093 1982 2669 2041 M. Remon et W. Bauer
2041 2054 2759 2143 La pièce de Schnitzlera obtenn
1992 2117 2777 2177 hierumsücces fres franc, qui est.
2002 2166 2766 2218 dü d’ailleurs, en grande partie, à
2010 2208 2759 2272 la mise en scène, aux décors, enfin
2009 2249 2765 2311 à la présentation de Georges Pi¬
2008 2295 2764 2352 toëff. Car si pièce ne parait pas,
2005 2337 2757 2392 à première vue, faite pour la
2008 2380 2766 2441 scène, c’est bien celle-lä. On la
2003 2425 2755 2487 connaissait, chez nous, depuis de
2006 2468 2761 2527 longues années, par la traduction
2002 2511 2759 2568 de M. Rémon. Mais on ne l’envi¬
1996 2551 2759 2619 sageait que du point de vue du li¬
2020 2594 2758 2649 vre, comme une suite de scènes
2003 2638 2766 2718 dialoguées, de petits tableaux
1994 2679 2754 2733 n'ayant entre eux qu'un très va¬
1996 2721 2760 2791 gue lien. On ne pensait pas qu’elle
2003 2764 2768 2829 püt étre jouée. Sa coupe originale
2007 2809 2764 2864 autant que la liberté, le cynisme
2008 2850 2771 2901 mème de certaines de ces scènes
2017 2892 2760 2950 empéchèrent le succès, tant à Ber¬
1991 2926 2758 2996 lin, avant la guerre, qu'à Vienne
2006 2986 2751 3057 au lendemain de la Revolution de
2005 3022 2141 3077 1918.
2038 3062 2754 3126 M. Pitoéff jouait donc une grosse
2001 3088 2752 3176 partie en acceptant le risque de
2007 3156 2755 3203 monter cette cuvre. II l’a brillam¬
2012 3197 2770 3247 ment gagnée, et nous devons lui
2011 3234 2769 3294 être reconnaissants d’avoir révélé,
2007 3278 2763 3335 sinon aux lettrés, du moins au pu¬
2007 3308 2757 3378 blic, l’ouvre curieuse, à plus d’un
2013 3355 2765 3422 titre, du dramaturge viennois, dont
2015 3411 2761 3474 on connait en France trop peu de
2000 3447 2188 3516 piéces.
2055 3485 2759 3551 La piéce porte bien la marque
1997 3538 2761 3590 de la date à laquelle elle fut écrite.
2007 3588 2755 3643 C’était l’époque ou au romantisme
2014 3625 2759 3680 virilli, fini, succédait l’école natu¬
2005 3673 2769 3720 Fraliste. Les tendances nouvelles
2056 3708 2767 3770 qui s’exprimèrent en France au
2009 3741 2759 3803 Théätre Libre d’Antoine — eurent
2007 3791 2776 3850 pour adepte fervent Schnitzler,
2006 3831 2753 3903 mais T’audace avec laquelle il trai¬
2003 3882 2770 3936 Itait de l’amour physique dans La
2004 3937 2760 3984 Ronde aurait cause, dans la capi¬
2011 3968 2762 4017 Iale des Habsbourg, un trop grand
2008 4011 2765 4058 Iscandale pour qulil osät faire re¬
1999 4052 2762 4127 Iprésenter tout de suite ces & tran¬
2012 4102 2752 4146 iches de vie v. Quand -il s’agit de
2021 4137 2752 4182 parler librement de l’amour, le
2010 4177 2759 4238 sthéätre est tonjours en retard sun
2025 4217 2256 4269 je roman.
2056 4239 2755 4318 #equtnous frappe le plurs, dans
