3484 4384
1007 277 1435 372 box 19/2
311 288 860 379 11. Reigen
507 815 1344 925 „OBSERVER'
614 910 1315 961 I. österr. behördl. konzessioniertes
577 948 1335 1013 Unternehmen für Zeitungs-Ausschnitte
637 1006 1259 1086 WIEN, I., WOLLZEILE 11
710 1066 1198 1131 TELEPHON R-23-0-43
704 1244 1015 1323 Nrnk Disrr.
504 1289 1411 1433 II I·INFORMATTON
749 1419 1371 1507 RUE REAUMUR, 124 (29
503 1467 723 1537 Adresse:
504 1492 1343 1634 dale 4 OCTOBRE 1932
523 1645 1448 1730 Slqnature
521 1749 783 1821 — Ponzerian
891 1803 1799 1880 Feuilleton de I’INFORMATION du 4 octohre 1932
489 1974 2215 2060 LxP SEMMANE WIERTKALEZ
999 2041 1694 2149 par ANTOINE
615 2029 767 2170 □0
1376 2178 2206 2243 Les Variétés ont remporté un tres vif succès
472 2169 1342 2255 YOUKI, à T’Athénée. — AVRIL, aux Va¬
1357 2232 2218 2276 atee dert, la comédie nouvello de MM. Georges
504 2239 1343 2288 riétés. — LA RONDE, au Théätre de
1350 2273 2217 2312 Berr et Louis Verneuil. Non point qutelle solt
510 2292 1344 2351 TAvenue. — LA LECON D’AMOUR DANS
1348 2305 2215 2348 d’une originalité bien certaine et que, chemin
1353 2347 2220 2393 faisant, nous n’ayons retrouvé nombre de sou¬
513 2332 1178 2414 UN PARC, au Théätre des Arts.
1358 2376 2217 2439 venirs d’un répertoire beaucoup exploité. II y
1361 2423 2215 2470 a un peu de tout dans Avril: la Figurante,
510 2398 1343 2468 Passons rapidement sur cette Youki, la nou¬
1351 2464 2216 2503 Mademoiselle Josette ma semme, TEté de la
478 2462 1339 2498 velle comédie que M. Félix Gandéra a fait re¬
1361 2488 2209 2544 Saint-Martin, Papa et mème le thème auda¬
477 2488 1342 2544 présenter à l’Athénéc. C’est une erreur, et voila
1345 2534 2210 2579 cieusement traité chez Darzens de la Fille Ven¬
472 2537 1341 2579 tout, d’un auteur qui a souvent connu le suc¬
1357 2568 2220 2617 due, par le regretté Claude Anet, mais tout cela
466 2564 1340 2623 cès et prendra vite sa revanche. Je n’aurais
1361 2604 2221 2653 brassé de main de maitres et sans autre ambi¬
465 2601 1343 2658 méme pas signalé ce petit incident s’il ne ve¬
1358 2645 2213 2687 tion que d’amuser un fidele public. Ces ma¬
465 2651 1343 2699 nait confirmer une opinion que j'ai maintes
1363 2693 2213 2732 rionnettes se démènent dans une aventure
468 2687 1339 2732 fois exprimée ici: dans l’évolution profonde
1362 2725 2220 2764 côtoyant la comédie sentimentale à quelques
468 2727 1346 2775 que subit notre art dramatique, il était fatal
1353 2760 2218 2817 instants et gardant l’agrément et le mouve¬
473 2753 1340 2811 que les théätres de genre, les maisons ayant
1354 2800 2217 2847 ment du vaudeville. Et le mérite est grand
471 2786 1349 2846 une marque fixe longtemps consacrée par le
1366 2834 2218 2882 d’avoir réussi à nous divertir, sans nous inquié¬
469 2840 1345 2885 succès aient fini par épuiser leur vogue. Voyez
1358 2881 2221 2922 ter, avec cette histoire d’inceste. C’est qu'en
469 2878 1345 2932 le Palais-Royal ou M. Quinson s’efforce de re¬
1356 2915 2230 2966 réalité, des le début de l’aventure, toute cette
482 2916 1341 2965 nouveler un répertoire fatigué, les Variétés ou
1357 2956 2216 2999 pseudo-freuderie apparait improbable; nous
470 2959 1344 3003 le triomphant Topaze, d’un genre si inattendu
1359 2986 2220 3032 avons tout de suite l'assurance que Simone
471 2989 1349 3040 et si nouveau pour la maison, a bousculé un
1358 3027 2221 3074 Carbonnel, tres innocente et très pure, n’est
481 3028 1344 3077 vieux et charmant répertoire qui n'avait d’au¬
1366 3059 2220 3110 pas la fille de l'homme séduisant dont elle est
478 3070 1352 3116 tres torts que de trop dater; voyez, enfin,
1360 3103 2225 3145 amoureuse. Un simple calcul un peu poussé sur
483 3108 1350 3155 I’Athénée ou le regretté Rozenberg s’était
1366 3142 2214 3185 la date de la naissance de la jeune fille met¬
476 3145 1356 3196 évertué à rechercher des sujets sinon neufs, du
1362 3172 2215 3217 trait tout au point des le premier acte, mais
484 3185 1355 3234 moins nouveaux pour son théätre, et qui, de
1369 3217 2220 3258 il n’y aurait plus de piéce et il importait, avant
483 3227 1343 3272 guerre lasse, a quitté la partie. Voyez encore la
1359 3249 2229 3302 tout, de nous amuser en nous émoustillant un
479 3262 1357 3311 Porte-Saint-Martin, qui depuis plusieurs mois
1366 3293 2212 3336 peu. Le talent des deux auteurs aura été de
481 3297 1361 3348 oscille entre tous les genres, reprises de mélo¬
1370 3329 2227 3381 retarder le plus possible un dénouement tout
487 3335 1345 3378 drames. comédies littéraires, revues et opéret¬
1370 3369 2224 3422 à fait rassurant et nous ne saurions leur en
488 3373 1346 3417 tes. II y a lä le signe évident de la transfor¬
1366 3402 2221 3459 garder rancune puisque la soirée a été excel¬
484 3403 1356 3461 mation décisive du théätre contemporain, et
1360 3442 1503 3489 lente.
483 3443 1354 3509 qui n’est point particulière seulement aux théä¬
478 3485 1358 3540 tres de comédie, mais qui vient d’affecter si
1390 3475 2230 3542 Une anecdote côtoyant tant de risques, et des
489 3535 1361 3576 fortement l’Opéra-Comique attardé à des for¬
1366 3533 2222 3577 plus graves, demandait l’interprétation parfaite
482 3562 1356 3611 mules périmées. Je parlais récemment d’une trés
1365 3570 2217 3617 que la direction des Variétés a su lui assurer.
477 3605 1355 3649 curieuse étude de Bruno-Walter à propos de
1367 3609 2223 3650 M. André Brülé joue en comédien de grande
487 3642 1356 3683 l’Opéra dans laquelle le maitre allemand se
1365 3647 2230 3692 classe ce röle périlleux du père supposé et il
481 3676 1355 3723 demandait si vraiment ce répertoire aussi
1370 3686 2218 3732 porte tout le poids de la comédie avec une
1372 3721 2222 3768 aisance et un charme inégalables. Le grand
481 3714 1356 3764 n’était pas vraiment démodé et s’il ne fallait
1369 3760 2230 3805 succès de cette soirée lui revient certainement
491 3759 1361 3814 pas chercher autre part la raison profonde
1366 3801 2226 3840 en grande partie, ainsi qu’à sa partenaire, Mlle
486 3798 1360 3859 de crises qui n’ont pas plus épargné les scènes
1363 3834 2249 3897 Solange Moret, nouvelle venue, délà remarquée
490 3827 953 3899 lyriques que les autres.
2225 1803 3393 1863 dans Le mal de la jeunesse. Voici certaine-] si profondémen
3085 1849 3397 1898 il ne m'avait pl
2223 1847 3078 1899 ment un sujet de belle classe qui nous arrive,
3086 1886 3400 1941 realiser comple
2223 1899 3069 1938 et, désormais, il semble bien que la succession
3091 1921 3396 1976 teur. Dans son
2219 1926 3090 1986 de Mine Gaby Morlay est assurée au boulevard.
3082 1950 3403 2011 avait paru si
2217 1965 3082 2013 La jeune comédienne a déployé dans un röle
3096 1998 3394 2052 que. dans le ca
2224 2003 3083 2053 qui peserait sur les épaules les plus robustes,
3098 2034 3388 2086 por ible, il me
2229 2043 3082 2089 une jeunesse, un naturel, une sensibilité et une
3093 2065 3402 2123 faire colfnaitre
2231 2078 3087 2131 adresse extraordinaires. Son talent, d’une
3086 2114 3393 2162 devant le risau
2219 2115 3094 2164 netteté toute classique, dépasse la petite aven¬
3092 2146 3391 2196 réalisme et pres
2223 2152 3088 2190 ture ou elle avait à se déployer, et il y a long¬
3095 2189 3394 2242 cette puissance
2231 2189 3083 2231 temps que nous n'avons en à Paris semblable
3103 2225 3395 2275 sembla préféra##
2229 2224 3090 2274 révélation. M. Arnaudy, si amusant, n'e, pas
3098 2256 3390 2306 la trahir bassen
2223 2267 3081 2308 manqut danimer le fantoche créé par les
3100 2298 3394 2353 scandale assuré
2233 2291 3085 2340 auteurs avec sa fantaisie et sa drölerie habi¬
2225 2337 3095 2374 tuelles. Berthier est exgellent dans une amu¬
3116 2337 3400 2398 Inutile de dir
2234 2381 3086 2420 sante figure de notaire provincial et M. Jacques
3097 2366 3391 2431 dait la présent
2231 2410 3098 2458 Gautier, qui s'affirmera, a silhouetté un petit
3096 2418 3394 2471 dire tout de sui
2225 2444 3090 2491 amoureux de la façon la plus agréable. Mile
3089 2450 3396 2507 un stact remard
2234 2488 3088 2539 Marcelle Praince s’empare avec éclat d’un grand
3098 2491 3399 2548 ver T’originalité
2225 2528 3085 2570 emploi dont les titulaires sont rares, c’est une
3094 2521 3400 2583 soulever le mo#
2232 2566 3092 2611 carrière nouvelle qui s’ouvre devant-elle. Les
3090 2568 3393 2617 en scène a esca
2224 2599 3087 2644 petits röles sont joliment tenus par Mmes De¬
3097 2606 3396 2657 tral de chaque
2231 2638 3079 2687 lyne et Nadine Bille et M. Castelain trouve le
3091 2637 3405 2692 ter une ceuvre
2230 2674 3082 2721 moyen d’étre amusant dans un domestique qui
3089 2680 3400 2732 pieces à épisoc
2239 2721 3074 2758 aurait pu passer inaperçu. Beaucoup d’élégance
3094 2718 3410 2767 temps, a fait so
2240 2750 3078 2796 et de goüt dans la présentation de ce spectacle,
3098 2758 3395 2811 par l’éclatant #t
2224 2794 3076 2845 tout à fait g Variétés o, qui, certainement, com¬
3092 2796 3410 2845 de cette Cham
2229 2826 2945 2883 blera d’aise la clientéle de la maison.
3089 2829 3400 2889 reprend pour la
3114 2875 3400 2934 La Ronde es
2608 2867 2697 2932 *1
3091 2919 3402 2974 amoureuse imm
2261 2903 3085 2979 Nous l’avons eue enfin chez Pitoëff cette
3095 2960 3398 3012 les milieux soc
2231 2958 3079 3018 Ronde, une ceuvre d’Arthur Schnitzler célèbre
3094 2995 3397 3047 T’originalité, la
2242 2998 3088 3042 en Allemagne et en Autriche. Et il faut dire,
3098 3038 3399 3086 l’unité de ce p
2233 3035 3088 3077 tout de suite, qu’en dépit des réserves qui s’im¬
3100 3070 3405 3125 T’enchainement
2238 3073 3075 3123 posent à propos de la présentation de la piéce,
3095 3108 3398 3160 figures de la fr
2236 3109 3084 3167 le succès fut tres vif l’autre soir à l’Avenue. On
3103 3145 3412 3204 donner la main
2244 3158 3092 3196 a unanimement applaudi cette piéce hardie et
3102 3186 3400 3237 la réapparition
2236 3189 3082 3240 profonde, l’une des plus importantes de la pro¬
3095 3225 3400 3278 en danse, comn
2229 3225 3081 3269 duction contemporaine allemande. Arthur
3091 3265 3402 3316 dont la guirlar
2232 3262 3091 3314 Schnitzler mort l’an dernier, jouissait dans les
3101 3298 3403 3349 décoré. Tous 1#
2239 3300 3083 3358 pays germaniques d’une célébrité presque égale
3102 3339 3407 3392 moderne, la rue
2233 3337 3081 3389 à celle de Gerhart Hauptmann; les deux
3097 3376 3400 3420 diant, un cabin
2231 3382 3083 3433 grands écrivains étaient tenus pour les maitres
3101 3412 3398 3463 actrice, celui d
2239 3412 3089 3465 de l’évolution théätrale qui transforma la scène
3089 3446 3405 3502 drent des étre
2230 3449 2950 3511 allemande vers la fin du siècle dernier.
3098 3484 3399 3537 dominés par le
2257 3476 3090 3535 J'avais songé tout de suite à donner la pièce
3102 3520 3392 3574 subite du rut.
2236 3527 3088 3572 aux spectateurs du Théätre-Libre, d’autant que
3101 3559 3412 3612 suffisamment 1#
2241 3562 3091 3611 la censure allemande ne s’était pas montrée
3102 3597 3414 3649 duire à chaque
2238 3611 3080 3656 moins sévère à son endroit que pour les Tis¬
3098 3635 3388 3689 tion duquel 1’é
2238 3646 3082 3687 serands, et j’'avais facilement obtenu de
3107 3677 3377 3728 mine chez c
2244 3673 3086 3728 Schnitzler l’autorisation nécessaire. Mais on a
3103 3706 3407 3761 Pitoéff a mas
2243 3714 3087 3767 pu se convainere, T'autre jour, de la difficulté
3106 3755 3404 3800 artifices, ne dé
2246 3748 3086 3801 de porter à la scène intégralement et sans tri¬
3097 3781 3404 3839 amuser par des
2244 3793 3096 3838 cherie les onze dialogucs de la Ronde, et,
2241 3815 3403 3894 décidé à respecter intégralement le caractèreque T’auditoire,
