3484 4320
664 134 1827 190 burleske Verführung durch die Dame von Welt willig
670 182 1831 237 glaubte. Das Werk wurde mit starker Einfühlung auf¬
664 224 1833 294 genommen und gewürdigt, nicht als literarisches Experiment,
661 276 1825 321 sondern als Kunstwerk. „Die Buntheit, die Schnitzler in
673 322 1826 380 diesen Episoden der Lust, des Besitzes und der Enttäuschung
667 377 1833 438 aufleuchten läßt, ist wahrhaft tief und original“, schrieb ein
662 407 854 463 Kritiker.
751 450 1832 512 Wenige Tage zuvor hatten die Pitoeffs Strind¬
659 504 1832 577 bergs „Mademoiselle Julie“ gespielt. Es ist
667 556 1827 598 interessant zu sehen, wie die konservativen und so überaus
667 597 1819 656 „normalen“ Londoner darauf reagierten. Die verhängnisvolle
658 650 1830 694 Intensität der Gedanken und feelischen Schwingungen in
655 691 1825 747 Strindbergs Stücken greift in den Augen vieler Zuseher so
659 745 1832 803 weit über das hinaus, was sie in ihrem gewöhnlichen
663 788 1828 839 Menschenverstand für Natur halten, daß sie, die Zuseher, mit
658 838 1831 906 einem Gegenangriff antworten und geneigt sind, Strindberg
663 866 1831 942 für wahnsinnig zu erklären. Dies schrieb vor vielen Jahren
654 923 1827 974 Alexej Tolstoi, und gerade in England gilt es mehr denn
659 968 1813 1014 anderswo. Für die kühle Aufnahme seiner Strindberg=Vor¬
665 1013 1814 1094 stellung wurde Pitoeff aber durch den Erfolg des „Reigens",
653 1059 1245 1126 wie gesagt, doppelt entschädigt.
751 1089 1819 1176 Das Wagner=Jubiläum, das seinen richtigen
654 1148 1812 1204 Ausdruck erst in den Festspielen der Coventgarden Opera
652 1197 1825 1257 finden wird, bot außer einem sehr feierlichen Konzert des
651 1249 1824 1294 Londoner Symphonieorchesters unter der Leitung Hans
657 1301 1813 1358 Weisbachs, außer Reden und Zeitungsaufsätzen, auch
656 1333 1823 1385 Anlaß zu mehr oder weniger melancholischen Betrachtungen
662 1381 1820 1441 über die englische Oper. Im Douglas Webber Theatre, einer
655 1421 1818 1490 kleinen Privatbühne des Londoner Westens, gab der
642 1472 1816 1548 berühmte Virtuose und Musikforscher Vaughan Williams
658 1515 1821 1579 einen kurzen Ueberblick darüber. „Viele, ja die meisten
653 1569 1823 1624 Mängel, die Richard Wagner, ein unbekannter Dirigent
655 1615 1820 1669 einer schlechten kleinen Provinztruppe Süddeutschlands, vor
654 1662 1821 1717 hundert Jahren an dem Zustand der deutschen Oper zu rügen
656 1710 1811 1769 hatte, sind heute in genau demselben Maße in der englischen.
650 1753 1819 1804 Oper lebendig,“ sagte Dr. Williams. „Mangel an Interesse,
655 1801 1822 1860 an Organisation, an Sachkundigkeit, an Verständnis. In
646 1852 1820 1899 einem Punkt ist das Deutschland von 1833 dem England
653 1886 1806 1950 von 1933 sogar überlegen — dort gab es wenigstens auch
647 1951 1819 2011 in den kleinen Städten Opernbühnen und das Publikum
653 2002 1817 2053 ging hin, während man das von unserer Provinz wahrlich
643 2040 1821 2099 nicht sagen kann. Und dabei kann über Mangel im Reper¬
641 2079 1819 2134 toire nicht geklagt werden.“ Dr. Williams zitierte nicht
643 2124 1812 2177 weniger als 48 Opern, die in den letzten 20 Jahren von
651 2175 1595 2236 englischen Komponisten veröffentlicht worden sind.
778 2256 1711 2330 Der „musikfremde“ Engländer.
740 2321 1818 2366 Die Musikfremdheit des Engländers, die aus alledem
648 2368 1814 2417 spricht, ist nicht weniger charakteristisch als seine Anhänglich¬
653 2420 1803 2482 keit, ja sein Enthusiasmus für klassische Werke, zum Beispiel
654 2461 1804 2528 Glucks Opern, wenn sich diese einmal in der Tradition
650 2508 1806 2554 eingenistet haben. Man braucht nur zu evrägen, wie die
642 2558 1798 2621 Neueinstudierung von Glucks „Iphigenie in Tauris“
653 2603 1812 2645 aufgenommen wurde, die am 18. Februar von den
641 2646 1312 2715 Falmouth Players, einer
1317 2642 1810 2712 Amateurgesellschaft, ver¬
638 2691 1812 2754 anstaltet worden ist. Andere bemerkenswerte Musik¬
647 2743 1814 2813 ereignisse waren zwei überaus erfolgreiche Konzerte der
649 2789 1815 2864 Berliner Philharmoniker unter Furtwängler und ein Konzert
655 2827 1042 2900 Arnold Schönbergs.
742 2881 1806 2943 Klassische Universitätsatmosphäre edelster Prägung
648 2923 1811 2971 wehte aus der Orestie von Aeschylus, welche die Cambridger
648 2970 1118 3034 Studenten aufführten.
1143 2970 1817 3039 Der englische Klassizismus ist
652 3018 1815 3082 gewiß eines der merkwürdigsten und anziehendsten Kenn¬
651 3063 1814 3126 zeichen einer Geistigkeit, die, vielleicht als einzige in Europa,
651 3112 1811 3154 mit ihren Wurzeln noch organisch herabreicht bis in die
644 3160 1817 3211 Kraft= und Nährquellen der Antike. Herrliche, beneidens¬
653 3204 1817 3277 werte Kontinuität und Echtheit! Einer Aeschylus=Aufführung
650 3250 1806 3319 in Cambridge beiwohnen zu dürfen, ist Grund genug, um
642 3290 1095 3369 Anglomane zu werden.
1005 3345 1428 3434 Premierenflut.
740 3426 1805 3485 In den Theatern hat nach einer kurzen Zeit der Stille
641 3482 1816 3530 wieder die Hochflut der Premieren eingesetzt. Wir wollen
642 3523 1816 3610 nur einige herausgreifen. Im Old Vic, dem einzigen Theater,
636 3592 1811 3636 das regelmäßig Shakespeare spielt, ging ein „Maria¬
647 3625 1816 3676 Stuart“=Schauspiel von John Drinkwater in
643 3667 1799 3722 Szene, das an einem Abend mit dem bekannten „Thead¬
637 3720 1811 3776 mirable Bashville“ von Shaw gegeben wird. Shaws
653 3765 1801 3812 Schwank verdunkelt das ihm vorangehende historische Mach¬
637 3807 1810 3861 werk vollständig, und dieser drollige Kontrast lockt nun seit
635 3858 1805 3913 einiger Zeit das Publikum. „Richard de Bordeaux“,
640 3910 1806 3945 ein anderes historisches Stück, das im New Theatre ge¬
644 3951 1813 4008 spielt wird, hat dagegen großen Erfolg. Der Autor, Gordon
642 3999 1795 4047 Daviot, hat es verstanden, die Tragödie Richards II. neu¬
648 4034 1829 4129 artig und ohne Anachronismen sehr modern darzustellen.
