3436 4384
540 216 705 300 ven —
2559 251 3013 353 box 19/2
1856 251 2429 370 11. Reigen
608 268 912 361 N· DE DERIT
901 355 1372 451 FIGARO
406 377 641 482 #rrtroll de
748 432 1448 539 K· PI CHIAMPS ELTSEES 14, ViIr
396 491 593 573 Idresse
817 511 1378 673 7 OCTOERE 1932
405 594 540 670 ate
404 674 668 762 #chinture —
407 790 678 872 Erposition —
718 838 3363 981 CHRONIOUE DES THEATRES DE P
944 1038 3366 1152 THEATRE DE LAVENUE (Compagnie Pitoëff): La Ronde, piéce en dix tableaux d’Arthur Schnitzl
1435 1120 2959 1189 traduite par Mme Suzanne Clauser, MM. Remon et W. Bauer.
1312 1176 3127 1264 THEATRE DE L’GUVRE: Corps d corps, trois actes de Mlle Fordyce.
3070 1303 3377 1398 Vienne, en
2204 1308 3079 1405 liberté. Le ton des rendez-vous change,
1322 1310 2197 1399 1cc jadis assez proche, d’une désinvol¬
495 1314 1328 1398 Arthur Schnitzler, qui e est avcc
3077 1380 3378 1442 encore elle f
2212 1385 3073 1437 ##rie avec la montée sociale; toutes
1336 1387 2201 1455 ture infiabituelle. C’était le & vrai 2,
459 1377 1334 1451 Gerhard Hauptmann le premier anteur
3076 1423 3389 1495 Tusa, des lo
2204 1425 3079 1480 les repliques de ces dialogues ne con¬
1334 1429 2205 1496 ie vrai que T’on ne veut pas admettre
462 1442 1328 1491 dramatique allemand de son époque 2,
3078 1475 3389 1548 et autrichie
1329 1480 3082 1551 au premier abord lorsqu'il apparait###tiennent que l’essentiel: la coquetterie
461 1485 1333 1549 nous dit son excellente traductrice,
3124 1521 3386 1593 Elie est
2205 1520 3080 1593 de in femelle, sa rcculade, son cri d’ap¬
1334 1530 2212 1582 avec ses nudités sans arlilice, aussi bien“
458 1512 1336 1595 Mme Suzanne Clauser, écrivit La Ronde
3085 1574 3374 1632 goüt et un
2207 1570 3082 1643 proche, sa peur, sa soumission, puis
1331 1575 2199 1651 en littérature qu'en peinture. Voyez la
468 1582 1333 1653 en 1882. I avait vingt ans. Ces préci¬
3084 1614 3385 1680 Mme Pitoöff
2205 1607 3077 1682 son désir de tendresse; et, de la part
1332 1615 2204 1677 gloire de Manct et songez au ricane¬
459 1622 1334 1697 sions sont nécessaires pour que l’on
3077 1658 3375 1730 Pitoéff sont
2206 1672 3077 1744 du mäle, T’ardeur rusée, le mensonge,
1338 1670 2210 1732 ment qui accueillit ses premiers ta¬
463 1676 1328 1739 puisse apprécier, à sa valeur, La Ronde.
3084 1717 3384 1786 M. Louis Sal
2210 1722 3078 1776 Je désir tout court et, ensuite, T’ennui,
1333 1721 2202 1781 bleaux, ceux-la mèmes qui, aujour¬
466 1714 1324 1792 Pour 1882, c’était là d’une hardiesse
3081 1764 3378 1828 homme, est
2208 1767 3077 1822 Ie détachement, la libératrice cigarette¬
1344 1763 2203 1834 d’hui, s’imposent admirables. Chacun
464 1769 1336 1821 aussi audacieuse par le sujet que par
3084 1804 3388 1877 infatué dans
2201 1814 3070 1879 pipe, etc., etc., fumée de cet acte déja
1332 1812 2210 1892 des tableaux vivants de La Ronde n'a
459 1823 1327 1892 sa conception scénique. C’était, à cettc
3078 1863 3375 1915 T’autre, et 11
2203 1856 3081 1930 cendre des son principe. Pour complé¬
1340 1866 2205 1932 pas la méme valeur. Les premiers sont
461 1867 1339 1932 époque, l’ère du naturalisme, et du
3088 1912 3389 1986 jolis et inge
2209 1908 3081 1974 ter ces images, j'aimerais quelques
1337 1916 2215 1975 les moins bons, sans doute parce que
463 1906 1338 1969 Théätre Libre à Paris, et de Gerhard
2214 1966 3082 2022 rencontres d'animaux, et mème d’in¬
1335 1964 2207 2019 la rencontre bréve nous étant montrée
455 1966 1333 2029 Hauptmann en Allemagne. Mais, cette
2215 2004 3083 2069 sectes: voir Mmne Pitoéff en chatte, en
1329 2000 2204 2088 entre des créatures d’assez basse caté¬
463 2002 1344 2074 idée de tableaux successifs, formant un
2214 2059 3089 2125 jeune génisse, en cavale, en colombe,
1333 2057 2218 2130 gorie, les mots sont sans fard, la häte
465 2058 1337 2123 enchainement, l’avait-on, avant Schnitz¬
3135 2041 3380 2132 Le Corps
2213 2102 3094 2161 en libellule... Pensons à Fahre et à
1347 2102 2212 2162 est plus triste. Mme Pitoéff est, tour à
471 2107 1342 2177 ler, déjà imposée à la scène? En
3099 2095 3388 2175 (que rous a
2213 2155 3078 2211 Gourmont... Au fond, cette Ronde hu¬
1338 2151 2223 2213 tour, avec une rare maitrise, la fille des
3088 2162 3389 2224 son talent d
473 2161 1345 2220 voyant La Ronde, mise en scène avec
2215 2194 3081 2260 maine, sauf dans la scène de T’actrice,
1342 2201 2207 2265 rucs, la servante, la petite cuisinière,
3083 2202 3388 2275 de vraies qu
457 2204 1345 2266 un tel pittoresque à l’Avenue, vous pen¬
2216 2246 3078 2310 nous montre, en amour, l’infériorité de
1340 2250 2215 2298 une e femme mariée 9 ridicule et infi¬
463 2266 1344 2315 serez à des moments fameux de Maia,
3089 2248 3395 2326 jouer le rö
2211 2295 3090 2361 la femme, töt délaissée, toujours ber¬
1336 2297 2208 2360 dele ou conjugalement décue, une mi¬
465 2305 1347 2364 à des épisodes de la récente Chambre
3087 2302 3372 2368 d’affaires .
2214 2349 3088 2408 née.,, Mesdames, pour vous dédomma¬
1338 2336 2219 2405 dinette dansante, pauvre petite mon¬
3087 2348 3372 2417 röle deux
468 2336 1349 2412 d’Hôtel (ce grand succès que Baty re¬
2216 2393 3085 2462 ger, lisez les histoires de la pariade du
1347 2395 2202 2467 cheronne de luxe — une des plus ravis¬
467 2391 1339 2476 prend au théatre Montparnasse). Mais,
3084 2400 3388 2467 disant qu'el
1339 2432 2215 2517 santes réussites de Mme Pitoöff — et
2221 2446 3086 2512 scorpion, de la mante religieuse, de
3080 2446 3384 2513 texte de sa
473 2448 1348 2509 en 1882! Le jeune Schnitzler n’osa pas
2223 2490 3085 2562 Taraignéc.. Lä, ces messieurs sont man¬
1344 2495 2216 2549 une actrice à la mode g jouantes son
465 2506 1347 2562 lutter alors avec la censure monarchi¬
3075 2495 3383 2570 affirma en
2208 2543 2347 2609 868.
1345 2541 2220 2597 röle d’amante comme si elle le vivait
3079 2538 3384 2612 M. Pierre L
465 2546 1340 2612 que austro-hongroise; et il garda long¬
2261 2565 3087 2649 La Ronde, dont les héros sont à la
1339 2589 2224 2664 à la scène, en outrant les effets, et iro¬
467 2579 1349 2657 temps en un tiroir fermé le manuserit
3085 2592 3387 2663 pecté. Et ung
2218 2621 3093 2703 recherche du bonheur au dela de
1340 2628 2208 2697 nisant ses déclarations. Que d’art, que
479 2641 1347 2700 de cette Ronde ou son jeune talent
3079 2636 3387 2703 nuscrit en
2219 2686 3090 2748 Tamour et qui ne parviennent qu’à
1346 2685 2215 2743 de talent, que de dons multiples sont
3086 2689 3384 2757 pour étre bie
473 2681 1342 2754 d’innovateur et de philosophe poétique
2218 2743 3096 2792 cireindre un moment de désir dont l’il¬
1345 2730 2213 2796 nécessaires pour réussir ces appari¬
3081 2737 3382 2803 était aussi
466 2724 1342 2803 éclatait déja. Romancier et anteur dra¬
2221 2776 3086 2842 lusion est aussi bréve que vite dissipee.
1349 2788 2218 2837 tions successives, ces personnages fé¬
3088 2777 3396 2855 àla fois 8
471 2786 1353 2849 matique, on l’a beaucoup comparé a
2215 2824 3093 2886 La Ronde, lorsqu'elle fut jouée à Ber¬
1347 2829 2221 2889 mninins allant de la pauvreté à l'aisance,
476 2828 1348 2903 notre Maupassant et, autant que j’en
3089 2832 3384 2897 dlialogue ex
2219 2875 3094 2937 lin, fut interdite par la censüre. A
1344 2880 2222 2948 à la richesse, à la bourgeoisie, à la
3085 2885 3386 2949 en l’écoutan
474 2879 1346 2952 puisse juger par le miroir des tradut¬
2214 2891 2320 2958 41,
3093 2929 3384 2994 Voulez-vous
465 2933 1364 3003 tjons. —car Ld Ronde a déja paru en
3098 2978 3386 3049 leurs, les ir
470 2984 1365 3042 librairie française, ainsi que La Penom¬
473 3028 1364 3092 hre des dmes, ou il y a des nouvelles de
3089 3024 3370 3089 raient trés
471 3065 1366 3147 grande et sombre beauté, — le talent de
3094 3050 3392 3138 vous travail
3090 3116 3395 3189 nette est un
473 3121 1355 3183 Schnitzler comprend une part de mys¬
3091 3167 3284 3235 Lewis,
465 3178 1353 3234 tère humain, que nous ne trouvons pas
467 3216 1362 3290 dans les nouvelles et les romans, enfin
3092 3211 3390 3287 lents parrain
475 3268 1361 3336 dans les évidents chefs-d’ouvre de l'au¬
3092 3265 3390 3336 de l’édition
465 3315 1367 3379 teur de Bel-Ami. Schnitzler devint cé¬
3092 3308 3393 3380 mier acte, e
472 3357 1357 3425 lebre par une piéce en trois actes:
3085 3360 3393 3443 beut sur un
478 3395 1369 3474 Amourette; et, pourtant, il chérissait
3330 3414 3392 3475 0
474 3458 1355 3530 les successions de tableaux formant une
475 3506 1360 3575 chaine à la fois disparate et renouée,
463 3558 1358 3616 telle que le hasard, le destin, les ren¬
461 3603 1359 3678 contres en tissent bizarrement, rappro¬
478 3637 1363 3729 chant les étres les plus divers. Anatole
464 3702 1365 3760 est ainsi toute une histoire composée
3293 3746 3383 3806 vée,
476 3748 1358 3804 de petits actes, un cyele de skeiches.
3182 3798 3381 3860 s en faire
463 3799 1358 3860 Mais, citons sa traductrice, Mme Clau¬
3088 3800 3201 3862 pas
3097 3843 3392 3906 donc et acce
477 3837 1365 3906 ser:  Ses chefs-d’euvre se succédent
3095 3885 3400 3958 pétent, de 1
475 3895 1367 3957 sur les scènes allemandes: Paraceise,
3090 3938 3388 4004 elle plaque
471 3941 1369 4017 Le Perroquet vert, La Route solitaire,
3101 3989 3388 4059 insouciant,
472 3984 1371 4066 Le Voile de Béatrice, L'Ame est un
3099 4037 3387 4101 cn qui elle
473 4035 1361 4106 vaste monde, L’Interméde, La Comédie
3106 4081 3394 4150 taire fastuel
480 4086 1368 4145 des mots, Les Heures vivantes, Les
3101 4105 3408 4198 piece, les 5
471 4116 1369 4205 Marionnettes, Le professeur Berhurdi,
3095 4171 3413 4253 pour le veng
475 4181 1366 4248 Le Jeune Médard, autant de chefs¬
3105 4226 3396 4276 n’est qu'un
465 4220 1376 4293 d’cuvre qu'acclame le public Enthon¬
