3532 4384
306 297 867 398 11. Reigen
1026 299 1468 394 box 19/2
1729 279 2551 390 „OBSERVER
1841 359 2522 430 I. österr. behördl. konzessioniertes
1789 401 2543 498 Unternehmen für Zeitungs-Ausschnitte
1858 459 2474 544 WIEN, I., WOLLZEILE 11
1928 529 2437 601 TELEPHON R-23-0-43
1959 655 2243 742 N De Deeii
2271 713 2690 844 TORDRE
1782 778 2023 848 Eatrall de:
2120 830 2807 923 RUE TRUNCHET, 31, VIII
1777 869 1982 945 Adresse
1780 918 2750 1055 date 30 SEPTEMERE 1932
1791 1073 2060 1149 Siqnature :—
1780 1150 2058 1236 Exposition
2131 1170 2833 1263 EEESESLEEIINHIIEEENNEEE
1849 1255 2785 1412 Théätres
1399 1342 1770 1441 Los
1520 1483 1652 1556 44
1816 1460 2481 1588 RONDI
1462 1570 2747 1670 Comédie en dix tableaux de Arthur Schnitzler
1376 1641 2803 1728 Traduite par Suzanne Clauser, M. Renon et W. Bauer
1757 1724 2429 1807 au Théätre de I’Avenue
1395 1844 2850 1896 On peut assurer que le ménage Pi“#euvres obstinément d’avant-gorde.:
1355 1883 2834 1949 loëff vient de remporter la un delll n’en demeure que des idées par¬
1350 1918 2837 1976 ses plus beaug succès. Comme met-Ffois heureuses, et des prétentions.
1343 1975 2841 2027 teur en scène M. Georges Pitoéff Une scule scène de Marivaug déeritt
1356 1989 2848 2052 est en droit de s’enorqueillir de sal miene Lamour et toutes les amours
1346 2057 2840 2099 présentation de la Ronde. Synthéti-Ique les die tubleaug de la Ronde.]
2090 2077 2843 2137 On u retrouve simplement le pessi¬
1353 2083 2094 2136 que, mais satoureuse, évocatrice et
1342 2127 2845 2183 stulisée, simple mais remplie de dé-Imisme post-romantique de la fin dul
1350 2172 2843 2211 tails amusants, elle nous proposeIXIX“ siècle, un apitoiement louis¬
1346 2189 2849 2251 les dir tableaux de la comédie d’Ar-Iphilippard sur la semme, éternelle
1346 2244 2849 2290 thur Scknitzler, non point sans dou-Trictime des appétits de Uhomme,
2098 2278 2856 2337 préjugé bourgeois encore à démon¬
1358 2283 2088 2354 te seion la porodie viennoise, mais
1625 2313 2844 2364 atmosphère sombre, Itrer et auquel Fernand Divoire com¬
1346 2327 1621 2398 dans une
1357 2363 2843 2416 dense, pittoresque, assez compara-Vmença à faire justice en déclarant:
1352 2394 2854 2462 bie à celle des grands füms alle-1e Quand lhomme est réaliste il est
1363 2432 2854 2491 mands. Comédien, M. Georges Pitoéfflmufle; quand la semme est réaliste
2099 2481 2471 2547 selle est semme. „
1352 2484 2097 2534 fut un comte arrogant, vain, né abec
1360 2520 2111 2577 des bottes et prêt d mourir dans ses
2136 2518 2853 2610 Cest sans doute pour cela que
1348 2562 2092 2624 galons. II possede un sens curieur
2106 2592 2859 2642 mufle n'a pas de féminin., mais
1357 2602 2093 2664 de Pkumour et parvient à une sorte
2109 2626 2837 2679 nous supposerions volontiers que
1359 2652 2097 2695 de satire tout en demeurant imper¬
2112 2653 2846 2735 tendresse s’emploje surtout au mas¬
1358 2682 2090 2735 turbable et sérieug. Puis il réapparut
2107 2707 2254 2774 culin.
1358 2734 2097 2780 ivroqne déconcerté et sentimental..
1353 2755 2110 2819 toujours arec ce côté lunaire qui
2137 2744 2864 2833 Ce n’est l’avis ni d’Arthur Schnitz¬
1362 2804 2105 2872 imprime d beaucoup de ses person¬
2090 2803 2861 2872 ler, ni de sa génération. Aussi une
1364 2838 2043 2912 nages un singulier pathétisme.
2084 2839 2855 2905 Isoirée au Thédtre de l'Avenue est¬
2110 2885 2861 2943 elle d recommander.,, On u trouveral
1405 2888 2103 2945 Ame Ludmilia Pitcëff jouait le
1363 2925 2851 2979 rôle de la Femme. Pöur nous en con-sun spectacle supérieurement monté
2109 2963 2856 3028 et parsaitement joué., un document
1366 2978 2108 3022 vainere, elle incarna eing femmes
2111 3007 2858 3057 sur T’esprit de nos pères et une leçon!
1366 3013 2096 3067 différentes. Tour d tour elle repré¬
2112 3042 2859 3108 de modestie pour les prétendus no¬
1360 3050 2097 3107 senta la Fille. la Femme de chambre,
1356 3087 2688 3146 la Jeune femme, la Midinette, l’Actri-Trrteurs de la dramaturgie.
1368 3122 2111 3176 ce. Pour chacune elle modifia sal
2410 3125 2728 3190 Par intérim :
1364 3166 2119 3228 manière, II est licite de préférer
2240 3153 2856 3243 Lucien Farnoux-Reynaug.
1369 3198 2126 3272 lune d’entre elles, mais on ne peut
1365 3250 2124 3311 qu'admirer une telle süreté dans la
1372 3296 2110 3342 diversité et un talent aussi pré
1371 3311 2126 3378 cieug.,, car les vraies comédiennes
1364 3366 2118 3418 sont rüres de nos jours d Paris, et
1363 3403 2127 3479 Mme Ludmilia Pitoéff est une gran¬
1367 3451 1731 3512 de comédienne.
1416 3491 2113 3562 MM. Raymond Dagand, Louis Sa¬
1363 3540 2123 3605 lou, Geno-Ferny eurent la täche dif¬
1368 3571 2126 3628 sielle c’être ses partenaires au cours
1377 3616 2133 3696 des brefs sketches qui composent la
1376 3657 1540 3720 Ronde.
1423 3691 2135 3766 Car la Ronde n’est pas une comé¬
1378 3751 2132 3801 die. Elle prétend représenter Va¬
1371 3790 2123 3839 mour durant une ronde qui est plu¬
1370 3832 2121 3877 tôt une danse macabre menée par la
1374 3866 2126 3923 Fille et durant laquelle les différents
1378 3912 2125 3965 types de semmes et d’kommes se
1374 3939 2133 3993 rencontrent, uniquement pour geste.
1379 3990 2141 4049 En écoutant cette eudre née aus
1383 4018 2130 4080 alenkours de 1890 et qui dut appa¬
1384 4061 2122 4126 raitre audacieuse de fond et de pré¬
1378 4099 2139 4155 sentation d Lépoque, on ne peuvait
1380 4150 2155 4215 s’empécher de songer à lindigenee des
