3484 4320
259 137 818 244 11. Reigen
981 137 1409 227 box 1972
1185 974 1332 1077 214
1620 979 2144 1080 LA REVUE DE PARIS
1190 1065 2589 1174 avec sa victime. C’est ce que j'appelais, en 1927, une  vue
1198 1148 1662 1229 oblique ) du sujet.
1238 1224 2579 1284 Dans la Fleur des pots, le propos, encore qu'il soit genéra¬
1191 1279 2585 1327 lement considéré comme plus génant que celui de la Prison¬
1192 1329 2589 1384 niere, est ou semble abordé de front: pan! en plein dans ie
1193 1408 2581 1466 mille! Mais, si je dis esembley, ce n’est point sans intention.
1191 1445 2578 1520 La Prisonnière, en effet, est un drame, la Fleur des pois, une
1204 1510 2586 1578 comédie, et une comédie qui, à la minute mémne ou le thème
1201 1565 2577 1644 scabreux est attaqué, brusquement tourne à la farce. La diffé¬
1198 1623 2585 1676 rence est énorme. Soyez sürs qu’elle n’a point échappé à
1193 1695 2583 1754 M. Bourdet, lorsqu’il a du prendre une décision sur le tour
1194 1751 2590 1817 qu'il donnerait á son ceuvre. II appartient à l'homme de
1200 1808 2583 1867 théätre qui domine sa matière de prévoir ce que, en tel lieu,
1205 1861 2586 1939 en telle année, vu l’état des esprits et l’évolution des mceurs,
1199 1925 2598 1991 il peut dire et comment il peut le dire, bref ce qu’il peut faire
1196 1976 1637 2047 avaler à une salle.
1236 2025 2590 2099 M. Bourdet a fait preuve d’intelligence en portant son
1208 2091 2596 2163 étude sur le plan comique. Outre que ce choix satisfaisait en
1195 2165 2602 2230 lui le penchant qu’il a pour la satire; ily trouvait d’autres
1202 2216 2598 2284 avantages: le comique est un miroir déformantqui dépouille
1200 2266 2592 2336 T’image de ce qu’elle aurait d’embarrassant, d’intolérable
1198 2330 2592 2402 dans sa stricte réalité. Le comique charge la cculeur, et
1202 2390 2600 2453 parait ainsi (encore un bénéfice!) outrer la hardiesse de la
1209 2455 2582 2523 peinture, alors qu’il l’atténue, la transforme en divertis¬
1204 2496 2591 2580 sement, en un jeu de tréteaux, en parade. Cela est si vrai
1201 2552 2598 2635 que, le plan comique une fois adopté, l'habile auteur n'a pas
1196 2621 2595 2691 manqué d’abonder dans ce sens. Les sourires, les rires fins
1200 2680 2585 2754 neussent pas sufli à détendre l'atmosphére créée par l’étalage
1200 2737 2588 2797 d’une passion scandaleuse. II fallait, pour assainir l’air,
1204 2800 2217 2861 déchainer le gros rire. M. Bourdet ya réussi.
1247 2841 2593 2916 Lä ne s’est pas bornée son astuce. Quelles que soient, dans
1203 2903 2577 2975 un certain monde, dans le monde tout court, qui est précisé¬
1204 2971 2593 3045 ment le milieu que l’auteur met en scene, les complaisances
1206 3032 2589 3113 de l’opinion à l’égard de l'anomalie en cause, il est certain que
1203 3087 2593 3146 le tableau de l’inversion masculine, au cas ou il s’agirait
1202 3162 2601 3224 d’un amour partagé, serait, au théätre, chez nous, et en 1932,
1208 3207 2591 3277 impossible. M. Bourdet fait asseoir Toto et Albert, face au
1203 3262 2588 3339 public, sur un petit canapé. Toto lorgne Albert et lui glisse
1200 3325 2617 3383 mainte invite; mais Albert, qui est tout ce qu’il y a de plus
