3532 4384
290 232 883 325 11. Reigen
995 223 1449 305 box 19/2
1877 187 3037 261 PREMIERE PARISIENNE
2543 243 2743 287 —
1764 292 3204 409 La Ronde au Théätre de l’Avenue
2463 437 3208 503 sai de représentation il y a de cela quel¬
1733 440 2443 489 Je ne sais qui touchera les droits de
2462 488 3200 529 ques années à la Licorne? Eh bien, cette
1692 486 2453 525 reproduction des pieces que l’on joue en
1703 516 2455 566 ce moment, mais ils serant abondants.
2470 522 3207 562 piece a les défauts de construction du
2468 552 3204 602 genre naturaliste, elle nous donne dix
1694 554 2436 608 Chacune compte, en effet, un ou plu¬
2466 586 3204 632 tranches de vie. elle pourrait tout aussi
1705 587 2454 633 sieurs accouplements et celle que l’on
2470 625 3201 672 bien nous en donner cent ou mille.
1707 629 2447 676 nous donna hier soir, de l'Allemand Ar¬
1708 666 2449 702 thur Schnitsler,comporte un acte..
2467 655 3199 695 Mieux encore, il s’agit de nous montrer
1712 688 2452 737 sexuel par scène, et il yen a dix! C’est
2460 689 3194 737 que. dans tous les milieux, les rapports
1710 721 2455 760 Mme Pitoéff qui supporte brillamment
2453 727 3195 763 de l'homme et de la femme sont identi¬
1699 748 2439 813 #tous ces assauts sous des visages diffé¬
2465 762 3199 803 ques lorsqu'il s’agit de désir sexuel et
1717 792 2449 834 rents et jamais l’intelligente artiste ne
2469 785 3207 837 que c’est tout au plus si I'hypocrisie croit
1704 827 2448 879 remporta un pareil succès triomphal de
2467 828 3203 871 avec le rang social. Evidemment, de là
1698 853 1974 909 composition.
2455 858 3203 904 une uniformité voulue de toutes les scé¬
1741 868 2447 932 Ajoutez à cela l'heureuse traduction
2464 893 3192 938 nes qui présentait un réel danger. Le
1707 918 2443 973 de Suzanne Clauser, Remon et Bauer,
2464 932 3195 975 danger Schnitzler l’a écarté en partie
1703 952 2456 1009 une mise en scène de Pitoëff ultra mo¬
2461 965 3190 1005 gräce à son prodigieux talent dobserva¬
1709 991 2447 1031 derne pleine de couleur et d’originalité,
2461 997 3195 1052 teur et à la valeur synthétique des répli¬
1706 1025 2449 1070 et vous comprendrez avec quel brio le
2465 1030 3141 1073 ques choisies et puisées dans la vie.
1710 1064 2455 1100 Théätre de l'Avenue est arrivé à repré¬
2487 1070 3202 1118 II ya des scènes qui s’élévent tres au¬
1706 1090 2454 1144 senter une piéce réputée injouable de¬
2456 1095 3199 1149 dessus du simple tableau: celle de
1703 1123 2261 1174 puis la fin du siècie dernier.
2454 1131 3197 1174 l’adultère entre Alfred et Emma, celle
1743 1154 2445 1200 Car La Ronde date du beau temps du
2467 1171 3196 1210 surtout de la femme et de son mari,
1699 1194 2445 1231 naturalisme et elle était tres en avance
2460 1203 3193 1244 pleine de dessous et de visées sociales
1711 1232 2449 1269 sur l’époque autant par ses hardiesses
2459 1235 3189 1280 lointaines. L’auteur dramatique fournit
1707 1262 2445 1305 que par sa conception scènique. Durant
2469 1273 3191 1330 également deux scènes qui valent une
1709 1297 2455 1344 dix scènes successives, nous assistons, en
2464 1301 2823 1353 piece tout entière.
1709 1333 2449 1374 effet, au méme thème développé symé¬
2477 1321 3198 1385 Pour nous résumer, les défauts de
1714 1364 2448 1405 triquement: un homme rencontre une
2458 1365 3202 1419 l’ouvrage sont des défauts d’époque et
1710 1399 2451 1442 femme, la possede dans la coulisse et ui
2466 1408 3195 1453 ses qualités sont de tous les temps. On
1707 1423 2437 1466 s’en soucie plus son désir satisfait, ie.
2464 1443 3200 1481 ira voir cette pièce par curiosité, un
1700 1465 2451 1520 personnages changent mais l’action est
2467 1477 3205 1525 peu comme on alla voir Maja, mais on
1697 1498 1918 1547 identique.
2460 1507 3203 1555 sera surpris de ne rien trouver de mal¬
1743 1527 2440 1574 C’est d’abord la pierreuse Léocadie qul
2465 1541 3201 1589 sain m de bassement érotique dans cet
1705 1565 2445 1616 sur un pont du Danube, arréte un sol¬
2461 1577 3211 1622 ouvrage ou. seule, la grande voix de la
1709 1597 2446 1640 dat et, pour son plaisir, l’entraine gra¬
2472 1612 3195 1656 nature se fait entendre d’angoissante
1709 1627 2443 1670 tuitement sur un banc volsin; l’autre
2460 1647 2614 1699 Tagon.
1701 1654 2446 1707 ensuite la laisse tomber.,, fort heureuse¬
2810 1669 3208 1740 G. de Pawlowki
1705 1700 2461 1746 ment à côté du Danube. Puis c’est la pe¬
1717 1729 2464 1777 tite. Marie téchappée an répertoire „de
1711 1764 2454 1809 Saint-Georges de Bouhélier) qui vient
1713 1796 2457 1839 se faire violer dans la cave du dancing
1710 1830 2462 1876 par un matelot; le jeune homme qui
1708 1862 2465 1899 convolte la femma de chambre qui ne#
1712 1893 2470 1937 demande pas mieux; le jeune homme
1709 1936 2464 1978 qui attend chez lui la femme mariée, quf
1717 1967 2457 2013 la rate, la reprend et ne cache pas sa
1716 1989 2468 2045 Joie orgueilleuse d’avoir eu pour mai¬
1719 2020 2480 2071 tresse & une femme du monde 2. Puis
1717 2067 2468 2109 ce sera le mari qui convolte sa femme
1710 2090 2469 2142 comme maitresse et la femme qui con¬
1713 2135 2468 2174 volte le plaisir qu'elle ne connait pas.
1716 2168 2474 2212 Nous retrouverons, dans un cabinet par¬
1706 2194 2465 2247 ticulier, le mari qui a entrainé là une
1710 2224 2467 2271 petite midinette, l’enivre, en profite et
1702 2255 2475 2309 ne croit pas à ses bons sentiments. Puis
1705 2291 2469 2343 ce sera le fameux auteur dramatique qui
1711 2329 2466 2374 couche à la campagne avec sa petite
1721 2362 2455 2411 amie. Sancta simplicitas;! car la pau¬
1711 2395 2454 2431 vre ne connaft pas son pseudonyme cé¬
1706 2430 2465 2481 lebre de Bibitz et éclate de rire quand il
1707 2460 2477 2516 en parle, II est vrai qu’au tableau sui¬
1719 2498 2472 2539 vant, le célebre Bibitz sera en partie
1703 2534 2473 2585 fine avec la grande actrice qui se moque
1712 2561 2482 2611 de ses prétentions et de son prétendu
1708 2593 2468 2634 talent. Cette mème grande actrice joue¬
1712 2631 2464 2671 ra dans un décor surréaliste la grande
1721 2663 2470 2710 scène de passion à un comte autrichien
1717 2696 2467 2748 en uniforme, dindon prétentieux qui se
1718 2734 2464 2774 laisse prendre au piége littéraire et se
1710 2767 2464 2803 croit philosophe 1. Ce sera enfin, à la
1713 2801 2474 2843 dixieme scène, la pierreuse qui a ramené
1721 2837 2459 2875 chez elle un homme ivre qui se réveille
1720 2867 2470 2914 et qui ne se souvient méme plus d’avoir
1720 2900 2471 2936 été l'amant de la fille la veille au soir.
1707 2936 2472 2979 Puis le décor se raccorde avec celut du
1717 2969 2460 3013 premier tableau, la vie continue identi¬
1708 2998 2492 3054 que en cercle: c’est la ronde, nous dit
1705 3031 2463 3084 Schnitzler; c’est quelque chose, pen¬
1719 3064 2473 3106 sons-Hous, comme la Danse des morts
1712 3109 2483 3154 qui hante toujours un-verveau allemand
1712 3138 2181 3191 des quil s’agit d’amour,
2220 3145 2286 3185 49 4
1746 3149 2472 3221 Cette piéce, ie vous lai dit, est mer¬
1720 3204 2470 3249 veilleusement jouée par Ludmilla Pi¬
1716 3236 2468 3284 toëff qui a su. se transformer avec une
1720 3267 2467 3319 souplesse d’observation, incomparable ;
1710 3296 2480 3358 c’est uns vraie pierreuse, une gaie fem¬
1719 3327 2480 3382 me de chambre coquette, une femme
1716 3382 2477 3426 adultère ridicule, une femme fidéle plei¬
1723 3403 2484 3456 ne de dessous, clest une petite arpéte
1719 3443 2484 3490 sincère et gaie une actrice réaliste et!
1723 3470 2475 3520 désabusée avec les gens de son milieu
1710 3511 2473 3557 et qui joue merveilleusement la comé¬
1722 3540 2474 3586 die lorsqu'il s’aßiti del prendre le riche
1720 3572 2474 3621 dindon dans sa nasse. II faut citer éga¬
1723 3611 2466 3654 lement Pitoéff qui spue de röle du comte,
1709 3638 2480 3695 Louis Salou, qui est un hilarant auteur
1715 3677 2475 3733 dramatique, et Geno-Ferny, d’une vérité
1717 3708 2481 3758 criante dans le röle grandiloquent et
1721 3749 2142 3799 prétentleux du mari.
1741 3765 2477 3824 Mais la piéce, me direz-vous? Que
1724 3807 2479 3855 vaut cette cauvre de Schnitzler. dont on
1713 3845 2467 3894 nous parlait depuis si longtemps et dont
1712 3875 2478 3939 nous ne connaissions qu'un timide es¬
