3484 4384
1079 121 1468 197 box 19,
369 124 913 211 11. Bigen
941 1303 1520 1362 ENU DE DEBITeeereeeteereeeee
1126 1366 1672 1491 PARIS-HTD
740 1425 1009 1485 Ertraft de:
1088 1468 1719 1545 RUE ROYALE, 25, VIII
757 1530 945 1583 Adresse
746 1621 905 1679 Date:
1068 1588 1713 1696 19 SEPTEMBRE 1032
752 1723 1726 1785 Stanature
758 1824 1480 1876 Punoerlion"
986 1857 1738 1932 Lee-Nöliveautés et Reprisesef
1149 1919 1593 1988 de la Semaine 9
1003 1983 1722 2043 Mardi, au Théätre de la Mädeleine, en
976 2030 1719 2068 soirée, répétition genèrale de Mozart, de
973 2064 1602 2104 Sacha Gultry. Mercredi, première.
1048 2081 1720 2143 Ala Gaité-Lyrique, La Traviata, Les
973 2120 1347 2172 Noces de Jeannette.
1024 2132 1715 2193 — Au Théätre Clunv première (reprise)
978 2174 1721 2233 de Francs-Maçons, de MM. Claude Rolland
977 2212 1211 2252 et Leprince.
1015 2226 1726 2273 Mercredi aux Varlétés, en soirée, répé¬
977 2267 1717 2304 tition genérale de Auril, de MM. Georges
965 2289 1699 2343 Berr et Louis Verneuil. Jeudi, première.
1009 2309 1728 2374 Jeudl, au Théätre de l'Avenue, en sol¬
980 2344 1724 2387 rée, répétition générale de Lu Ronde, de
972 2387 1533 2425 Schuitzer. Vendredi, premlère.
1162 2390 1733 2460 Porte-Saint-Martin, première (à
980 2440 1728 2491 ce théätre) dé Le Scandale, d’Henry Ba¬
967 2473 1105 2527 taille.
1086 2477 1732 2536 A la Gaité-Lyrique, reprise des Mous¬
978 2536 1391 2581 quetaires au Couvent.
1035 2553 1730 2604 —Au Cirque d’Hiver, réouverture avec
965 2588 1656 2639 un programme d’attractions inédites.
1054 2607 1737 2661 est possible que ce tableau soit quel¬
977 2648 1619 2697 que peu modisié per les évenements.
1279 2681 1417 2720 Ar
1012 2690 1732 2758 La répétition génèrale de Touku, à
975 2737 1741 2781 I'Athénée, la comédie de Félix Gandéra,
976 2770 1720 2826 aura lieu irrévocablement mardi soir 27
969 2803 1151 2850 courant.
1080 2827 1546 2899 eelsteakak
2268 861 2843 926 Ne DE DEBI“ ssessanssesgererer eeeee
2128 974 2342 1048 Pratl de:
2350 950 2973 1063 L.E JOURNAL
2095 1070 3028 1137 Adresse: RUE DE RICHELIEG, 100, ir
2091 1178 2233 1234 Date
2257 1172 2893 1285 20 SEPTEMGRE 1932
2100 1252 3049 1336 SthnatuireS
2586 1364 2791 1412 —
2318 1400 2854 1453 LA REPETITION DE CE SOIR:
2320 1410 3033 1481 Au Théätre de la Madeleine, à 21 h. 15,
2290 1467 3038 1513 répétition générale de Mozorl. de M. Sachal
2293 1493 2931 1549 Gultry, musique de M. Reynaldo Hahn.
2313 1531 2815 1571 LES REPRISES DE CE SOIR:
2313 1547 3033 1593 A la Galté-Lyrique, à 20 h. 30, unique re¬
2283 1587 3036 1646 présentation de la Traviata et des Noces de
2270 1625 2481 1682 Jeannelle.
2356 1634 3024 1688 Au Théatre Cluny, à 21 h., promière (re¬
2281 1683 3037 1738 prise) de Franes-maggus, de MM. Claude
2287 1715 2596 1765 Roland et Leprine
2603 1718 2756 1782 5
2275 1757 3027 1822 TPERA. — Vendredl prochain, Lohenarin
2320 1800 3037 1840 J sera chanté par M. Saint-Grieg avec Mmes
2293 1834 3031 1870 Hoerner dans le role d’Eisa, Mahlen danz
2291 1862 3032 1897 celuf d’Ortrude, MM. Nougaro dans ceint de
2287 1893 3035 1931 Frédéric et Grommen dans celul du roi Henrl.
2278 1921 3033 1984 (OMEDIE-FRANGAISE. — Mme Segond¬
2328 1954 3037 1993 I Weher parattra jeudi, en matinde, dans
2286 1987 3026 2024 le role d’Agrippine de Brilannicus. Le spec¬
2290 1997 3047 2069 tacle comnnencera par les Caprices de Ma¬
2294 2052 2433 2093 rianne.
2320 2054 3040 2117 En sotrée, Mile Madeleine Renaud fera sa
2293 2106 3033 2160 rentrée dans ie Monde ou Von s’ennuie, qul
2291 2140 2945 2171 sera Joué après les Honnétes semmes.
2377 2156 3029 2205 Samedl solr, conmmémoration du ein¬
2287 2198 3041 2238 quantenaire de la premtère représentallon
2295 2231 2965 2270 des Corbeaux: poèmes d’Hlenry Becque.
2444 2260 3041 2313 Voyageur et Tamour reparattra sur
2277 2288 3041 2336 Taffiche dimanche, en matinée, avec la Ja¬
2277 2325 2438 2376 lousie.
2302 2331 3044 2388 TETHEATRE DE LA PORTE-SAINT-MARTIN
2283 2382 3035 2419 4 effectuera sa réonverture le samedl 24,
2286 2397 3045 2450 à 20 h. 30, awec ie Seandale, la célehre pièce
2291 2439 3049 2477 d’Henzy Bataille. Interpräté par Mmes Vera!
2291 2459 3041 2517 Sergine, Nesth Blanc, Simone Lancret, MM.
2296 2508 3040 2558 Arqulilière, Armand Bour e: Samson Faln¬
2278 2537 2432 2582 sülber.
2332 2548 2745 2605 La location est ouverte.
2301 2594 3044 2633 TE THEATRE DE PARIS cloturera sa saison
2281 2628 3033 2674 14 d’éié ce solr sur la 350° de Fanny et fera
2298 2655 3037 2691 relache pendant quelques jours pour per¬
2293 2682 3035 2715 mettre les travaux de réfection de la salle.
2285 2714 3038 2752 En möme temps se poursutvront les répéil¬
2281 2741 3031 2776 tions de la comédie en quatre actes de
2286 2778 3037 2812 M. Louis Verneull, dont Mmne Elvire Popesco,
2297 2804 3039 2859 T’auteur et M. Jean Perier joueront les trols
2285 2835 2596 2877 rôles prinelpanx.
2292 2852 3042 2901 VI’H. SARAL-BERNHARDT. — Les matinées
2302 2899 3035 2933 4 du Jeudi reprendront après-demain avec
2289 2928 3037 2971 Ces dames aur chapeaux verts dont le succos
2286 2961 2709 3003 se poursult chaque soir.
2349 2966 3041 3026 THENEE. — La répétitlön générale de
2297 3015 3039 3067 XA Ponkt est remise au mardl 27 septembre
2290 3049 2494 3088 en solrée.
2294 3060 3033 3130 TTHEATRE DE L’AVENUE. — La répétition
2289 3104 3042 3146 A. générale de la Ronde d’Arthur Schnitzler
2297 3135 3050 3178 est reportée au mercreds“eprempre.
2765 3168 2795 3187 —
2379 3161 3035 3215 LOCATION EST OUVERTE an Théäire
2292 3199 3041 3239 1 Mogador pour l’éblouissant speclache
2291 3235 3033 3266 l'Auberge du Cheual blanc. Tél. Trinlié 43-69.
2903 3256 2933 3284 *
2315 3259 3039 3297 ATLLE ALICE DUFRENE créera au Théätre
2289 3298 3041 3330 11 du Discobole une pléce de M. Gaston
2295 3315 3044 3355 Mouren intitulée la Sonale indchenee, mu¬
2284 3350 2899 3394 sique de scène de M. Yves Dautun.
2349 3365 3023 3424 TUDIO DE PARIS (16, rue de Clichy). —
2306 3385 2364 3433 G
2285 3406 3041 3449 E Demoiselles en uniforme la plèce la plus
2285 3444 3044 3477 spériale de la saison, et Histoire d’amour.
2292 3469 2770 3524 Fauteulls, 10, 20, 30 francs.
2298 3520 2573 3573 OPERA, reläche
2346 3557 2626 3607 „
