3436 4384
955 301 1385 380 box 19/2
251 298 780 394 11. Reigen
302 676 1147 770 „OBSERVER
398 758 1090 821 I. österr. behördl. konzessioniertes
359 819 1108 878 Unternehmen für Zeitungs-Ausschnitte
437 872 1043 935 WIEN, I., WOLLZEILE 11
504 926 971 985 TELEPHON R-23-0-43
483 1087 865 1165 N· DE DERITE
630 1145 1178 1248 DArL F MAIL
290 1203 529 1271 E#traft de
536 1229 1280 1315 RUE DUI SENTIER, 36, II
300 1293 467 1358 Adresse
293 1341 1146 1467 au.. 30 SETTERBLE 1932
295 1485 600 1560 Signalure
707 1483 742 1562 —
265 1586 409 1663 15
312 1647 1062 1714 FIVE-PART ACTRESS
361 1758 1008 1826 MME. PITOEFF IN“ LA
547 1804 770 1887 RONDE
432 1869 929 1944 By The Dramatie Critie
343 1918 1073 1987 La Ronde,“ the French version of
294 1982 1068 2028 Arthur Schpitzler’'s panorama of ero¬
293 2025 1065 2077 Tielsin, 1I I may so speak, was played in
306 2063 1068 2112 Paris last evening at the Avenue
295 2103 1069 2160 Theatre. It was kindly received, the
292 2146 1071 2192 first-nighters probably being in an in¬
297 2190 1068 2233 dulgent mood after the enforced fasting
295 2223 1076 2289 from dramatic literature during the
297 2266 618 2327 holiday period.
329 2307 1076 2370 It is one Schnitzler’s earlier works
303 2348 1077 2412 and when written seemed so cynically
295 2396 1075 2448 frank that it created a considerable
300 2426 1077 2500 stir. The public to-day is not so easily
304 2482 1078 2533 shocked and the main interest of La
303 2532 1072 2566 Ronde“ now lies in M. Geerges Pitcch's
300 2551 1086 2598 amusingly original stage-setting and
310 2595 1016 2644 Mme. Ludmilla Pitoeff’s display of
309 2633 1081 2675 many-sided personality in the inter¬
307 2672 1088 2711 pretation of al the feminine röles which
302 2702 1075 2742 range from what the French call so
314 2732 1074 2778 delicately a péripatéticienne to a comedy
304 2770 1076 2826 princess; taking in on the way a kitchen
312 2804 1074 2847 maid, a milliner’s apprentice and a
310 2843 681 2891 woman of society.
342 2862 1028 2914 In form. La Ronde? is a series
308 2915 1026 2967 ten dialogues looselj linked together
318 2953 1076 2999 a unique theme, sexual desire. In each
315 2992 1073 3034 episode, a man and a woman, represerl¬
311 3025 1074 3069 tatives of the various social castes, play
312 3065 1086 3107 the game of love, withdraw, and return
322 3097 1082 3139 in a dispirited frame of mind, the
309 3134 1084 3177 author regarding man as a melancholy
325 3175 1092 3230 animal whien his desires have been
313 3203 514 3260 satisfied.
311 3261 676 3327 PUNGENT WIT.
350 3314 1083 3386 The monotoiw superinduced by the
312 3369 1092 3424 tenfold repetition of a situation, similar
325 3403 1086 3448 in its nature and identical in its dra¬
324 3438 1087 3488 matic development, leaves the spectator
317 3479 960 3523 #t the play equally melancholy.
349 3504 1081 3565 Fortunately, the dialogue is pungently
322 3549 1083 3595 witty: rhe conversation between The
330 3585 1098 3621 Officer and The Actress is fine satire;
334 3619 1092 3664 and the gibes at The Author were
332 3652 1089 3695 keenly enjoyed by an audience in which
334 3694 1094 3735 literary Paris was amply represented.
335 3729 1087 3777 The adaptation is a clever piece of
332 3760 1101 3806 work done by Mme. Suzanne Clauver—
333 3792 1093 3840 to whom Schnitzler transferred the
334 3834 1090 3868 French rights of adaptation and transla¬
325 3867 1092 3919 tion of his writings—and MM. Rémon
325 3903 565 3951 and Bauer.
374 3925 1095 3989 The masculine characters are well
337 3973 1096 4015 impersonated by M. Géno-Ferny, M.
335 4013 1109 4050 Louis Salon. M. Raymond Dagand and
333 4047 1105 4092 M. Georges Pitoeff—who, in staging the
336 4081 1107 4129 episode of The Student and The Cham¬
797 4122 853 4159 a
334 4115 784 4169 bermaid, has solved
865 4118 1115 4163 mechanical.
335 4152 1129 4217 problem which M. Antoine himself r##
339 4193 758 4252 garded as unsolvable.
1963 311 3006 384 Tuan de LITR..SGEANT
2327 371 2953 461 RUE REAUMUR, 100, II.
1961 410 2150 479 Adresse:
1951 501 2912 594 Du O. 30 SEPIEMDNE 1002
1954 611 2199 671 Stqnature
1962 701 2187 762 Exrposition
2145 767 2446 862 Courrier
2189 844 2899 900 && Ce soir, à la Potinière, à 9 heures,
2137 891 2888 928 répétition générale A (coupons orange)
2145 937 2883 972 du spectacle du Théätre russe Karous¬
2134 959 2241 1007 sel.
2246 968 2902 1040 A l'Athénée, à-8 h. 45, première de
2151 1025 2699 1081 Touki. de M. Félix Gandéra.
2243 1054 2891 1112 Au Théätre de l’Avenue (Cie Pi¬
2376 1092 2922 1160 n. 45, première de la Ronde,
2144 1093 2340 1140 toöff), à
2144 1130 2536 1168 d’Arthur Schnätzler.
2189 1153 2924 1206 && Mistingwett et sa compagnie quit¬
2573 1191 2895 1245 gare de l’Est,
2140 1196 2543 1250 tent Paris ce soir
2146 1229 2912 1282 9 h. 15 — pour l’importante tournée
2153 1266 2683 1329 que nous avons annoncée.
2238 1296 2895 1342 & M. Félix Oudart est engagé à
2142 1327 2900 1381 1’Odéon pour jouer dans L'Affoire des
2140 1370 2907 1426 Poisons, dont M. Paul Abram compte
2141 1407 2682 1448 faire une brillante reprise
2209 1442 2917 1489 &° MM. Jacques Varennes et Duard
2151 1470 2895 1512 fils feront partie de la distribution d’Edi¬
2147 1509 2751 1555 tion spéciale aux Ambassadeurs.
2196 1524 2923 1586 XX M. Paul Azals vient d’étre engagé
2149 1616 2568 1657 revue d’inauguration.
2184 1641 2897 1686 && Mlle Andrée Comte, de l’Opéra-Co¬
2141 1680 2889 1725 mique, est engagée comme danseuse¬
2145 1715 2893 1775 étotle à l’Opéra d’Alger, pour la saison
2144 1750 2345 1795 1932-1933.
2192 1764 2893 1824 &8 Mme Mathilde Comès, de l’Opéra,
2157 1814 2895 1868 vient d’être engagée à la Gaité-Lyrique
2145 1852 2912 1894 pour y chanter le röle de Rachel de la
2141 1896 2905 1936 Juive, le mardi soir 4 octobre. Les au¬
2147 1914 2897 1961 tres interprêtes seront MM. Alexandre
2162 1949 2907 2002 Guys, Valmoral, Cauchemont, Labay,
2154 1988 2858 2037 Toulouse et Mme Marguerite Carmel.
2242 2010 2903 2073 & Pour passer dans un avenir
2150 2051 2914 2093 Cloigné, aux Bouffes-Parisiens, iune opé¬
2149 2099 2900 2134 rette de Moretti, sur le livret de M. Ger¬
2158 2121 2903 2186 bidon, intitulée Un soir de Réveillon,
2184 2161 2674 2201 avec Mlle Meg Lemonnier.
2190 2196 2907 2234 &3 Après plusieurs mols consacrés au
2156 2223 2917 2279 film, le chansonnier Goupil va faire sa
2164 2269 2910 2305 rentrée au cabaret. II vient d’être en¬
2149 2297 2907 2342 gagné par M. Léon-Michel, directeur de
2149 2328 2489 2376 la Lune Rousse.
2201 2338 2915 2413 *& Ce soin (jeudt 29 septembre) à
2153 2398 2913 2444 20 h. 45, aura lieu, au Palsce de la Va¬
2152 2425 2904 2483 renne, une soirée de bienfaisance orga¬
2161 2461 2909 2510 nisée au bénéfice des enfants, par la
2159 2496 2913 2551 commune libre de la Varenne, dont le
2158 2529 2617 2574 maire est Robert Hasti.
2202 2573 2919 2614 M. Bob Faure, qui a présidé à l’orga¬
2159 2600 2929 2668 nisation de cette féte, arcunf un groupe
2160 2636 2419 2692 de vedettes.
2203 2656 2905 2723 Le speaker, M. Cahuzac, présentera
2161 2701 2904 2753 tour à tour Dréan, Milly Mathis, le
2159 2741 2917 2789 chansonnier Goupil. Madeleine Guitty,
2154 2778 2903 2812 Balder, Blanche Delfmeges, Robert Ar¬
2159 2808 2907 2850 noux, Davia, Marguerite Moreno, Dra¬
2151 2843 2913 2902 nem, Pierre Morene, Dinna, Robert Bur¬
2154 2876 2562 2933 nier et Nina Myral.
2203 2893 2899 2961 XX La répétition générale de Une
2149 2950 2912 2990 Temme ravie au Théätre de Paris, reste
2163 2984 2912 3039 fixée au mardi 4 octohre, en matinée, et
2160 3013 2680 3058 la première au mardi soir.
2244 3044 2916 3088 & Le conseil d’administration de la
2151 3083 2906 3128 Fédération des associations du specta¬
2164 3110 2909 3163 cle, a décidé de réunir en un banquet
2157 3153 2910 3199 présidé par M. Dalimier, ministre du
2159 3187 2915 3227 Travail et de la Prévoyance sociale, les
2159 3222 2910 3260 amis de leur président, Blon-Dhin, à
2155 3262 2906 3300 T’occasion de sa nomination dans l’ordre
2152 3291 2914 3335 national de la Légion d’honneur. Ce ban¬
2165 3324 2900 3365 quet aura lieu le mercredi 12 octohre, à
2164 3354 2900 3401 midi 30, dans les salons de la Mutualité,
2159 3385 2914 3447 24, rue Saint-Victor. Le prix du couvert
2166 3425 2542 3470 est fixé à 45 francs.
2194 3438 2916 3507 Pour donner d’autre part, à seh pré¬
2155 3487 2909 3538 sldent, un témoignage affectueux de la
2154 3522 2911 3572 reconnaissance de teus, le conseil a dé¬
2157 3560 2917 3616 cidé d’ouvrir une souscription afin de lui
2172 3594 2919 3641 remettre un eonvenir au cours de ce
2165 3626 2918 3677 banquet. Les souscriptions devront étre#
2159 3664 2909 3710 adressées accompagnées de leur mon¬
2161 3693 2909 3740 tant, sans retard et avant le 6 octobre,
2167 3736 2907 3780 à M. Robert Fribourg, 3, rue de P’Echä¬
2155 3764 2301 3806 quier.
2197 3792 2901 3850 && La direction du Théatre de 1’Em¬
2153 3836 2900 3902 bassy sera désormais assurée par MM.
2160 3876 2786 3915 Roger Ferréel et André Faugère.
2195 3909 2911 3971 M. Charpini et Brancato feront partie
2169 3938 2429 3988 du spectacle.
2185 3975 2915 4032 X5 M. Bacchi, qui dirigea plusieurs
2167 4021 2915 4061 scènes de province, a repris la direction
2167 4058 2915 4115 du Théätre Moncey, succédant ainsi à M.
2167 4080 2386 4138 Malinconi.
2200 4106 2913 4180 3& Le tätre définitif de la nouvelle re¬
2172 4160 2914 4229 vue de Rip, aux Capucines, est Paris,
2171 4198 2597 4241 #in de erise. — E. B.
