3532 4320
323 130 866 245 11. Reigen
1025 131 1466 233 box 19/2
1509 961 1852 1068 LE THEATRE
2238 991 2380 1085 213
975 1047 2378 1174 Ronde aient pu choquer à leur apparition, tant les plus hardis
981 1149 2373 1242 d’entre eux ont encore de mesure. C’estlce tact particulier
971 1213 2375 1296 qui conférc aux épisodes leur piquant. Un homme du mende,
977 1264 2377 1353 observateur sagace, et qui a beaucoup vécu dans une vieille
979 1335 2375 1416 capitale ou la course au plaisir fut toujours assez effrénée,
982 1377 2356 1467 nous communique les résultats de son expérience. Il est désa¬
977 1433 2361 1522 busé, spirituel, souligne de traits mordants ses tableaux de
980 1503 2363 1582 mceurs, parfois pousse un peu la peinture à la charge, mais,
978 1568 2366 1646 en dépit de ses railleries, garde un fond sentimental, car il est
974 1624 2360 1708 d’une ville ou la tendresse et la candeur s’accordent avecle
981 1665 2365 1756 vice mème: la petite fleur bleue et l’ceillet poivré composent
980 1725 1470 1807 le bouquet viennois.
1013 1787 2355 1889 C’est madame Pitoéff qui représente l’Eternel Féminin sous
968 1858 2354 1946 ses différents masques. Sauf que son léger accent, en la ren¬
971 1910 2368 1997 dant immédiatement reconnaissable, crée, dans toutes les
966 1956 2369 2059 situations, une identité de personne qui est précisément à
972 2021 2365 2117 l’opposé de la diversité qu'il s’agit de montrer, presque tout
964 2099 2367 2177 dans son interprétation nous a paru admirable. L’art du
968 2148 2349 2236 comédien, parfois, ne se manifeste jamais mienx que lors¬
970 2208 2357 2275 qu'if doit tourner, à chaque instant, un obstacle matériel
970 2250 1546 2332 imtpossible à surmonter.
1011 2312 2369 2415 La mise en scène est l'une des plus intelligentes que Pitoëff
964 2366 1272 2456 ait réalisées.
1014 2474 2355 2585 M’est-il permis de rappeler que, voici déjà cing ans, dans un
964 2564 2360 2642 essai intitulé l'Amour qui n’ose pas dire son nom, l’auteur de
964 2620 2356 2713 ces lignes fut le premier en France à tenter une étude d’ensem¬
957 2658 2354 2740 ble sur les formes inverties du désir dans leurs rapports avec
963 2740 2356 2819 la littérature de ce temps? Or, quoique mon objet principal
953 2779 2350 2875 füt l’inversion masculine, j'avais été amené alors à faire allu¬
953 2849 2358 2935 sion, dans une note (page 71), à la Prisonnière de M. Edouard
955 2904 2351 2984 Bourdet. Je faisais remarquer que, dans la Prisonnière (1926),
958 2958 2346 3062 comme dans Lucien, le roman de M. Binet-Valmer (1910), le
962 3024 2345 3120 probléme était posé d’un tel biais que le centre nous en demeu¬
947 3090 2346 3179 rait caché. Dans les deux cas, ce qui nous est montré, c’est
953 3139 2342 3223 le conflit familial qui résulte de l’anomalie, et non l’ano¬
955 3209 2349 3296 malie en ehméme. On sait que, dans la Prisonnière, la per¬
959 3251 2357 3348 sonne responsable du trouble, la geölière, si je puis la nommer
946 3329 2355 3417 ainsi, ne paraft pas. A aucun moment elle n’est réunie
