3436 4384
983 109 1421 196 box 1972
297 115 837 207 11. Reigen
703 967 1194 1049 N• DE DEBI‘  dre sresetesetegeen
501 1035 1433 1158 Gtent: COMEEDIA
711 1158 1502 1238 150, AVENDE DES CHAMPS-ELTSEES-VIn¬
504 1180 706 1257 Adresse
502 1270 1342 1382 Daie 20 SEPTEMBRE 1932
512 1371 1474 1448 Signaturgun
516 1486 762 1536 Lonnerlan
523 1533 1281 1583 —
514 1649 1275 1721 Teus los Spoetacios Neurbaux
664 1765 1117 1849 de Cotte Somalno
720 1890 1082 1962 Scht ajeurhos
555 2005 1272 2066 Tous les spectacles nouveaux an¬
526 2039 1278 2114 noncés pour cette semaine sont
524 2090 741 2150 ajournés.
558 2127 1264 2195 Ariel aux Variétés ne passe pas
518 2173 1268 2230 demain et est remis à une date ul¬
516 2221 737 2271 térieure.
555 2234 1277 2310 La direction de I'Alhénée nous
518 2293 1157 2352 communique la note suivante:
577 2342 1267 2386 & La Direction du Théätre de
516 2372 1275 2428 I’Athénée remet à mardi soir 27 sep¬
521 2416 1260 2458 tembre irrévocablement, la répéti¬
527 2430 1269 2498 tion générale de Fouki, la comédie
525 2490 1257 2530 de Félix Gandéra, qui composera le
535 2528 1270 2574 spectacle de réouverture du théätre
531 2565 1265 2620 pour l’inauguration de la nouvelle
536 2608 945 2658 salle transformée. „
564 2630 1258 2699 La Direstion du Théätre de l’Ave¬
529 2688 979 2741 nue nous fait savoir:
572 2724 1274 2777 a Afln de présenter un spectacle
512 2759 1271 2823 tout à fait au point. M. Pitoöff re¬
522 2799 1267 2853 porte au mercredi 28 septembre, en
526 2836 1274 2892 soirée, la répétition générale de La
537 2870 1275 2929 Ronde, d'Arthur Schnitzler, qui de¬
540 2929 1268 2987 vait avoir Teue jeudi 22-septem¬
518 2948 655 3027 bre.
553 2972 1277 3051 La Ronde, qui formera le specta¬
535 3034 1269 3073 cle de réouverture du Théätre de
525 3060 1274 3125 I’Avenue, sera jouée par Mme Lud¬
531 3103 1272 3158 milla Pitoöff qui interprétera les
519 3150 1274 3197 eing roles de femme de cette piéce
518 3201 1274 3245 Elle aura pour partenaires dans les
518 3225 1273 3282 roles d’hommes MM. Louis Salou,
524 3264 1261 3319 Raymond Dagaud, Géno-Ferny e
516 3285 1274 3358 Pitoéff qui a composé pour La Ron¬
527 3338 1282 3402 de une mise en scène particulière¬
523 3384 885 3433 ment curieuse. 9
562 3411 1276 3467 Comme chaque année, la dernière
519 3456 1279 3515 semaine de septembre sera très char¬
516 3502 628 3566 gée.
1878 1137 2908 1209 Erfraft de
1871 1214 2904 1291 AdreseeeeeeRRaee
1824 1271 2295 1356 5, Rue Lenartine,
2563 1298 2789 1360 Septembt
1861 1332 2021 1387 Date:
2140 1365 2393 1423 P.-o 9.
2587 1370 2727 1425 1932
1866 1392 2052 1463 Signé:
2069 1397 2945 1477 AnSeee AeStereseeeeeessesememtstsseterssssssmmnmannstahtsseeesnrenmamesneemrmr
2076 1457 2794 1522 dispensalre, alns adaugmeuce.
2081 1515 2842 1561 docteur Liptschiz, Cest M. Camille Blal-,
2091 1535 2924 1622 sot, ancien minlätre de,da Santé publiquelj!)
2087 1586 2518 1640 qul présidera cé diner
2125 1622 2871 1682 * Afin desprésenter un spectacle tout all
2085 1660 2840 1721 falt au point, M. Pitoöff reporte au mer¬
2082 1709 2827 1752 crodi 28 septembre, en solrée, la répéti¬
2084 1734 2826 1773 tion générale de La Ronde, d’Arthur
2079 1771 2827 1825 Schnitzler, qui devalt avolr lieu le jeudi
2081 1811 2351 1861 22 septembre.
2097 1835 2864 1905 Ronde, qut formerg le spectacle des?
2081 1863 2845 1923 Scouverture du Théätre de l’Avenue, sern
2072 1914 2820 1955 Jouée par Mme Ludmilla Pitoöff qul in¬
2072 1947 2891 2008 terprétera les cing röles de femme desz
2078 1973 2831 2032 cette pléce. Ello aura pour partenaires
2075 2022 2822 2061 dans les röles d’hommes: MM. Louis Sa¬
2078 2051 2825 2096 lon. Raymond Dagand, Géno-Ferny et Pi¬
2073 2069 2876 2127 toéff qut a camposé pour La Ronde unc#
2074 2122 2802 2160 mise en scène particulièrement curleuse.
2107 2157 2867 2222 & Sait-on qu Arthur Schnitzler est con¬
2077 2197 2894 2253 sidéré comme un des plus grands éerl-Iy
2075 2237 2867 2285 valns contemporains en Europe centrale 2|4
2069 2271 2835 2318 II écrivit des pléces de théätre et (ies 11¬
2086 2313 2837 2353 vres tres nombreux, parmi lesquels on
2076 2338 2883 2397 elte plus particuliérement Fraülin ElsejT
2071 2380 2874 2436 et Thereze, traduits dans presque toutes
2063 2417 2824 2454 les langues. Littérateur d’avant-garde, il
2068 2440 2837 2495 est le seul qul, pendant da guerre, n’éeri¬
2080 2480 2822 2528 vit pas un seul mot pour ou contre elle,
2066 2513 2829 2563 sachant garder un mutisme étonnant.
2077 2550 2821 2600 étant donné ses antécédents. Sa fille unf¬
2067 2576 2833 2630 que était mariée à un officler de #armée
2059 2619 2815 2669 italienne. Elle mourut après la querre.
2061 2655 2815 2698 Arthur Schnitzler en éprouva un immensel
2068 2688 2810 2729 chagrin. Lul-mème, resté seul dans sa ville
2067 2725 2768 2788 de Vienne, est mort il ya deux ans.
2106 2753 2827 2821 & Gérard Cony, ie flis de l’excellent Mä¬
2071 2802 2818 2853 riennettiste, fétera avec éclat sa 100° re¬
2074 2844 2816 2893 présentation, le jeudi 22 septembre. La
2070 2885 2826 2940 matin, à 11 heures, i1 recevra la presse et
2402 2917 2524 2964 Masenen.
2080 2912 2270 2967 inanenrar“
