3436 4384
262 287 868 386 11. Reigen
972 280 1410 362 box 19/2
1994 198 2811 281 B
1945 268 2825 330 C’est pourquoi La Ronde n’a point celte
1947 326 2819 368 porlée philosophique qu'on lui a gené¬
1945 358 2824 412 reusement attribuce. C’est surtout un do¬
1956 391 2828 457 cumentaire sur l’amour, un des premiers
1958 439 2830 501 en dale et d’une extrème hardiesse pour
1949 503 2812 543 son époque. Mais depuis, il a été si s. a¬
1958 531 2743 590 vent imité qu’il ne nous étonne plus.
1979 577 2826 651 Les dix scènes de La Ronde se ressem¬
1939 641 2834 690 blent quant au sujet. Elles sont faites pour!
1953 664 2824 730 nous montrer les déceptions qn'entraine
1952 716 2823 782 Tamour charnel et cc sillage de tristesse
1958 758 2819 819 qu’il laisse dans l’äme humaine. L’obser¬
1960 808 2827 857 vation n’est pas neuve. Elle tient mème
1954 861 2821 907 en quatre mots latins. Les scènes qui for¬
1947 888 2819 933 ment la première parlie du spectacle ne
1949 933 2825 988 sont que l’illustration d’une formule bien
1953 1021 2548 1087 ments de la vie du couple.
1979 1084 2821 1141 Les personnages de ces aventures suc¬
1956 1126 2819 1176 cessives sont des personnages-types. IIs
1955 1176 2821 1230 s’appellent le Soldat et la Fille, le Jeune
1945 1215 2818 1261 Homme et la Femme de Chambre, le Mari
1944 1263 2817 1310 et la Jeune Femme, l’Homme de Lettres et
1951 1301 2822 1347 Ie Midinette, etc. Ce sont des échantillons
1953 1341 2826 1407 des diverses calégories sociales. Ce pro¬
1955 1398 2816 1445 cedé, qui était sans doute nouveau au mo¬
1947 1425 2833 1503 ment on la pièce fut eréée, a depuis été
1956 1471 2820 1527 utilisé très souvent. Ces créatures dépour¬
1957 1502 2825 1589 vues d’identité font une étrange figure)
1952 1562 2824 1623 dans une pièce naturaliste. Leur carac¬
1950 1588 2835 1670 tère symbolique s’accommode mal des
1953 1654 2819 1707 propos authenliques que l’auteur met dans
1947 1697 2812 1750 leur bouche. L’usage de la parole esl né¬
1943 1733 2384 1805 faste aux symholes.
1977 1790 2818 1841 Si les premières scènes ne sont que d’un.
1938 1837 2814 1901 intérêt médiocre en dépit, ou à cause de
1937 1887 2812 1936 leur accent véridique, les suivantes sont
1948 1933 2816 1976 par contre excen#tes. Les scènes entre
1946 1969 2822 2026 le mari et l’épouse, l’homme de lettres et
1940 2025 2817 2073 la midinette, le comte et T’actrice, mon¬
1944 2057 2825 2114 trent le veritable talent de Schnitzler.
1940 2100 2823 2160 C’est qu’ici il ne se contente plus d’étre
1938 2139 2818 2204 P’adaptateur des choses de la vie. Ses per¬
1937 2187 2824 2242 sonnages cessent d’étre conformes à leurs
1943 2234 2816 2293 modéles, Ils oublient qu’ils ont été e pris
1942 2273 2836 2317 sur le vif; et retrouvent leur liberté.
1950 2314 2829 2372 La vie renait dans la piéce à l’instant
1945 2361 2655 2417 on l’auteur n’a plus pensé à elle.
1977 2413 2819 2464 Mme Ludmilla Pitoëff nous montre la
1965 2465 2820 2514 & Femme s scus ses diverses incarnations.
1944 2506 2819 2565 II serait vain de lui demander d’être Mme
1946 2559 2820 2611 Frégoli et de ne jamais se ressembler. II
1950 2595 2835 2649 suffit qu'elle soit humaine dans ses diffé¬
1948 2654 2826 2697 rentes apparitions. Elie l’est dans le meil¬
1952 2684 2817 2737 leur sens du mot. Elle a trouvé à chaque
1945 2714 2830 2781 scène un partenaire digne d’elle avech
1946 2768 2814 2813 MM. Pitoëff, Geno-Ferny et Louis Salon
1950 2815 2814 2873 qui ont été excellents. Les décors sont
1950 2866 2819 2918 charmants et la mise en scène tres heu¬
1945 2888 2824 2960 reuse. En somme, une soirée d’un intérêt
1952 2943 2166 3005 véritable.
2312 3022 2423 3091 700
1945 3101 2805 3182 AU THEATRE DES ARTS : * La legon
1983 3161 2812 3219 d’Amour dans un parc 2, piéce adaptée
1988 3216 2812 3285 du roman de René Boylesve, par MM. A.
1983 3265 2532 3341 Birabeau et de La Batut.
1988 3330 2810 3402 Le charmant roman de Boylesve est fait
1955 3399 2806 3441 Jui aussi pour nous montrer que l’amour
1947 3439 2822 3495 a besoin du réve pour vivre. Mais la leçont
1945 3477 2819 3527 ici est faite sur le ton du badinage. C’est
1951 3514 2822 3570 de la philosophie souriante. S’instruire de¬
1945 3568 2315 3626 vient un plaisir.
1985 3604 2816 3673 MM. Birabeau et de La Batut ont adop¬
1955 3656 2817 3716 té ce roman célehre avec beaucoup d’a¬
1956 3709 2819 3761 dresse et un souei constant de ne pas
1958 3741 2824 3799 trahir l’auteur. Cela ne veut pas dire que
1948 3786 2813 3834 leur comédie nous restitue parfaitement
1943 3843 2816 3889 Tatmosphère du livre. Le parfum que ce¬
1954 3872 2824 3928 Jui-ci dégage était bien difficile de fixer.
1946 3911 2815 3965 II s’atténue un pen aux feux de la rampe,
1949 3960 2817 4020 d’autant que l’interprétation, en étant
1947 4008 2823 4056 fort honnéte, reste un peu en grisaille. Et
1951 4045 2832 4107 le gris n’est peut-étre pas couleur idéale
1956 4090 2483 4164 pour une leçon d’amour.
2390 4138 2769 4203 James de Coquet.
