3436 4384
942 277 1384 356 box 19/2
234 282 818 377 11. Reigen
416 722 1241 846 „OBSERVER
498 811 1198 889 I. österr. behördl. konzessioniertes
481 873 1223 939 Unternehmen für Zeitungs-Ausschnitte
542 931 1145 1006 WIEN, I., WOLLZEILE 11
599 987 1075 1052 TELEPHON R-23-0-43
403 1103 772 1173 Ausschnitt aus:
775 1129 1227 1227 EEI IGARO
387 1299 1092 1433 vom: 73 Of.2
452 1415 1031 1497 IM. ARTHUR SCHNITZNER
497 1497 1219 1554 Les représentations de Le Ronde ont été,
464 1538 1231 1599 pour beaucoup de Parisiens, T’occasion de
479 1583 1223 1631 connaitre unc des faces du talent de M.
469 1624 697 1679 Schnitzner.
506 1659 1225 1726 Ceux-la, cependant, dont les souvenirs re¬
478 1724 1217 1760 montent à Tavant-guerre, peuvent se rappe¬
474 1746 1220 1805 ler qu'une scène du möme auteur avnit déja
474 1788 925 1858 été jouée aux Capucincs.
507 1829 1212 1900 II s’agit d’un petit acte intitulé Souper
473 1880 1217 1945 d’ddieug, et dont le sujet est emprunté à
471 1916 1216 1983 Anatole, roman dialogué er composé de
469 1961 1229 2021 nombreux tableaux, d’Arthur Schnitzner.
477 1993 1221 2043 Ladaptation en avait obtenu un tres vif
484 2036 1230 2083 succès, gräce peut-étre à Mlle Charlotte
479 2072 1235 2126 Wiehe, unc actrice danoise qui connut alors,
466 2105 1162 2183 aux Capucines, des soirées triomphales.
871 2157 1183 2217 Robert Destez.
441 2230 595 2299 BR-
638 2393 1122 2533 „OBSERVER·
371 2802 1171 2872 Ertral# AUTO
640 2860 1284 2944 Faubg. Montmartre, 10,Ix.
390 2908 568 2971 Adresse
378 3001 1203 3092 date: 3 OCTCEIE 1932
379 3112 1265 3201 Klokatars—
569 3223 1073 3307 THEATRES
549 3342 1064 3424 Première représentation
429 3404 1172 3470 Théätre de l'Avenue. — La Ronde, piece en
450 3455 1175 3490 dix tableaux de M. A. Schnitzler, traduc¬
446 3488 1185 3527 tion de Mmne Suz. Clauseret MM. Reron
461 3512 657 3559 et Bauer.
457 3537 1184 3585 G’est une suite de petits tableaut ou ne
428 3584 1176 3614 se trouvent jamais que deux personnages:
430 3611 1182 3646 lui et elle. Ils jouent tons deux la scène qui
428 3641 1184 3675 est sans doute la plus vieille scène du
422 3668 1182 3700 monde, et qui sera sans doute aussi toujours
426 3699 1188 3730 la plus jeune: vous devinez laquelle. Sont
424 3724 1179 3766 ainsi en présence: Thétaire et le matelot, le
418 3759 1182 3793 matelot et la petite servante, la femme de
419 3787 1186 3814 chambre et l’étudiant, la dame u sérieuse „
418 3808 1181 3856 et l’homme de lettres, le mari et la midi¬
427 3847 1181 3874 nette, l’actrice et le comte. Et c’est toujours
423 3873 1182 3915 la mème chose, tout en étant chaque fois si
414 3899 1183 3941 différent. Une bien ingénieuse mise en scène
427 3933 1181 3962 résont spirituellement des difficultés maté¬
424 3960 1175 3990 rielles qui eussent arrêté de moins adroits:
424 3988 1172 4017 elle est de M. Pitoff, qui paraft aussi dans
421 4016 1176 4052 le personnage du comte. MM. Géo Ferny,
415 4044 1176 4087 Salon, Dagand le précèdent entre cour ct
417 4076 1186 4112 jardin, tandis que les cind röles féminins
419 4100 1185 4137 sont joués successivement avec une aisance
432 4133 1181 4168 Ctonnante par l’infatigable Mmne Pitoeff, si
436 4162 1174 4210 intelligente et si intelligible. — Brichanteau
1793 363 2637 452 „OBSERVER
1912 448 2585 511 I. österr. behördl. konzessioniertes
1860 507 2621 561 Unternehmen für Zeitungs-Ausschnitte
1933 555 2545 624 WIEN, I., WOLLZEILE 11
1996 616 2476 665 TELEPHON R-23-0-43
1802 748 2185 809 Ausschnitt aus:
1819 965 1937 1013 — —
1945 1073 2522 1142 No pi: DEBIT  eessee eeeeee
1744 1142 2662 1253 Erde, LF OFOTTDTEN
1991 1242 2695 1318 AVENUE KLEBER, 25, XVI
1758 1282 1940 1354 Adresse
1753 1339 2580 1455 pate 4 OCTOBRE 1932-
1763 1476 2231 1547 Stqnature
1751 1577 2543 1643 Enposition-AVENUE
2139 1636 2286 1673 —
1855 1627 1975 1744 94
2001 1662 2466 1738 LA RONDE
1900 1725 2542 1785 Dix tableaux d’Arthur Sehnitzler
1849 1754 2602 1812 Traduction de Mme Suzanne Clauser,
1955 1806 2499 1842 MM. Rémon et W. Bauer
2152 1836 2250 1868 —.—
1871 1855 2593 1910 Voici une ceuvre d propos de laquelle
1840 1901 2592 1946 il est permis — et Von w'y manquera
1841 1936 2591 1980 peint — d’évoquer Mirbeau, ie ###ur
1834 1962 2603 2017 Théatre Libre et, aussi, Henrn Becque.
1837 2000 2592 2044 Cette piéce a, d’ailleurs, connu bien des
1846 2028 2594 2075 vicissitudes, et elle fit, naguère, quel¬
1850 2061 2594 2112 que pen scandale, à Vienne. Elle vient
1846 2101 2590 2160 d’ètre accueillie, d Paris, avec enthou¬
1845 2137 2005 2183 siasme.
1881 2163 2603 2211 II s’agit d’une série de tableaur ou,
1835 2197 2578 2243 prutôt, d’épisodes qui font songer à J.-
1845 2236 2613 2280 V. Pellerin. On voit défiler les tupes
1836 2276 2605 2311 représentatifs des divers milieur so¬
1837 2300 2605 2343 ciaur. des artistes, des aristocrates, des
1845 2333 2602 2380 gens du peuple, des bourgeois, des pros¬
1840 2367 2606 2418 tituéesn. Le tout sans la moindre in¬
1846 2401 2590 2440 trique. De la vie qui passe. De la vie,
1840 2433 2593 2476 et surtout de Tamour. Cur c’est Pamour
1850 2468 2595 2516 ou. si vous préférez, le désir qut mène
1847 2505 2055 2550 la ronde.
1882 2531 2600 2576 Tous ces pauvres étres sont la proie
1850 2558 2605 2616 de Tamour et se ruent d Lamour. Mais
1839 2600 2602 2650 quet que soit le degré de l’échelle so¬
1851 2644 2588 2680 ciale ou ils sont installés, les gestes, les
2519 2666 2590 2707 les
1843 2673 2510 2713 attitudes demeurent sensiblement
1852 2708 2599 2750 mèmes. La Béte domine lesprit. La
1841 2740 2595 2776 Chair parle en maitresse. Et c’est
1842 2768 2586 2814 l’étennelle comédie. Victimes deur¬
1853 2801 2589 2857 mémes, les personnages de la ronde
1851 2832 2585 2878 sont d io sois grotesques, odieur, émou¬
1853 2870 2596 2918 rants. IIs mentent, trompent, jouent
1846 2904 2593 2947 sollement leurs ämes. Celd seion les
1850 2940 2598 2981 régles qui asservissent Phumanité de¬
1846 2972 2602 3018 puis Adam et Eve. Si bien que, sous les
1845 3016 2593 3046 aspects les plus différents, cest tou¬
1839 3030 2603 3082 jours ie méme homme et c’est toujours
1847 3070 2606 3117 la méme femme qui se présentent d nos
1844 3108 1983 3151 heur.
1881 3123 2596 3179 Eve est, tour d tour, une catin, ine
1845 3171 2604 3211 jeune mariée, une #acteuse), une bo¬
1850 3203 2602 3242 niche. Elle ne cesse d’étre Eve. De mé¬
1853 3236 2601 3285 me que son partenaire peut épuiser
1841 3269 2601 3311 tour a tour, sans modifier son étre pro¬
1847 3302 2603 3341 jond, la forme d’un militaire, d’un von
1853 3344 2601 3379 bourgeois, d'un épour, d’un coquin,
1842 3367 2606 3408 d'un brave type. Et sous les apparences
1854 3399 2600 3443 les plus cocasses comme les plus attris¬
1856 3435 2602 3474 tantes, toujo#s le mémes comporte¬
1843 3466 2599 3510 ments. Le bipede ne peut rien contre
1852 3498 2596 3555 sa nature, rien que d’essayer de se men¬
1843 3548 2593 3590 tir a kui-mème et de mentir aur au¬
1841 3575 1977 3615 tres.
1891 3596 2588 3643 En vérité, il p a la de quoi rire et
1847 3642 2604 3681 pleurer. Ricanements parmi des larmes
1845 3669 2518 3711 devant ia grimace de Veristence..
1885 3698 2595 3747 Mais ce qwil jaut, peut-éire, le plus
1856 3733 2596 3774 admirer dans cette ceuvre — qui est,
1850 3770 2601 3808 ensin, du théätre — c’est la simplicité
1854 3800 2593 3847 des mogens autant que ie don surpre¬
1845 3833 2601 3886 nont de Pobservation qui touche a la
1859 3874 2073 3916 divination.
1881 3888 2602 3939 Lu mise en scène est de premier or¬
1855 3935 2591 3979 dre, et il convient de féliciter sans ré¬
1861 3967 2609 4015 serves M. Georges Pitoëff qui, du reste,
1860 3998 2604 4046 se montre erceilent dans le röle du
1855 4036 2597 4078 comte. Mme Ludmilla Pitoëff joue cind
1845 4066 2599 4107 röles de jemmes auec une extraordinai¬
1852 4108 1915 4150 7e
1926 4103 2606 4145 virtuosité. MM. Raymond Dugan,
1851 4142 2601 4188 Louis Salou, Géno-Fany, sont parjaits.
1864 4169 2201 4222 — Vicron MEktc.
2518 4195 2590 4253 PL
