3436 4320
2235 312 2588 391 N• DE DEEIT—
2027 415 2762 496 Ertrait de BRAVO
2029 463 2849 593 I. des Chauips. Ayeten 54 M¬
2025 574 2800 711 Date HOVEMBRE 1932
2016 713 3120 844 Sionalur
1994 761 2366 845 .—
1646 959 1972 1111 LE
2181 943 3262 1132 THEATRE
434 1768 1504 1833 Ludmilla Pitoeff, l'admirable interprète de n La Ronde „,
426 1803 1522 1887 d’Arthur Schnitzler au Théátre de I’Avenue. Stuato-Rüdölbk.
1003 1953 2801 2080 Deux spectacles de rentrée :
420 2057 3368 2194 d La Fleur des Pols p et & Miracle à Verdun
451 2287 1372 2362 ANs aucun doute, M. Bourdet sait ce que
1427 2295 2366 2371 ser son public déconcerté, réveur, mal à l’aise pour
2460 2301 3359 2374 lle#rtain que l’ombre de Marcel Proust röd
555 2337 1374 2400 c’est que faire du théätre. II connait admi¬
1429 2342 2365 2402 savourer le club-sandwich d’aprés-théätre. II n’y
2421 2342 3357 2408 alentour de cette piéce. Cela en est genant. Totch
424 2362 1378 2449 S rablement son métier. II le sait peut-étre
1431 2382 2374 2451 aura en somme, pour élever des objections, que les
2452 2387 3354 2444 — alias le duc d’Anche — est tres proche parent
548 2429 1385 2487 mieux encore que M. Pagnol contre lequel,
1425 2427 2367 2485 critiques, gens grincheux, comme on sait, et qui
2427 2423 3359 2493 de M. de Charlus. Mais M. de Charlus et consorts
425 2460 1378 2511 pourtant, il n’y a, sous ce rapport, rien à dire. On
1430 2460 2361 2535 ont la triste particularité de bouder contre leur
2429 2467 3364 2512 n’étaient tout de mème que quelques-uns et ne#
425 2489 1375 2551 n’imagine pas que l’on puisse s’ennuyer une mi¬
1429 2499 1600 2570 plaisir.
2426 2511 3351 2570 criaient pas leur vice sur les toits; bien au con¬
418 2536 1368 2591 nute à la représentation d’une piéce de M. Bour¬
1462 2530 2373 2600 Car il est indiscutable qu’on rit à la Fleur des
2425 2548 3357 2613 traire, le refoulement jouait en maintes circons
418 2581 1379 2629 det. En quoi consiste sa technique, cette fameuse
1433 2576 2365 2644 Pois. Ce n’est qu’à la sortie qu’on se ressaisit et
2427 2591 3348 2642 tances. Il n’en est pas de mème ici: le constructenn
418 2607 1376 2675 technique dramatique qui, pourtant, fait cinquante
1433 2619 2372 2677 qu'on se rend compte que tout de mème, cela n’est
2426 2623 3354 2684 d’automobiles Tavernier est encore plus étrangen
416 2658 1380 2720 pour cent du succès d’une piéce, n'est point d’une
1421 2660 2367 2722 pas trés sérieux, ou l’est moins que voudrait nous
2425 2660 3357 2730 au milieu ou il s’est fourvoyé par son conformisme
417 2690 1371 2755 définition aisée. Une certaine manière de régler les
1429 2701 2376 2763 le faire croire l'auteur. Les pieces de M. Bourdet,
2432 2704 3349 2766 sexuel que par son manque d’usage, et lorsque 1e
427 2732 1377 2794 entrées et sorties des personnages, d’arrêter les
1430 2739 2376 2797 en effet, sont ou veulent être des comédies de
2425 2744 3350 2800 duc d’Anche prend une maitresse, c’est un boule¬
427 2776 1370 2839 dialogues au moment précis ou il le faut, d’agiter et
1428 2781 2363 2836 mcurs, donc des satires d’un travers actuel et cou¬
2427 2784 3359 2831 versement plus considérable qu'une guerre euro¬
428 2813 1382 2875 de grouper ses héros (c’est presque aussi difficile
1429 2823 2364 2874 rant. Vient de paraitre était bien cela. Féroce,
2416 2823 3348 2888 péenne. On voit mal pourquoi l’auteur s’est porté
429 2864 1375 2915 et peut-être plus subtil que pour un metteur en
1423 2862 2373 2916 vraie, sous sa forme caricaturale, elle portait... On
2422 2856 3350 2914 à cet excés. Je doute que ce soit dans un autre but
417 2892 1370 2954 scène, de manier les foules au cinema...) Ce n’est
1422 2899 2361 2962 ne pouvait déjá plus en dire autant du Jere Faible.
2426 2906 3340 2961 que de produire, avec le maximum de facilité, le
429 2930 1375 3000 #rien et c’est énorme. Du dynamisme et de la com¬
1431 2931 2370 2996 Le défaut de cette dernière piece — c’est chez
2417 2940 3345 2996 maximum de cocasserie. IIy réussit, c’est certain.
422 2971 1376 3025 position. J’avoue qu'il est assez reposant, à une
1429 2973 2368 3031 Emmanuel Berl, je crois, que j'ai trouvé cette re¬
2418 2983 3346 3039 Mais la piéce s’agite dans P’irréel. La Sodome de
427 3013 1370 3056 époque ou la littérature comme le théätre ont mis
1434 3018 2369 3076 marque — était que les hommes s’y conduisent
2422 3017 3346 3075 Proust était angoissante, celle de M. Bourdet est
417 3056 1382 3107 trop souvent leur point d’honneur à créer dans le#
1432 3049 2371 3114 rigoureusement comme se seraient conduites des
2426 3049 3343 3111 une Sodome de carton-päte. Rien ne va au delä
421 3091 1381 3150 deséquilibre formel, de se trouver en face de
1431 3105 2362 3149 femmes — mutalis mutandis — en pareille occur¬
2422 3084 3350 3149 du rire spontanément déclenché. On me dira que
427 3135 1366 3193 quelqu'un qui n’a pas perdu le souci de la compo¬
1431 3136 2370 3187 rence; et, de ce fait, tout était faussé. Qu’ily ait
2421 3135 3342 3186 ce rire seul, par le temps qui court, vaut le déran¬
437 3174 1376 3233 sition. M. François Mauriac, quand il écrit un
1423 3169 2373 3233 des hommes soucieux d’un beau mariage, et des
2425 3173 3346 3238 gement. Et sur ce point je suis pleinement d’accord.
432 3208 1378 3266 roman, compose. M. Bourdet, quand il fait une
1432 3210 2368 3272 mères qui les y poussent de toute leur énergie, ce
2460 3224 3348 3278 Tout de mème, c’est dommage. Car j'ai la cer¬
426 3244 1379 3306 piece, compose aussi. II s’en tient à la coupe en
1425 3253 2375 3304 n’est pas douteux, mais il reste dans leur conduite
2418 3241 3357 3317 titude que si M. Bourdet appliquait les ressources
425 3283 1375 3344 quatre actes, a peu près égaux, ne multiplie par les
1424 3290 2356 3348 quelque chose de masculin, qui la différencie de
2418 3296 3343 3357 de son talent et de son esprit qui sont l’un et l'au¬
422 3327 1376 3382 tableaux, n’use pas du proscenium, ne fait pas
1418 3328 2354 3390 ce que serait la conduite d’une femme à la recher¬
2416 3333 3356 3391 tre considérables, à railler d’authentiques travers,
423 3358 1373 3418 disparaitre certains personnages des la fin du pre¬
1417 3365 2353 3430 che des mémes avantages; tandis que M. Bourdet,
2422 3366 3343 3436 hgurés sous la forme qu'ils affectent réellement, i
432 3396 1374 3446 mier acte, n’en suscite pas de nouveaux au dernier.
1419 3408 2372 3471 peut-etre pour obtenir plus aisément des effets
2430 3416 3340 3467 commettrait tout simplement des chefs d’cuvre
427 3442 1377 3492 Cest une méthode, ce n’est pas la seule honorable,
1422 3450 2357 3498 comiques, a simplement renversé les röles. Le mé¬
2426 3456 3343 3515 Ca failli étre le cas avec Lient de paraitre qui
426 3466 1379 3528 bien entendu, mais enfin, il se trouvera toujours,
1432 3489 2361 3542 me défaut se retrouve dans La Fleur deg Pois.
2418 3492 3347 3564 malheureusement, souffrait d’une inégalité d’inté¬
428 3510 1378 3576 pour l’apprécier, certain public, et c’est fort bien.
1431 3521 2362 3592 L’auteur y peint le monde — un certain monde —
2423 3532 3355 3597 rêt entre les actes. Le Jere faible et La Fleur des
474 3564 1380 3601 Aussi, je prédis à La Fleur des Pois un succès
1431 3553 2370 3623 comme un assemblage de gens ou l’inversion
2421 3567 3345 3625 Pois sont plus homogènes. On a écrit que les
424 3583 1374 3666 honnête, facile, de hon aloi. D’autant plus que
1425 3608 2364 3662 sexuelle masculine est non seulement tolérée et
2425 3607 3345 3669 trois derniers actes de cette piéce étaient au-des¬
432 3631 1361 3688 M. Bourdet a pris le bon moyen de plaire; c’est¬
1425 3641 2372 3699 admise, mais mème encouragée, et le goüt des
2411 3654 3347 3710 sous du premier, Je ne le crois pas. Je ne vois pas
427 3659 1366 3729 à-dire de refaire du Bourdet. Foin de ces auteurs
1423 3680 2363 3741 femmes considéré comme une tare. Charlie Osbor¬
2414 3685 3346 3750 que la verve de M. Bourdet se soit ralentie nulle
431 3707 1359 3762 inquiets, toujours à la recherche d’un autre eux¬
1424 3719 2364 3781 ne aime Hedwige — voilà le scandale, voila les
2425 3728 3350 3783 part. Mais au premier acte, la satire porte davan¬
432 3751 1353 3797 memes ! II sait ce qu’on attend de lui, et s’ac¬
1425 3768 2361 3822 maurs contre nature. Notez que dans ce milieu —
2426 3771 3347 3821 tage sur l’esprit mondain que sur l’inversion mon¬
423 3774 1362 3836 quitte correctement. Bien entendu, comme i
1415 3795 2372 3854 que l'auteur ne prétend nullement spécial — tout
2424 3802 3345 3871 daine, et, de ce fait, il parait moins outré, moins
433 3821 1376 3870 arrive trop souvent en pareil cas, M. Bourdet
1417 3830 2359 3894 le monde est ainsi. La donnée peut être piquante,
2421 3836 3352 3915 faux. Du point de vuc purement scenique, il n'y a
422 3858 1379 3931 n'améliore pas son genre. II laisse mème sentir que
1428 3874 2356 3932 génératrice de situations et de mots dröles; mais
2421 3871 2796 3948 pas de défaillance.
431 3902 1359 3964 la veine d’ou il tire ses sujets s’épuise quelque peu.
1425 3915 2372 3987 elle nous semble d’une telle irréalité que la satire
2457 3911 3345 3984 Une excellente interprétation sert, comme tou¬
429 3938 1369 4019 Mais cela à tout prendre vaut mieux que de lais¬
1428 3953 2189 4026 perd sa force. Un coup d’épée dans l’eau.
2408 3959 3343 4032 jours, l'auteur. Cest une banalité que de vanter le
548 4073 680 4131 26
