3436 4320
252 101 894 202 11. Reigen
966 114 1403 199 box 19/2
1978 108 2109 180 Signe
2941 66 3040 120 L
2282 50 2561 147 7922-6119)
2863 106 3015 184 1939
2222 281 3043 393 Büfne und Kunst.
2195 455 3034 560 La Ronde (Der Reigen).
2202 518 2876 608 114 Non Arthur Schnitzten—
2221 638 3039 744 Das Stütk beginnt mit einer Dirnen¬
2169 709 3034 786 szene und schliesst mit einer Dirnen¬
2175 761 3041 829 szene. Was dazwischen liegt, stammt aus
2173 811 3047 878 einer Atmosphäre, in der man Liebe und
2167 856 3034 917 Sexualität ebenfalls nicht mehr ausei¬
2155 883 3044 966 nander hält. Der Soldat, der in der ersten
2161 940 3038 1006 Szene mit der Dirne auftritt, erscheint in
2155 981 3037 1053 der gleichen Situation mit dem Stuben¬
2147 1035 3028 1090 nädchen, das Stubenmädchen gibt sich
2149 1066 3029 1141 dem jungen Herren hin, der später die
2157 1110 3042 1177 junge Frau auf sein Zimmer bestellt.
2152 1153 3029 1223 Die junge Frau hat ein iéte à téte mit
2152 1201 3030 1281 ihrem Gatten, der seinerseits mit dem
2152 1259 3035 1321 gsüssen Mädeln in einem Kabinett parti¬
2157 1296 3021 1358 culier die Ehe bricht. Das süsse Mädel,
2147 1338 3026 1413 'sucht den Dichter auf, der Dichter die
2141 1375 3027 1455 Schauspielerin. Die Schauspielerin emp¬
2154 1434 3032 1505 fängt den Grafen. Schlussbild: der Graf
2142 1454 3022 1537 befindet sich bei der Dirne; die Strassen¬
2143 1508 3020 1591 laterne, die am Anfang sichtbar würde,
2144 1557 3009 1638 wird von neuem gezeigt. Die Kette ist ge¬
2136 1612 3027 1684 schlossen. Daher der Name: Reigen. Dies
2134 1663 3026 1729 ist der nackte Tatbestand. Ich überlasse
2146 1707 3022 1774 es dem Leser, sich selber ein Urteil zu
2128 1736 2309 1798 bilden.
2198 1778 3011 1857 Das Stück war lange verboten, und
2134 1838 3018 1903 Schnitzler zog es selber zurück. In die
2136 1884 3012 1946 Gesamtausgabe seiner Dramen hat er es
2124 1931 3019 1999 nicht aufgenommen. Es erschien separat
2131 1972 3009 2043 und erlebt bis 1931 die 101. bis 104. Auf¬
2121 2016 3001 2083 lage!!! Indem die Pitoeff-Trupne sich 7u
2133 2059 3011 2115 seiner Aufführung entschloss, musste sie
2130 2118 3011 2155 das, was der Dichter nur mit Gedanken¬
2132 2149 3009 2214 strichen andeutete, schon etwas energi¬
2128 2193 2999 2253 scher hervorheben. Mme Pitgéff unter¬
2117 2239 3003 2306 zog sich der Aufgabe, die Rolie des weib¬
2122 2274 3024 2350 lichen Wesens in den zehn aDialogeny zu
2123 2334 3016 2395 verkörpern. Sie zeigte eine Vielseitigkeit,
2117 2369 3002 2436 die in Staunen versetzte. Auch ihre Part¬
2119 2410 3008 2476 ner machten ihre Sache nicht schlecht.
2118 2469 3018 2526 (Meist handelte es sich freilich um ichlos¬
2120 2509 3002 2568 schematische Rollen). Die Inszenierung
2120 2560 3004 2599 selber war dem Inhalte durchaus ent¬
2124 2600 3003 2656 sprechend. Man vergass ganz, dass man
2118 2640 3002 2701 im Stadttheater sass, so singkneipenhaft
2112 2691 3003 2737 fröblich, kinomässig nahm sich das Sze¬
2117 2728 3001 2784 nenbild aus. Schallplattenschlager wur¬
2107 2781 3003 2836 den zur Erzeugung — der Stimmung ver¬
2105 2828 2994 2885 wandt. Die Dreigroschenoper eröffnete
2104 2860 2992 2926 den cReigenn mit ihrer Leierorgel-Melodie,
2109 2915 2991 2972 und eder kleine Gardeoffizier, sollte das
2108 2959 2989 3016 gräflich-dirnliche Schlussduo musika¬
2102 2995 2981 3064 lisch stützen. (Nicht ganz zur Zufrieden¬
2096 3041 2642 3098 heit aller Anwesenden!)
2164 3091 2981 3132 Die putzigen Drehbühnen auf der
2108 3127 2980 3191 Bühne erinnerten an die Puppenküche,
2098 3183 2982 3232 und erst das sich hebende und senkende
2107 3217 2982 3297 Zimmer liess an — ach, wie sagt man
2107 3273 2980 3326 doch, um niemand zu verletzen? — an
2095 3307 2979 3378 Einfachheit nichts zu wünschen übrig. —
2154 3361 2981 3415 „Der Menschheit Würde ist in eure
2100 3404 2975 3459 Hand gegebens, ruft Schiller den Künst¬
2098 3448 2970 3501 lern zu. Doch was bedeutet der Generation
2094 3490 2982 3554 von heute der volles Schiller? Hat ihn
2101 3543 2982 3601 Nietzsche nicht den -Moraltrompeter von
2101 3587 2986 3639 Säckingenn genannt? So hält man mir
2086 3629 2978 3680 höhnisch entgegen. Pardon! Glauben Sie
2088 3675 2976 3728 wirklich, dass Nietzsche an Schnitzlers
2098 3717 2973 3773 Reigens eine ungetrühte Freude gehabt
2088 3756 2966 3812 hätte? Man lese doch einmal nach, was
2089 3811 2966 3869 er im eZarathstras von der Höher-, von
2100 3855 2961 3905 der Hinaufzüchtung des Menschen, von
2098 3898 2907 3951 der Keuschheit und von der Ehe sagt!
2731 3938 2903 4000 Th. M.
