3436 4384
-20 2682 53 2732 0
13 1905 27 1956 (
0 3218 72 3303 1
965 279 1420 372 box 1972
254 286 856 390 11. Reigen
176 1236 3349 1346 bras sante pas sur le chapitre de la vertu. II a des japrès coup. L'auteur ne la précise nulle part. nence a d’abord l’inconvénient de créer und
2305 1282 3351 1356 certaine confusion dans l’esprit du spectateur.
1298 1290 2328 1351 Je ne suis méme pas sür qu'il en ait eu l'in¬
272 1302 1303 1394 principes, il en fait une leçon. Après quoi, tous
2315 1341 3354 1393 II n’aperçoit pas d’emblée, malgré le change¬
1295 1329 2329 1401 tention formelle. Réduite à ses données sché¬
278 1349 1301 1414 devoirs accomplis, chacun regagne sa cham¬
176 1349 260 1442 re¬
2302 1368 3345 1438 ment de costume, qu’il s’agit chaque fois d’un
1293 1386 2323 1447 matiques, la pièce s'articule d’une façon amu¬
287 1388 1302 1461 bre. Au cinquième degré, nouveau progrés :
2307 1413 3338 1480 personnage nouveau. Et puis, une actrice,
1286 1413 2329 1492 sante. Elle aurait besoin, pour donner son plein
280 1431 1299 1504 les privilèges sociaux s'affirment avec éclat.
161 1426 304 1526 bi¬
2322 1472 3352 1523 quelles que soient les ressources de son talent.
1291 1478 2322 1531 effet, de garder l’aspect d’un mécanisme, avec
287 1485 1298 1550 Le mari abuse de la griselle gräce au pouvoir
161 1492 237 1563 Wp
2309 1511 3344 1566 ne saurait représenter avec un bonheur égal
1294 1513 2317 1570 personnages automätes tres stylisés, propos
276 1524 1302 1593 de sa fortune. II lui offre de hon champagne
2313 1534 3356 1609 des silhouettes aussi contrastées. Exception=“
1295 1546 2330 1608 brefs, gestes convenus et symétries visibles.
284 1567 1303 1633 dans un restaurant de luxe, et sans vergogne
172 1432 287 1647 5
2317 1597 3348 1660 nellement vraie dans la résignation sensible,
1295 1605 2321 1663 L'humeur fläneuse de Schnitzler se prétait mal
288 1607 1312 1676 il en fait une femme entretenue. Après quoi
164 1621 287 1693 nes.
2310 1633 3352 1705 la tristesse naive ei le répertoire habituel des
1305 1647 2328 1702 à cette construction. Son vrai plaisir est
278 1660 1302 1730 il s’éloigne, l’äme légère, et un havane entre
185 1659 298 1741 ette,
2321 1677 3359 1741 ses sentiments, Mme Pitoéff a rêussi, par sur
1295 1690 2322 1745 d’écrire des dialogues. II s’arrête à chaque
287 1695 1303 1761 les dents. Sixième degré': la névrose litté¬
186 1719 291 1782 (Je
2319 1716 3350 1783 croit, un portrait de comédienne des plus amus
1303 1728 2322 1782 épisode, le traite en soi, l’isole et en tire une
278 1741 1309 1824 raire. La grisette subit la séduction de l’homme
2319 1771 3349 1830 sants. Eile se trouve moins à l’aise sous la¬
1308 1767 2323 1837 petite comédie. De lä un certain flottement,
286 1783 1313 1848 de lettres 6 Tu es la sainte simplicité!
2313 1815 3351 1858 voilette de l’adultère et dans les gaietés dus
1304 1793 2335 1872 une absence de ligne directrice qui donne à
290 1820 1309 1891 s’écrie-t-il d’un air inspiré, et il ajoute en mon¬
2311 1858 3346 1906 trottin. Comment le lui reprocher? Les röles
1299 1853 2334 1929 la suite des tableaux l'aspect de saynêtes
291 1867 1307 1942 trant sa chambre: & Viens dans notre palais
2316 1880 3355 1956 masculins, autour d’elle, sont fort bien tenus
1308 1903 2320 1960 éparses. On a l’impression d’une cuvre écrite
297 1909 1309 1973 des Indes! Après quoi, il lui donne un bil¬
2320 1941 3350 1984 par MM. Raymond Dagand, Louis Lalou, Geno¬
1308 1942 2331 2005 sous le signe du hasard. Les épisodes pour¬
287 1953 1318 2023 let de théätre pour applaudir sa dernière piéce.
168 1975 290 2038 Auée
2323 1982 3350 2049 Ferny, et par M. Pitoöff, flambant sous la tuni¬
1307 1987 2330 2042 raient se multiplier et la ronde s’agrandir à
295 2005 1318 2062 Septième degré: cynisme et coquetterie.
175 2024 292 2089 bal
2315 2024 3346 2095 que du comte; l’ensemble du spectacle garde
1304 2034 2327 2096 T’infini.,, Tout cela se ramène à un jeu. Les
282 2044 1313 2118 L’homme de lettres essuie les caprices de la
2327 2070 2938 2132 une qualité qui fait plaisir.
1299 2067 2333 2134 valeurs demeurent inégales. Beaucoup d’esprit
282 2079 1317 2153 comédienne. Elle l’a emmené aux champs. IIs
167 2115 293 2176 Pur¬
1303 2114 2334 2182 par instant, puis des lenteurs et des plaisan¬
295 2130 1306 2200 respirent la nuit printanière: & Ca vaut mienx
168 2152 298 2215 ieur
1305 2144 2340 2227 teries d’une convention trop facile. Les flonflons
292 2180 1323 2235 que de jouer des piéces imbéciles! soupire¬
2373 2170 3356 2241 On ne saurait, nélas! en dire autant des
178 2204 299 2258 obs-
1303 2204 1981 2278 de l’opérette ne sont pas loin.
295 2214 1314 2275 t-elle. II répond avec importance, par des mots
2319 2206 3357 2300 représentations du théätre des Arts. II serait
182 2243 302 2300 oins
1354 2245 2330 2305 Due la pièce ait pu acquérir en Europe la
295 2264 1319 2317 d’auteur qu'elle interrompt aussitôt: & Em¬
2335 2270 3366 2326 cruel de souligner une pauvreté de moyens
169 2290 288 2350 rie.
1303 2285 2334 2359 réputation d’un chef-d’euvre et s’installer sur
297 2299 1313 2368 brasse-moi, chère grenouille! . Sur quoi, ils
2335 2305 3357 2375 dent les auteurs, la troupe et son directeun
1314 2334 2345 2390 un plan dominant, cest une surprise et l’effet
289 2348 1309 2398 s’endorment. Huitième degré: aristocratie,
2334 2355 3365 2417 souffrent sans doute les premiers. Mais com¬
1317 2374 1669 2448 d’une illusion.
282 2394 1329 2463 bienséance et décorum. La comédienne reçoit
2327 2390 3362 2457 ment avoir songé à nous offrir une cuvre quf
1343 2403 2335 2481 II faut la prendre comme un divertis¬
293 2434 1328 2506 Ie comte, gants blancs, bottes vernies, capi¬
2334 2435 3361 2498 exigerait les soins du luxe le plus rare et de
182 2424 296 2510 uns
1305 2466 2332 2534 sement, apprécier sa hardiesse ingénieuse
297 2473 1320 2533 taine de hüssards. II avait envisagé une aven¬
2327 2488 3358 2545 I’élégance la plus raffinée? Au surplus, méme
176 2494 303 2557 nan
1318 2515 2340 2569 lorsqu'on la situe à l’époque ou elle fut écrite,
289 2515 1320 2585 ture traditionnelle: invitation au spectacle,
2324 2497 3358 2594 présentée dans un décor de reve et denchan¬
1316 2548 2335 2607 et Tentendre avec amitié en songeant à
298 2559 1321 2624 souper au cabaret, rentrée en voiture. II a des
2328 2559 3363 2636 tement, cette adaptation resterait aussi déce¬
183 2558 311 2645 eie.
1317 2588 2340 2664 Schnitzler. Certaines silhouettes celles de
296 2612 1319 2679 propos diserts: & Mon ami le comte Lulu me
2337 2599 3368 2664 vante que possible. Les auteurs l’ont exécutée
183 2624 310 2687 étes
1319 2632 2345 2704 Ihomme de lettres, de la comédienne et du
302 2644 1321 2710 le dit souvent: je suis un philosophe. » Elle
2326 2652 3368 2720 avec une vigilance fidele. II n'est guère de
171 2668 318 2736 van
1314 2685 2336 2748 comte, ont une finesse de traits et une ironie
296 2686 1323 2760 bouscule ses projets, le précipite sur des cous¬
2327 2682 3361 2757 phrases prononcées par les acteurs qui de
178 2714 301 2779 uoi,
1319 2719 2342 2785 tout à fait séduisantes. L’histoire, fort
293 2728 1320 2796 sins. Après quoi: & Très heureuse, mon cher
2338 2736 3365 2793 soient extraites mot à mot du livre de René
179 2756 299 2819 gne.
1321 2753 2325 2826 crue quant aux situations, évite sans le moin¬
306 2779 1322 2842 comte, d’avoir fait votre connaissance. " En¬
2327 2782 3357 2849 Bovlesve. L’attrait du récit tient essentiellement
1310 2809 2341 2867 dre effort l’ombre d’une grivoiserie. Elle a
2335 2831 3354 2884 à la présence du conteur, à son intervention
299 2830 1318 2890 fin, dernier degré, suprème état de la civilisa¬
1315 2860 2338 2927 perdu son audace, elle n'a pas perdu son par¬
2322 2881 3361 2924 constante dans les épisodes, à la façon dont il
305 2864 1320 2929 tion. Le comte s’est enivré comme un porte¬
1328 2900 2135 2964 fum, et sa distinction reste entière.
2334 2913 3364 2980 les organise sous vos yeux, aux réflexions qulil
305 2906 1329 2973 faix. II se retrouve au petit jour, le cheveu
1355 2927 2339 3010 Il est certain que la présentation de M. Pitoöff
2320 2951 3355 3024 y méle. Toute cette liberté capricieuse dispa¬
300 2959 1331 3019 hagard et la bouche molle, dans le taudis de
1327 3000 2338 3052 lui apporte un puissant concours. Avec les
2328 3005 3359 3068 rait à la scène. Les personnages prennent de la
289 2998 1329 3067 la prostituée. Une lampe à pétrole fume sur
1316 3032 2343 3101 moyens les plus rudimentaires (ceux qui s’ac¬
2340 3052 3362 3104 consistance; l’émancipation de leurs propos
305 3035 1324 3121 le guéridon; la fille dort sous l’édredon pois¬
1323 3074 2342 3138 cordent le mienx avec son art), il a su établir
2330 3065 3369 3145 devient de la verdeur, leur libertinage sestrans¬
298 3082 1329 3164 seux. II la regarde et cherche à se souvenir:
1334 3109 2345 3179 cette stylisation qui manque précisément à
2324 3123 3359 3192 forme en une sorte de vaudeville ou la sur¬
305 3131 1324 3193 a Ceüt été si joli si je n'avais fait que lui
183 3099 314 3214 ne,
1316 3163 2343 3234 louvrage. L’épisode du marin au bal musette,
2334 3162 3357 3225 veillance du style parait inexplicable.., Enfin, ie
306 3174 1334 3242 mettre un baiser sur les yeux! C’était presque
180 3174 307 3253 hme,
2341 3210 3368 3274 contresens est complet. Les auteurs ne sont
1314 3209 2337 3266 celui de la comédienne aux champs et de la
313 3217 1321 3275 une aventure.., Enfin j'ai fait ça sans le von¬
1320 3258 2335 3310 prostituée dans son taudis deviennent des ta¬
2332 3247 3355 3315 coupables que de leur illusion, Ils ont droit à
308 3257 1319 3334 loir. , II s’enfuit. Le mur de la chambre s’ef¬
186 3282 308 3338 gré,
1316 3288 2346 3355 bleaux modéles. On ne saurait servir un texte
2331 3307 3358 3362 l’indulgencé. Laissons vivre en paix, entre les
308 3301 1328 3376 face et l’on voit luire à l’arrière-plan, dans une
185 3322 317 3380 nge
1323 3338 2299 3404 avec plus d’esprit ni d’une façon plus utile.
2327 3350 3365 3405 pages du livre, les héros de Boylesve, dont la
305 3348 1324 3415 ombre gluante, le réverbère du premier ta¬
184 3360 311 3431 prés
1355 3368 2339 3435 L'erreur est d’avoir distribué les cing röles
2328 3388 3273 3440 fragilité charmante exige des précautions.
305 3398 490 3467 bleau.
203 3402 321 3469 de
1317 3423 2355 3497 de femme à une méme interprête, encore que
334 3417 1337 3490 En réalité, cette gradation sociale que je
181 3446 311 3512 lant,
2892 3450 3339 3550 PiEkae Baisson.
180 3475 2378 3555 plaiz vous indique n'apparait qu’à la réflexion, et l’interprête soit Mme Pitoëff. Cette verma¬
