3484 4384
1029 115 1455 203 box 19/72
319 124 855 219 11. Reigen
665 500 1257 585 Ne pr De
809 638 1433 727 AMI FU PTUPLE
891 709 1349 772 EDTa 1oM7 DU LOIR
465 713 651 788 Adresse
800 763 1429 827 Rond Point Champs-Liysees, 14, VIII
459 813 620 887 Date:
695 849 1285 956 25 SE. IEmbHE 193
1280 841 1344 958 2
473 916 1451 994 Stokature
461 1009 1430 1085 Ereeulommmmmnmmmm
796 1059 1186 1122 Raymond Aun
509 1162 839 1244 Ce soir:
554 1272 1273 1337 Au Théätre de l'Avenue (Compagsie
520 1292 1282 1369 Pitoeff), à 20 h. 45, répétition générale
509 1335 1268 1405 de Zu Ronde, piéce en dix tableaux
518 1373 1262 1431 d’Arthur Schnitzler, traduction fran¬
516 1404 1275 1483 çaise de-Mme Suzänne Clauser et MM.
516 1445 851 1493 Rômon et Bauer.
540 1478 1267 1527 Mme Ludmilla Pitoeff (la Fille, la
518 1502 1268 1573 Femme de chambre, la Jeune Femme,
524 1546 1259 1605 In Midinette, l'Actrice), MM. G. Pitoeff
508 1589 1265 1645 (Ie Comte), Dagand (le Soldat), Salon (le
501 1627 1220 1685 Jeune Homme), Géo Ferny dIe Mari).
600 1669 1272 1735 A l’Athénée, à 20 h. 45, répétition
518 1703 1267 1768 générale B de Fonki, comédie en trois
513 1747 1259 1790 actes de M. Félix Gandéra, à bureaux ou¬
516 1777 1265 1829 verts, avee Mmes Parisys, Emmy Guit¬
514 1808 1269 1871 tes, Lhéritier, Suzv Leroy, Elise Puget,
522 1847 1264 1900 Clary Monthal, Eily Sionx, J. Guichard,
510 1883 1257 1924 Andrée Quentin et Christiane Dor; MM.
514 1917 1268 1971 Aquistapace, Palan, Hemdey et Paul
516 1947 693 1997 Bernard.
539 1973 1271 2046 Demain ieudi première et réception
507 2006 953 2069 un seriee de première.
826 2060 963 2114 —
648 2330 1230 2417 No DE DEBIT  eue n e
455 2419 1366 2546 BAA PARTS-IIIDI
791 2516 1405 2612 RUE ROYALE, 25, VIII.
456 2665 608 2731 Dar
736 2630 1386 2747 26 SEPTEMBRE 1932
479 2735 1446 2823 Sihnature ummmmmmemnseeseggeeesesssenan masstetessan sesaussmesssase Passssstenuunninen
1016 2829 1447 2900 e   eenaien Kraktetehergaugeer
478 2837 718 2931 Eagesh
584 2892 1269 2974 Informations
577 3025 1291 3080 Aujourd'hul. — Au Théätre de 1’Ave¬
535 3061 1291 3100 ne (Compagnie Pltoéff). à 8 h. 45. r
537 3105 1272 3134 tition générale de Lu konde, piéce en di
533 3123 1283 3163 tableaux darthur Schnilerduction
539 3153 1297 3209 françalse de Mmne Suzange Clauser et Mfal.,
532 3190 873 3240 Remon et Bauer.
632 3192 1300 3258 Au Théatre de 1Atlichée, à 9 heures,
539 3247 1306 3303 répétition générale B. de Youhi, comédie
532 3285 1137 3344 en3 actes, de M. Félix Gandéra.
617 3312 1303 3358 Au Théätre des Arts, à 8 h. 30, pre¬
542 3344 1292 3378 mière représentation de Lu Lecon d’Amo:
541 3383 1295 3419 dans un Pare, piéce en quatre actes de
538 3406 1295 3447 MM. Birabeau et Pierre de la Batut,
542 3440 1289 3494 d’aprés le roman de René Boyiesve. Mise en
528 3470 965 3525 scène de Paul Castan.
576 3542 1304 3609 Generale retardte. — Par suite de l'im¬
543 3577 1299 3630 portance de la mise en scéne, M. Marcel
538 3629 1300 3665 Paston, directeur du Théätre de la Re¬
539 3662 1297 3698 naissance, se volt obligé de retarder la pre¬
544 3688 1216 3721 sentation de son prochain spectacl.
579 3700 1299 3744 La nouvelle piéce de M. Jean de Létraz:
543 3731 1311 3789 Douse Nuits d’Amour on la Vie d’une
541 3793 1154 3849 le vendredi 21 octohre, en soirée.
861 3831 998 3875 A
567 3849 1299 3921 Demain solr, au Théätre de la Potinière,
544 3907 1308 3939 répétition générale A (coupons couleur
551 3930 1297 3980 orange) du spectacl du Théatre russe Ka¬
547 3957 703 3996 roussel.
725 3956 1299 4017 Vendredi solr, répétition gene¬
549 3985 704 4039 rale B.
2242 248 2802 322 uecende. e —
2334 297 2366 350 —
2236 420 2780 490 N• DE DEBI‘! -eAesseserszt PreseeAPRE
2022 542 3016 640 GA UECHO DI. PIRIS
1982 646 2264 711 Stüresse:
2272 630 2985 721 PLACE DE L·OFERA, 6, IX“
2007 733 2188 807 Date:
2275 745 2930 849 29 SEPTEMBRE 1932
2023 831 2997 912 Stynature
2018 934 2245 999 Frnee#iinn
2223 971 2618 1062 Aulourähi. Jeuci:
2706 1005 2920 1070 En soirée
2273 1044 2941 1103 Théätre de la Potinière, à 9 heures,
2781 1093 2932 1132 couleur
2630 1097 2778 1137 (coupon
2168 1094 2589 1134 répétition générale. A
2179 1117 2925 1157 orange) du spectacle du théätre, russe,
2183 1151 2935 1187 Karouszel, quatorze tableaux, mis en scène!
2177 1174 2935 1223 par M. Eugène Iskoldoff. Musique arrangée
2187 1209 2817 1261 par le chef d’orchestre, M. Andreeff,
2264 1227 2923 1274 Au Théätre de l'Avenue (Compagnie
2176 1260 2915 1303 Pitoöif), à 9 heures, première représenta¬
2175 1293 2919 1332 tion de La Ronde, plèce en dix tableaux
2185 1325 2921 1368 d’Arthur Schnitzler traductlon française de
2176 1353 2925 1406 Mme Suzanne--Clauser et MM. Rémon et
2185 1388 2321 1436 Bauer.
2310 1392 2929 1444 I’Athénée, à 8 h. 45, première repré¬
2179 1415 2911 1480 gentation de Yonkt, de M. Féllx Gandéra.
2255 1472 2925 1508 Au square Saint-Pierre, à 8 h. 30, re¬
2175 1489 2921 1557 présentation en plein alr de Gufilaume Tell.
2661 1520 2925 1585 Intormtftöft
2210 1573 2930 1622 □ Toutes ies dates en soirée étant
2178 1612 2930 1657 déja retenues Jusqu'au 7 octobre, MM.
2176 1650 2674 1720 Léon Volter## Loule Man¬
2161 2123 2710 2211 N· DE Di.B  un ae an dnt pniee ent,
1960 2241 2223 2316 Latrail de:
2318 2223 2887 2320 PARIS-SPORT
2264 2283 2950 2383 J3. RUE DU CROISSANT 19
1976 2346 2166 2397 Adresse:
2175 2414 2883 2509 KLN SEF TEMBHE ISST
1975 2431 2172 2520 Daa ∆
1962 2525 2921 2608 StOnature
1974 2623 2922 2692 Laposihon e Meen unn Pes mnaneemankuaee mnesergeme mane genune
2180 2675 2828 2748 ete Considere uvce moins de pes¬
2067 2688 2240 2751 Simlisie
2504 2747 2786 2818 CHAMPIGNOL,
2047 2798 2704 2910 tes Bons Tübaux
2079 2906 2270 2969 Ce soir:
2073 2955 2791 3040 Au Théätre de ia Potinière, à 9 heures,
2064 2997 2793 3079 répétition génerale A du speciacle du
2043 3030 2492 3092 thedtre russe Karoussel.
2116 3067 2787 3157 An Théätre de l'Albénée. à 8 h. 45,
2040 3079 2802 3204 Wreniere representution de Toufi, come¬
2027 3136 2775 3225 Adie en trois actes de M. Félix Gundéra.
2125 3177 2783 3264 Au Théätre de l'Avenue, à 8 h. 45,
2026 3206 2772 3303 première représentation de Lu ronde pfe¬
2037 3249 2773 3330 ce en dix tableaux d’Arthur Schnitzler,
2033 3276 2778 3374 traduction française de Mme Suzanne
2035 3310 2718 3401 Clauser et de MM. Ramon et Bauer.
2110 3356 2776 3441 Au Trianon-Lyrique, à 8 h. 30, re¬
2023 3375 2452 3466 Prise du Grang Mogol.
2042 3490 2765 3579 C’est ce soir que sera donnée la féle du
2010 3541 2765 3618 Square Saint-Pierre, qui devait avoir lien
2014 3560 2757 3675 samedl dernier et gut dut eire remise en
2010 3594 2485 3679 raison du mauvais temps.
2425 3665 2723 3742 I.Harenee
