3436 4320
630 164 1787 219 zu hören. So wird nun das große Orchester, das sich
1798 163 2977 231 sehr viel Scharm und Temperament; trotzdem ist er, eben
624 197 1789 259 der Filmmagnat Nathan hält, mit seinen Wochen¬
1792 207 2975 282 weil er einen spezisisch pariserischen Tyv darstellt, kein
620 227 1788 297 konzerten den Abonnementskonzerten Konkurrenz machen.
1792 246 2969 312 Leopold, wie man sich ihn vorstellt, kein Leopold, den man
631 277 1793 335 Es ist dies das Orchester, das bei den Pathé=Nathan¬
1795 282 2969 354 gemütlich Poldl rufen kann. Schade auch, daß die pikanten
623 321 1782 382 Filmen die musikalische Partie besorgt, und es ist all¬
1796 335 2966 397 blassen Gesichtchen der Pariserinnen so gar nicht in die
619 362 1795 428 gemein aufgefallen, mit welch ausgezeichneter Technik und
1798 373 2974 420 Dirndltrachten hineinpassen; Charell hat sich zwar für die
621 403 1792 467 künstlerischem Verständnis die musikalische Untermalung
1801 417 2972 479 Figurantinnen die massivsten ausgesucht, aber es fehlt
620 433 1788 506 dieser Filme ausgeführt ist. Wem dies gefallen hat, der
1797 458 2974 522 ihnen die erfreuliche pausbäckige Gesundheit der echten
626 487 1788 552 kann sich nun das Orchester ohne störenden Film anhören;
1788 505 2965 564 Dirndln. Die bayrische Schuhplattlertruppe, die Markart¬
614 511 1790 606 wer hingegen sich für das Orchester begeistert, der wird
1788 540 2967 621 steiner, stechen durch ihre urwüchsige Bärenstatur hervor,
616 558 1795 628 nicht verfehlen, sich die Filme anzusehen, die von diesem
1791 587 2979 647 und tanzen Schuhplattler und Watschentänze, daß es nur
616 613 1792 673 begleitet werden. So macht eines für das andere Reklame.
1790 631 2967 696 so knallt vor Taktfestigkeit und Disziplin, bis das Publi¬
624 660 1792 733 Sie ist um so wirksamer, als die Qualität dieses Orchesters
615 703 1798 772 in Paris einzig dasteht, und besonders die Geigen, ein
629 744 1794 811 schwacher Punkt der anderen französischen Orchester, durch
627 782 1801 844 Weichheit und Wohlklang überraschen. Die Disziplin ist
2236 795 2638 906 RADIO %
623 833 1808 881 selten gut und beim Scherzo aus dem „Sommernachts¬
2246 861 2500 919 APPARATE
610 868 1808 937 traum“ verspürt man sogar einen Hauch toskaninischen
2647 893 2754 981 6
608 910 1802 969 Geistes. Die Konkurrenz dieses Orchesters wird für die
2726 874 2864 1014 N
621 960 1795 1027 anderen Konzerte recht fühlbar werden, die nicht über so
1981 818 2081 1043 2
611 997 1788 1071 hervorragendes Material verfügen und auch nicht so
607 1042 1317 1101 wirksam in Szene gesetzt werden.
625 1086 1811 1150 Im Théatre de ['Avenue at es das Ehepaar Pitoeff
617 1121 1791 1197 unternommen, Schnitzle„Reigen“ aufzuführen.
619 1173 1107 1228 Es ist allerdingsein
2102 1051 2701 1253 OLDSCHHIED
1315 1168 1792 1239 hter Schnitzter, der dem
606 1213 1789 1269 erstaunten Paris da geboten wird: Schnitzler, mit
615 1245 1795 1316 moderner Sachlichkeit gespielt, wird zu einer Persiflage
1945 1239 2180 1373 N
616 1299 1787 1373 auf den ursprünglichen Schnitzler. Es gelingt nur der
2162 1277 2619 1399 ZNEUBAUG ·•
1990 1314 2136 1410 #
610 1327 1796 1407 großen Kunst Ludmilla Pitoeffs, über die Längen und
1961 1364 2066 1468 7%
611 1380 1794 1455 die Eintönigkeit des Stückes hinwegzutäuschen, das nur
2242 1421 2488 1469 ELEKTRO
607 1422 1792 1489 durch einige reizende Regieeinfälle, die deutlich aus der
2035 1408 2498 1522 4200 Ahreniat.
611 1472 1796 1540 Wien=Berliner Schule stammen, belebt wird. Die Typen
2230 1497 2508 1567 WERKZEUGE
602 1516 1788 1575 aus dem alten Wien, die Schnitzler auf die Füße stellt,
615 1560 1786 1627 entbehren in Paris aller Lebendigkeit. Und, wie ein
601 1596 1780 1657 geistreicher Franzose sagte: „Das Stück wurde in Wien
601 1647 1681 1705 zu früh geschrieben und in Paris zu spät aufgeführt.
1766 1654 2970 1740 kum in tobenden Beifall ausbricht Die wackeren Bayern
604 1691 1778 1758 Die Konjunktur der Erotik ist vorüber. Man hat, auch
1778 1690 2494 1755 kommen direkt aus ihrer Heimat.
601 1723 1151 1798 in Paris, genug davon.
1847 1725 2953 1799 Mit der Musik wird sehr willkürlich umgegangen.
693 1768 1770 1837 Besonders deutlich zeigt sich dieser Konjunktur¬
1772 1765 2960 1840 Man ist etwas überrascht, mitten im „Weißen Rößl“ einen
598 1806 1769 1882 umschwung in der jubelnden Begeisterung, mit der man
1783 1826 2937 1897 alten Bekannten anzutreffen: den „Kleinen Gardeoffizier“
599 1856 1776 1921 in Paris das „Weiße Rößl“ aufnimmt, das
1774 1860 2944 1928 dessen Abschiedslied Milton mit viel Schwung tanzt,
592 1898 1778 1965 kürzlich im Théatre Mogador seine Premiere feierte. Die
1772 1912 2960 1959 begleitet und unterstrichen von einer ganzen Reihe von
606 1953 1771 2015 Inszenierung Erik Charells hat alles getan, um
1768 1944 2945 2016 Oberkellnern, die plötzlich aus dem kleinen Gasthaus
603 1987 1762 2049 Paris nicht ins Théatre Mogador, sondern in einen
1770 1985 2955 2062 hervorquellen. Außer den ursprünglichen Schlagern aus
594 2028 1765 2103 riesigen Kirtagsrummel zu versetzen. Die Fassade, das
1772 2039 2951 2098 dem „Weißen Rößl“ kommt noch eine Importation aus
601 2076 1772 2144 Vestibül, der ganze Zuschauerraum find, wie in Wien
1772 2078 2942 2151 Amerika auf die Bühne, die aber von sechs Matrosen sehr
1775 2117 2260 2180 falsch gesungen wird.
597 2124 1762 2184 durch Marischka, mit einem ungeheuren Aufgebot an
591 2162 1776 2231 Material, Geschmack und Farben in Gebäude oder Land¬
1840 2168 2947 2245 Ebenso wird mit der Geographie umgesprungen. Die
603 2208 1759 2265 schaften alvenländischen Stils verwandelt worden. Ein
1766 2201 2946 2286 Pariser, die sich nächsten Sommer nach Sankt Wolfgang
587 2261 1761 2310 „echter“ Tiroler Bua öffnet die Wagentür der Ankommen¬
1762 2251 2936 2325 begeben werden, dürften sehr erstaunt sein, zu finden, daß
589 2299 1766 2349 den, eine ländliche Schöne mit, wenn nicht stilecht, so doch
1762 2293 2940 2374 dieser idyllische Ort nicht in Tirol liegt, wie ihnen Charell
588 2338 1767 2395 kokett schiefgesetztem Tiroler Hütchen weist ihnen die
1762 2339 2927 2412 weismachen will. Alles ist auf Tirol umgesetzt,
590 2382 1766 2445 Plätze an. Man geht nicht durch ein Foyer, sondern durch
1762 2388 2945 2454 weil die Pariser alles, was irgendwie mit ländlicher
590 2424 1761 2481 einen Kirtagsmarkt mit verschiedenen Buden, wo man
1772 2428 2938 2491 Trackt zusammenhängt, sachverständig als „Tiroler
590 2467 1755 2523 sich teils erfrischen, teils seine Ueberkleider in Auf¬
1770 2470 2927 2536 Tra “ bezeichnen, und jede Melodie, die im Entfern¬
593 2510 1758 2563 bewahrung geben kann. Wenn man auch noch ein gutes
1760 2513 2937 2577 testen an einen Jodler gemahnt, „Tyrolienne“ heißt.
585 2557 1765 2612 zentraleuropaisches Bier bekäme (man ist ja bescheiden
1757 2550 2946 2633 Darum muß sich alles auf Tirol reimen. Inder Bürger¬
592 2587 1766 2653 geworden und verlangt nicht einmal Wiener Würstel mit
1761 2598 2937 2669 meisterstube, in die sich die Bühne für kurze Zeit ver¬
583 2641 1759 2689 Kren), statt des berüchtigten Pariser Fabrikats, so wäre
1756 2641 2933 2709 wandelt, hängt ganz stilgemäß über dem Ehrenplatz das
587 2679 1764 2743 das Lokalkolorit vollkommen gelungen. Der Blick erfreut
1761 2681 2935 2743 Bildnis des Kaisers. Darüber eine Krone, die vollstandig
589 2714 1762 2778 sich an den reizend schönen und typisch österreichischen
1760 2721 2951 2808 ins Reich der Phantasie gehört. Als bei den Proben
588 2773 1758 2815 Dorflandschaften, an den Wänden, und der Pariser
1754 2763 2939 2842 jemand bemerkte, das sei doch nicht die richtige Krone,
592 2811 1754 2874 Mentalität wird durch verlockende Inschriften, wie „Die
1767 2800 2947 2882 meinte Charell empört: „Was für eine Krone?“ „Na, die
595 2844 966 2908 höchsten Berge
1023 2859 1759 2912 die niedersten Preise“ erfolgreich
1762 2855 2930 2916 österreichische Kaiserkrone!“ Worauf Charell mit souve¬
586 2884 1757 2951 Rechnung getragen. Man wird so vorbereitet auf die
1755 2898 2937 2966 räner Ueberlegenheit entgegnete: „Das ist auch nicht der
580 2930 1745 2991 unerhörte Reichhaltigkeit der Ausstattung des Stückes
1756 2932 2901 3021 Kaiser von Oesterreich, sondern das ist der Kaiser von —
1756 2977 1933 3035 Tirol!“
580 2979 1747 3032 selbst, die alles, was man bisher in Paris
580 3023 1762 3076 gesehen hat, in den Schatten stellt. Man
1834 3028 2935 3103 Als Kaiser von Tirol darf sich der Monarch, der da
579 3052 1756 3132 sieht, daß Charells Lust an Pracht und Menge keine
1753 3071 2929 3148 ganz allein, aber in der Generalsuniform, im „Weißen
580 3095 1750 3159 Schranke gesetzt war. Ich habe noch nie eine solche
1753 3110 2932 3189 Rößl“ ankommt, auch verschiedene Freiheiten erlauben,
573 3133 1752 3220 Munifizenz angetroffen wie bei den Pariser Direktoren“.
1747 3144 2935 3235 wie die, mit der Wirtin über seine Minister zu spotten,
591 3207 2929 3239 sagte Charell, und es dürfte in Europa nicht und ihr sein Herz auszuschütten. Aber daß er sich sein
579 3243 2917 3294 viele Direktoren geben, die sich, wie die Brüder Isola, Gewehr selbst trägt, muß man selbst beim Kaiser von
568 3281 2932 3338 die Inszenierung des „Weißen Rößls“ zwei Mil=] Tirol bezweifeln. Aber alle diese kleinen Ungenauigkeiten
584 3313 2919 3404 lionen Franken kosten lassen. Wenn sie jedoch gehen unter in dem überwältigenden Farben= und
1709 3444 2897 3499 Bewegungsrausch, den Charell auf die Bühne gezaubert
1719 3491 2896 3546 hat. Erik Charell hat sehr viel von Hubert Marischka
1718 3528 2903 3601 gelernt und das Gelernte in amerikanischem Maßstab ins
1712 3573 2900 3627 Gigantische projeziert. „Ich warte stündlich auf ein Tele¬
1720 3608 2899 3681 gramm aus New York“ sagte er nach der Pariser
1729 3657 2902 3721 Premiere, „das mir aufträgt, das „Weiße Rößl“ auch
1715 3699 2290 3769 drüben zu inszenieren ....“
1795 3730 2904 3797 Man kann nach der begeisterten Aufnahme in Paris
1728 3780 2904 3860 einen Serienerfolg des Stückes prophezeien. Hoffen wir,
1716 3837 2899 3900 daß es uns auch, wie die Londoner Aufführung das
1715 3875 2897 3936 englische Publikum, recht viele französische Besucher nach
1717 3916 2899 3974 Sankt Wolfgang bringen wird, und so zu einer wirksamen
1715 3970 2824 4037 Fremdenverkehrspropaganda für Oesterreich wird
2691 4002 2864 4078 C. J.
1722 4009 2312 4084 oder wenigstens für Tirol!
