3436 4384
1006 148 1430 236 box 19/2
284 137 862 244 11. Reigen
651 384 1204 448 N• DE DLBI‘! Snseezassssene saeeesee nt
810 460 1358 561 PARTS-IIIINI
777 549 1389 632 RUE ROYALE, 25, VIII:
393 585 757 673 Cresse
456 683 658 740 Dale
715 660 1342 766 29 SEPTEMBRE 1932
460 770 1411 839 Stonature
453 885 1401 931 Ernoalitol
559 933 1257 1027 Informations
548 987 721 1062 5
554 1059 1271 1131 Aagjourd'hul. — Au Théätre de la Po¬
519 1078 1265 1159 tindere, à 21 heures. répétttion générale A
523 1123 1265 1201 du, spectacle russe du Kafoussel, présenté
510 1155 876 1197 par M. Kalchouck.
598 1174 1262 1246 Au Théätre de l’Avenue, à 20 h. 45,
509 1194 1263 1272 première représentationde La Ronde,
521 1244 1263 1305 pléce en 10 tableaux d’Arthur Schnitzler,
523 1272 1266 1326 traduction française de Mme Suzanne
511 1294 1098 1357 Clauser et MM. Remon et Bauer.
824 1343 957 1388 4
534 1332 1254 1422 Aymenée. — Nous apprenons les fan¬
502 1363 1257 1453 çailles de M. Michel Czernow, l’impresario
513 1412 1231 1488 bien connu, avec Mile Myriam Livchitz.
819 1464 951 1501 440
531 1468 872 1532 Cours théätraux.
929 1487 1256 1551 Conservatoire de
491 1511 1260 1573 Mimi-Pinson. Réouverture des cours gra¬
497 1540 1251 1598 tuits de musique, de diction et de danse.
499 1566 1251 1632 Inscriptions, par correspondance, au se¬
489 1587 1252 1668 crétarlat, 66, boulevard Rochechouart, 18#.
605 1639 1142 1705 K
669 1682 1008 1765 NE DE DEBIT —
984 1626 1364 1815 onafis
453 1794 712 1880 Eatrull de:
808 1811 1416 1902 L.E JOTTRNAL.
733 1901 1490 1976 RUE DE RICHELIEO, 100, II
465 1903 724 1970 Adresse
454 1999 1349 2121 pale: 29 SEPTEHBRE 1932
459 2096 1439 2154 Stanature
463 2200 1104 2266 E.opostiton
661 2253 1234 2323 LA REPENTTON DE CE SOIR:
668 2301 1405 2359 A la Potinière, à 21 h., répatition géné¬
662 2344 1398 2398 rale A (coupons orange) du gpeciacie du
640 2370 1103 2429 Théätre russe Karoussel.
1119 2375 1174 2453 P
667 2428 1214 2493 LES PREMIERES DE. GE SOIR :
682 2469 1397 2540 A l’Athénée, à 20 h. 45, première de Ponkt,
636 2512 1012 2559 de M. Félix Gandera.
704 2547 1331 2590 —Au Théatre de l’Avenue Cie Piloêfr),
631 2570 1391 2635 20 h, 45, première de la Ronde, d’Arthur
638 2602 831 2668 Schnitzler.
697 2655 1382 2726 PERA. — Demain, 1e céjebre opéra de
631 2668 1378 2758 V nichard Strauss, ie Chevalier d la rose,
628 2728 1383 2786 réunira la superbe interprétation qul com¬
640 2773 1375 2814 prend pour les principaux röles Mme
625 2798 1374 2843 Campredon, M. Huberty, Mile Marisa Ferrer,
639 2824 1371 2877 M. Henrl Fabert, Mlies Laval, Lapeyrette
633 2861 1388 2927 M. Warnery, sous la direction de M. Philippe
625 2888 805 2933 Gaubert.
705 2891 1377 2966 COMEDIE-FRANCAISE Joue ce solr en
618 2920 1393 3012 L représentation officielle. à Genéve, l'Auare
659 2984 986 3025 # le Martage forcé.
625 3009 1387 3072 TOUTES LES DATES en solrée étant déja
720 3046 1383 3088 eienues Jusqu'au 7 octobre, MM. Léon
625 3068 1379 3129 Volterra et Louls Verneufl se volent obligés
620 3094 1373 3155 de remettre au mardi 4 octobre, en mannée,
624 3133 1377 3191 la répétition générale de Une lemme ravie
612 3163 997 3208 au Théätre de Paris.
650 3192 1372 3232 Toutefols, en s’excusant auprès de la erl¬
621 3217 1379 3274 tique, pour ne pas prolonger un long reläche,
608 3268 1373 3303 ls flxent à samedi soir 1“ octohre la pre¬
617 3290 1326 3335 mière représentation à bureaux ouverls. 1
611 3323 1360 3365 DORTE-SAINT-MARTIN. — Aujourd'huf à
647 3349 1362 3399 L14 h. 45, matinée populatre à prix réduits
610 3383 1365 3426 du Scandale, le chef-d’euvre d’Henry Ba¬
607 3404 1313 3453 taille. (Prix des places de 3 à 19 francs.)
635 3439 1363 3495 Matlnée à prix rédulis tous les jeudis e:
602 3464 787 3508 samed's.
600 3492 1357 3547 /IIII. SARAH-BERNHARDT. — Aujourd’huf
687 3531 1361 3578 à 14h. 30, matinée, et ce solr à 21 h.,
602 3566 1367 3626 Ces dames aur chapeaur verts, le grand
606 3584 895 3630 succès oomique.
598 3616 1361 3666 THEATRE MOGADOR. — Rappelons que la
629 3654 1347 3694 4 répetition générale et la première repré¬
594 3689 1351 3727 sentation de l'Auberge du Cheval blanc,
600 3718 1361 3760 d’Erlk Charell, auront lien demaln ei samedi
596 3741 1343 3796 avec M. Georges Milion en téte d’une écla¬
590 3772 970 3815 tante interprétation.
594 3785 1341 3860 (HATELET. — Aujourd'hul à 14 h. 30, ma¬
650 3830 1356 3888 tinée de l’opérette triomphale Nina Rosa
588 3856 1137 3902 avec André Baugé et Sim Viva.
675 3891 933 3936 AITE-LYRIOUE.
970 3880 1351 3945 Allez applaudir let
589 3895 1351 3970 □ Mousquetaires au couvent. D’amusante
590 3938 1347 4001 opérette obtlent tous les sotrs un tres grant
590 3979 1342 4035 succès pleinement Justiflé. Dimanche matinée
662 4019 697 4046 —
692 4017 1331 4084 La Julie sere affichée ie mardl s9
603 4032 1171 4099 4 octobre. Unique représentation.
2380 99 2566 168 NTe
2530 181 2956 276 „Oerik.
2081 236 3066 348 URTTTISRUE TRONCHET, 31, VIII
2087 317 2278 384 Adresse:
2074 415 2341 485 Date
2344 382 2980 496 29 SEPTENERE 1932
2077 499 3053 564 SignafureeessesSenSaPRenRSenensSsSasSereraSauneestnen unassSssSsssshaasseser
2085 601 3036 655 Frnneitian:#
2312 706 2867 793 Répétitions générales
2367 768 3071 834 A LA POTINIERE, à 21 heures,
2314 807 3061 881 répétition générale A du spectacle
2310 853 3066 914 du Théatre russe a Karoussel „, 14
2317 887 3057 949 tableaux mis en scène par M. Eu¬
2323 941 2624 1004 gene Iskoloff.
2308 993 2989 1079 Premières représentations
2365 1052 3069 1132 A LATHENEE, à 20 heures 30,
2331 1098 3063 1156 „ Youki n, comédie en trois actes de
2320 1150 2714 1216 M. Félix Gandera.
2374 1170 3073 1249 A LAVENUE, à 21 heures, 6 La
2318 1244 3065 1297 Ronde v. piece en 10 tableaux d’Ar¬
2318 1275 3055 1329 thur Schlfiitzier, träduction fran¬
2313 1314 3072 1376 çaise de Mme Suzanne Clauser et
2324 1360 2786 1411 MM. Rémon et Bauer.
2319 1454 2587 1536 Le Soir:
2301 1498 3078 1576 20h 45 Musical
1953 1569 2991 1638 AAdresse : LE EATTN  9
2767 1640 3080 1710 Septenbre
1981 1637 2569 1708 2. 224. Pofssoniere,
1956 1702 2138 1757 Date: —
2569 1699 3020 1771 1932
2334 1701 2629 1781 PäRks 10.
2319 1761 2995 1826 0——
1965 1757 2144 1833 Signé:—
2214 1848 2876 1941 Repetition generale
2221 1934 2875 2033 au theatre de I’Avenue
2294 2031 2783 2117 de dLa Bonde #
2153 2105 2916 2185 Pièce en dix tableapk d’Arthur Schnitz¬
2161 2165 2925 2248 ler, traduction de Suanne Clauser, M.
2333 2225 2741 2300 Remüh en, W. -Bauer
2491 2283 2603 2337 —
2184 2307 2923 2377 Jimagine all Schnitzler, gil porte de
2155 2353 2925 2428 Pautre monde un regard zur Poris, doit
2152 2408 2918 2453 Pétre bien surpris. Enrisaheait-il que ses
2162 2427 2925 2494 dir dialoques d’amour, ou, pour miene
2156 2478 2924 2539 dire, ses dir scenes érotiques, poundient
2161 2517 2924 2578 saccommoller du cädre aue leur donne
2162 2547 2924 2615 M. Georges Pitoell? Audil-ipu prévoir
2155 2599 2931 2657 que son naturalisme d’aspect si trou¬
2166 2642 2929 2693 biant a ie sin de kautre siecle ne sdu¬
2156 2680 2933 2739 rait plus clarmer personne aujour-#
2166 2716 2928 2778 chui? Je crois bien que cette ercur¬
2150 2751 2921 2814 ision rétrospective à laquélle nous som¬
2153 2804 2925 2861 #mes couriés wassirmers que Phabileté?
2704 2832 2922 2889 cphe des
2153 2827 2624 2892 #d'un réalisateur aut #
2156 2871 2922 2930 pires dihicnltes de mise en scene et le
2158 2911 2919 2966 #talent d’une interpréte qui remplit, an
2161 2961 2914 3022 cours d’une mème soiree, les eing roles
2162 2992 2607 3051 seminins de Lourrage.
2176 3007 2922 3080 D’apres Schniteler, tout est hypocri¬
2162 3075 2924 3120 sie en n#sr physique. A la minule de
2157 3098 2923 3159 Petreinie, tes ames se cachent derrière
2145 3140 2920 3196 un visahe que dissimule mni-meme un
2147 3188 2922 3235 masqus, ## sont des Jorces obseures el
2148 3211 2937 3285 snhutierement semblabtes pour eidenn!s
2157 3256 2912 3314 c’entre nous qui rehissent les desirs de
2148 3295 2912 3349 Létre kumein. Depuis, Freud d derclop¬
2155 3340 2927 3402 pé considerablement la these. Dans sag
2149 3381 2921 3432 piece, Schnitaler tend surtout a demon¬
2154 3419 2915 3475 #trer ceci: que les tendances, les sen¬
2150 3447 2923 3508 timents, les desants et quelque chose
2148 3495 2925 3531 d’autre encore se compliquent à mesuren
2146 3537 2924 3592 que Létre mönte dans létat social. Une.)
2147 3567 2924 3625 discussion ouverte sur de tels sujets
2147 3614 2915 3660 pourrait sétendre indesiniment. Mais
2155 3652 2917 3701 serait-elle tout a sait sensée, puisque,
2154 3695 2915 3747 uscessairement, en pareit cas, la erca¬
2155 3724 2802 3795 ture est tonjours juge et partie?
2174 3763 2912 3817 Ame Ludmilla Pitocl) troure iei un
2148 3802 2921 3857 sücees bien merite en sonant abec son
2151 3851 2912 3896 originalite coutumiere son quintupte
2153 3871 2921 3936 röle, et ses partenaires, MM. Georges
2151 3928 2914 3979 Pitoclf, Raymend Dagand, Lonis Salon
2148 3943 2928 4015 et Geno-Fernt, sont, tout comme elle
2155 3998 2672 4058 chaleureusement applandis.
2514 4027 2878 4098 JLAN PRUDHONME.
