<?xml version="1.0" encoding="UTF-8" standalone="yes"?>
<PcGts xmlns="http://schema.primaresearch.org/PAGE/gts/pagecontent/2013-07-15" xmlns:xsi="http://www.w3.org/2001/XMLSchema-instance" xsi:schemaLocation="http://schema.primaresearch.org/PAGE/gts/pagecontent/2013-07-15 http://schema.primaresearch.org/PAGE/gts/pagecontent/2013-07-15/pagecontent.xsd">
    <Metadata>
        <Creator>prov=University of Rostock/Institute of Mathematics/CITlab/Gundram Leifert/gundram.leifert@uni-rostock.de:name=ONB_Newseye_GT_M1+(htr_id=10810)::::v=2.4.2
prov=University of Rostock/Institute of Mathematics/CITlab/Tobias Gruening/tobias.gruening@uni-rostock.de:name=de.uros.citlab.module.baseline2polygon.B2PSeamMultiOriented:v=2.4.2
prov=University of Rostock/Institute of Mathematics/CITlab/Tobias Gruening/tobias.gruening@uni-rostock.de:name=/mnt/transkribus/LA/DEA/URO/LA_news_onb_att.pb:de.uros.citlab.segmentation.CITlab_LA_ML:v=2.4.2
Transkribus</Creator>
        <Created>2019-10-07T11:39:11.104+02:00</Created>
        <LastChange>2019-10-08T14:29:51.906+02:00</LastChange>
        <TranskribusMetadata docId="223985" pageId="9501053" pageNr="66" tsid="16591065" status="IN_PROGRESS" userId="40391" imgUrl="https://files.transkribus.eu/Get?id=SDWNTEBHCPRLYXPKBSOCQJQP&amp;fileType=view" xmlUrl="https://files.transkribus.eu/Get?id=FOFXZUYVDILSCBXWSLNJSTLK" imageId="6191275"/>
    </Metadata>
    <Page imageFilename="223985_0066.jpeg" imageWidth="3436" imageHeight="4384">
        <ReadingOrder>
            <OrderedGroup id="ro_1711447985099" caption="Regions reading order">
                <RegionRefIndexed index="0" regionRef="r1"/>
                <RegionRefIndexed index="1" regionRef="r2"/>
            </OrderedGroup>
        </ReadingOrder>
        <TextRegion orientation="0.0" id="r1" custom="readingOrder {index:0;}">
            <Coords points="272,216 272,393 804,393 804,216"/>
            <TextLine id="r1l1" custom="readingOrder {index:0;}">
                <Coords points="259,347 356,331 544,363 618,345 644,364 699,345 738,365 756,349 813,362 817,286 769,274 643,280 609,264 568,283 492,255 418,290 375,253 325,276 294,253 264,260"/>
                <Baseline points="272,316 298,318 325,319 351,321 378,323 405,326 431,327 458,329 484,332 511,334 538,336 564,337 591,339 617,340 644,342 671,342 697,343 724,342 750,342 777,341 804,340"/>
                <TextEquiv>
                    <Unicode>11. Reigen</Unicode>
                </TextEquiv>
            </TextLine>
            <TextEquiv>
                <Unicode>11. Reigen</Unicode>
            </TextEquiv>
        </TextRegion>
        <TextRegion orientation="0.0" id="r2" custom="readingOrder {index:1;}">
            <Coords points="703,297 703,4331 2452,4331 2452,297"/>
            <TextLine id="r2l1" custom="readingOrder {index:0;}">
                <Coords points="969,346 998,353 1026,336 1105,352 1154,325 1216,344 1253,331 1305,356 1329,337 1408,353 1409,277 1380,263 1292,275 1247,255 1159,296 1121,276 1081,288 970,262"/>
                <Baseline points="980,320 1006,321 1032,323 1058,323 1084,324 1110,325 1136,327 1162,327 1189,328 1215,329 1241,329 1267,329 1293,329 1319,329 1345,328 1371,327 1398,325"/>
                <TextEquiv>
                    <Unicode>box 19/2</Unicode>
                </TextEquiv>
            </TextLine>
            <TextLine id="r2l2" custom="readingOrder {index:1;}">
                <Coords points="825,516 1383,496 1485,470 1483,436 1290,428 1257,449 1116,438 1062,462 823,467"/>
                <Baseline points="834,500 867,500 901,500 934,499 968,499 1002,498 1035,497 1069,496 1103,495 1136,493 1170,491 1203,489 1237,487 1271,486 1304,483 1338,481 1372,478 1405,476 1439,474 1473,471"/>
                <TextEquiv>
                    <Unicode>I. österr. behördl. konzessiomer.</Unicode>
                </TextEquiv>
            </TextLine>
            <TextLine id="r2l3" custom="readingOrder {index:2;}">
                <Coords points="787,551 858,576 1437,528 1506,549 1531,541 1529,486 785,519"/>
                <Baseline points="797,551 833,551 869,550 905,550 941,549 977,549 1013,548 1049,547 1085,545 1121,544 1158,542 1194,540 1230,538 1266,536 1302,533 1338,531 1374,528 1410,525 1446,523 1482,520 1519,517"/>
                <TextEquiv>
                    <Unicode>Unternehmen für Zeitungs-Ausschmit.</Unicode>
                </TextEquiv>
            </TextLine>
            <TextLine id="r2l4" custom="readingOrder {index:3;}">
                <Coords points="868,621 1348,614 1428,595 1448,609 1488,592 1485,537 1363,532 1255,557 1204,544 1102,573 997,553 865,572"/>
                <Baseline points="879,612 908,612 938,612 968,612 998,612 1028,611 1058,610 1088,608 1118,607 1148,606 1178,604 1207,602 1237,600 1267,598 1297,596 1327,595 1357,592 1387,591 1417,589 1447,587 1477,585"/>
                <TextEquiv>
                    <Unicode>WIEN, I., WOLLZEILE 11</Unicode>
                </TextEquiv>
            </TextLine>
            <TextLine id="r2l5" custom="readingOrder {index:4;}">
                <Coords points="946,670 1372,655 1418,634 1417,608 944,623"/>
                <Baseline points="957,662 982,661 1007,660 1032,660 1057,660 1082,659 1107,658 1132,657 1157,657 1182,656 1207,654 1232,653 1257,652 1282,651 1307,649 1332,647 1357,645 1382,642 1407,639"/>
                <TextEquiv>
                    <Unicode>TELEPHON R-23-0-43</Unicode>
                </TextEquiv>
            </TextLine>
            <TextLine id="r2l6" custom="readingOrder {index:5;}">
                <Coords points="750,838 806,837 832,820 914,826 943,807 1032,809 1064,830 1089,827 1109,808 1129,809 1125,743 1042,746 1013,761 971,748 951,764 918,753 872,769 807,751 747,783"/>
                <Baseline points="759,812 784,812 810,811 835,810 861,809 886,807 912,805 938,803 963,801 989,800 1014,798 1040,797 1065,795 1091,795 1117,794"/>
                <TextEquiv>
                    <Unicode>Ausschnitt aus:</Unicode>
                </TextEquiv>
            </TextLine>
            <TextLine id="r2l7" custom="readingOrder {index:6;}">
                <Coords points="1168,966 1712,973 1746,962 1746,892 1631,908 1543,887 1486,920 1336,898 1311,913 1281,890 1238,916 1168,906"/>
                <Baseline points="1180,959 1207,960 1235,960 1263,961 1291,961 1319,960 1346,959 1374,959 1402,958 1430,957 1458,956 1485,955 1513,954 1541,954 1569,953 1597,954 1624,954 1652,955 1680,956 1708,958 1736,961"/>
                <TextEquiv>
                    <Unicode>GRINGOIRE</Unicode>
                </TextEquiv>
            </TextLine>
            <TextLine id="r2l8" custom="readingOrder {index:7;}">
                <Coords points="799,985 844,999 869,990 908,1010 929,992 957,1000 1016,971 1044,975 1043,949 1015,950 970,927 951,926 924,946 892,951 864,951 827,935 798,940"/>
                <Baseline points="810,984 838,985 866,984 894,983 922,981 950,980 978,980 1006,980 1034,982"/>
                <TextEquiv>
                    <Unicode>Extroit de</Unicode>
                </TextEquiv>
            </TextLine>
            <TextLine id="r2l9" custom="readingOrder {index:8;}">
                <Coords points="1242,1025 1269,1021 1297,1043 1493,1019 1506,1032 1564,1022 1628,1041 1666,1020 1666,983 1615,964 1577,975 1400,970 1353,987 1302,964 1242,979"/>
                <Baseline points="1252,1016 1277,1016 1302,1017 1327,1017 1353,1017 1378,1017 1403,1016 1428,1016 1454,1015 1479,1015 1504,1015 1529,1015 1555,1015 1580,1016 1605,1017 1630,1018 1656,1021"/>
                <TextEquiv>
                    <Unicode>20, AVENUE RAPE</Unicode>
                </TextEquiv>
            </TextLine>
            <TextLine id="r2l10" custom="readingOrder {index:9;}">
                <Coords points="793,1076 806,1074 834,1096 879,1091 889,1102 942,1092 962,1079 1000,1085 1000,1045 983,1038 945,1040 913,1051 827,1047 821,1040 812,1047 793,1038"/>
                <Baseline points="803,1081 829,1080 856,1079 882,1079 909,1079 935,1080 962,1080 989,1081"/>
                <TextEquiv>
                    <Unicode>Adresse</Unicode>
                </TextEquiv>
            </TextLine>
            <TextLine id="r2l11" custom="readingOrder {index:10;}">
                <Coords points="1224,1190 1358,1163 1526,1173 1558,1149 1639,1172 1735,1167 1733,1084 1662,1067 1554,1093 1526,1077 1451,1073 1422,1091 1372,1075 1283,1103 1221,1081"/>
                <Baseline points="1234,1161 1259,1162 1285,1163 1311,1163 1337,1163 1363,1163 1389,1162 1414,1162 1440,1161 1466,1160 1492,1159 1518,1157 1544,1156 1569,1155 1595,1154 1621,1153 1647,1153 1673,1152 1699,1152 1725,1152"/>
                <TextEquiv>
                    <Unicode>7 CCIUBRE 1932</Unicode>
                </TextEquiv>
            </TextLine>
            <TextLine id="r2l12" custom="readingOrder {index:11;}">
                <Coords points="789,1192 817,1183 842,1190 855,1201 883,1186 925,1204 946,1198 947,1123 935,1123 902,1144 885,1144 872,1152 855,1148 843,1137 789,1149"/>
                <Baseline points="800,1183 827,1180 854,1180 881,1181 908,1182 936,1183"/>
                <TextEquiv>
                    <Unicode>Date</Unicode>
                </TextEquiv>
            </TextLine>
            <TextLine id="r2l13" custom="readingOrder {index:12;}">
                <Coords points="791,1287 825,1287 854,1309 897,1281 969,1296 1000,1282 1018,1294 1064,1276 1100,1278 1098,1236 1053,1245 1042,1235 1030,1244 1012,1236 1000,1248 954,1224 870,1214 823,1245 788,1242"/>
                <Baseline points="801,1287 827,1285 853,1282 879,1280 905,1279 931,1277 958,1276 984,1274 1010,1273 1036,1272 1062,1272 1089,1271"/>
                <TextEquiv>
                    <Unicode>Signature—</Unicode>
                </TextEquiv>
            </TextLine>
            <TextLine id="r2l14" custom="readingOrder {index:13;}">
                <Coords points="807,1411 848,1410 866,1394 892,1396 915,1382 951,1379 1005,1403 1050,1404 1048,1327 1014,1339 943,1332 927,1346 854,1324 833,1340 805,1334"/>
                <Baseline points="817,1375 844,1376 872,1375 899,1374 927,1372 955,1371 982,1370 1010,1370 1038,1372"/>
                <TextEquiv>
                    <Unicode>Erposition</Unicode>
                </TextEquiv>
            </TextLine>
            <TextLine id="r2l15" custom="readingOrder {index:14;}">
                <Coords points="698,1443 713,1439 728,1449 737,1444 746,1450 760,1444 773,1448 787,1434 800,1435 797,1390 767,1397 747,1385 717,1413 696,1415"/>
                <Baseline points="709,1439 735,1435 762,1433 789,1433"/>
                <TextEquiv>
                    <Unicode>66</Unicode>
                </TextEquiv>
            </TextLine>
            <TextLine id="r2l16" custom="readingOrder {index:15;}">
                <Coords points="774,1528 936,1512 1034,1542 1205,1541 1314,1509 1375,1540 1441,1510 1557,1510 1556,1382 1392,1365 1279,1400 1164,1373 1047,1410 938,1380 844,1402 773,1359"/>
                <Baseline points="784,1510 822,1509 860,1508 898,1508 936,1507 974,1507 1012,1507 1051,1506 1089,1506 1127,1506 1165,1506 1203,1506 1241,1506 1279,1506 1318,1506 1356,1506 1394,1506 1432,1506 1470,1506 1508,1505 1547,1505"/>
                <TextEquiv>
                    <Unicode>La Ropde“, Azor“</Unicode>
                </TextEquiv>
            </TextLine>
            <TextLine id="r2l17" custom="readingOrder {index:16;}">
                <Coords points="1587,1520 2376,1529 2396,1384 2208,1424 2117,1383 2008,1421 1895,1380 1654,1384 1588,1424"/>
                <Baseline points="1599,1497 1638,1500 1677,1504 1717,1506 1756,1509 1795,1511 1835,1512 1874,1513 1913,1514 1953,1514 1992,1514 2031,1513 2071,1513 2110,1512 2149,1511 2189,1510 2228,1509 2267,1508 2307,1506 2346,1505 2386,1505"/>
                <TextEquiv>
                    <Unicode>et Signor Bracoll'</Unicode>
                </TextEquiv>
            </TextLine>
            <TextLine id="r2l18" custom="readingOrder {index:17;}">
                <Coords points="752,1592 2441,1632 2441,1561 2377,1544 1277,1566 998,1521 752,1562"/>
                <Baseline points="763,1589 846,1589 929,1589 1013,1589 1096,1589 1180,1589 1263,1590 1346,1590 1430,1590 1513,1591 1597,1591 1680,1592 1763,1593 1847,1593 1930,1594 2014,1595 2097,1596 2180,1597 2264,1599 2347,1600 2431,1601"/>
                <TextEquiv>
                    <Unicode>Arthur-Schrltzich fut-il impressionné par le1 de l'amour. Le désir satisfait n'assouvit pas le</Unicode>
                </TextEquiv>
            </TextLine>
            <TextLine id="r2l19" custom="readingOrder {index:18;}">
                <Coords points="1578,1644 1612,1642 1617,1646 1636,1646 1644,1638 1663,1646 1678,1638 1706,1642 1706,1612 1681,1606 1672,1608 1659,1601 1653,1608 1638,1601 1634,1606 1619,1597 1604,1603 1578,1599"/>
                <Baseline points="1588,1633 1615,1634 1642,1633 1669,1633 1696,1635"/>
                <TextEquiv>
                    <Unicode>Corur.</Unicode>
                </TextEquiv>
            </TextLine>
            <TextLine id="r2l20" custom="readingOrder {index:19;}">
                <Coords points="706,1642 1563,1633 1542,1597 845,1605 706,1570"/>
                <Baseline points="716,1631 757,1631 799,1632 841,1632 883,1632 925,1633 967,1633 1008,1634 1050,1634 1092,1635 1134,1636 1176,1636 1218,1636 1260,1637 1301,1637 1343,1637 1385,1636 1427,1636 1469,1636 1511,1635 1553,1634"/>
                <TextEquiv>
                    <Unicode>Théätre-Libre ou bien Tut-il un précurseur?</Unicode>
                </TextEquiv>
            </TextLine>
            <TextLine id="r2l21" custom="readingOrder {index:20;}">
                <Coords points="1611,1690 2443,1683 2443,1647 2319,1625 2234,1655 2198,1631 2042,1648 1948,1618 1901,1644 1822,1622 1611,1643"/>
                <Baseline points="1621,1676 1661,1678 1702,1679 1742,1680 1783,1680 1823,1681 1864,1681 1904,1680 1945,1680 1985,1680 2026,1679 2066,1679 2107,1678 2147,1678 2188,1678 2228,1678 2269,1679 2309,1680 2350,1681 2390,1682 2431,1685"/>
                <TextEquiv>
                    <Unicode>L’art d’Arthur Schnitzler est d’avoir reussi,</Unicode>
                </TextEquiv>
            </TextLine>
            <TextLine id="r2l22" custom="readingOrder {index:21;}">
                <Coords points="701,1678 1572,1693 1572,1631 1531,1651 701,1638"/>
                <Baseline points="713,1679 755,1679 797,1679 840,1680 882,1680 925,1680 967,1680 1009,1680 1052,1681 1094,1681 1137,1681 1179,1681 1221,1681 1264,1681 1306,1681 1349,1680 1391,1680 1433,1680 1476,1679 1518,1679 1561,1678"/>
                <TextEquiv>
                    <Unicode>Son ceuvre, La Ronde, écrite en 1882, connut</Unicode>
                </TextEquiv>
            </TextLine>
            <TextLine id="r2l23" custom="readingOrder {index:22;}">
                <Coords points="696,1726 1562,1731 1547,1686 696,1690"/>
                <Baseline points="707,1721 749,1722 791,1722 833,1722 875,1722 918,1723 960,1723 1002,1723 1044,1723 1086,1723 1129,1723 1171,1723 1213,1723 1255,1723 1297,1723 1340,1723 1382,1723 1424,1723 1466,1723 1508,1722 1551,1722"/>
                <TextEquiv>
                    <Unicode>ine fortune spéciale. Celebre par son interdiction,</Unicode>
                </TextEquiv>
            </TextLine>
            <TextLine id="r2l24" custom="readingOrder {index:23;}">
                <Coords points="1572,1736 2391,1739 2442,1733 2443,1684 1573,1689"/>
                <Baseline points="1582,1724 1624,1723 1666,1722 1709,1721 1751,1721 1794,1721 1836,1721 1879,1721 1921,1721 1964,1722 2006,1722 2048,1723 2091,1724 2133,1724 2176,1725 2218,1726 2261,1726 2303,1727 2346,1727 2388,1728 2431,1728"/>
                <TextEquiv>
                    <Unicode>gräce à autant d’humour que d’ironie, à ne ja¬</Unicode>
                </TextEquiv>
            </TextLine>
            <TextLine id="r2l25" custom="readingOrder {index:24;}">
                <Coords points="711,1784 958,1764 1303,1783 1380,1760 1534,1782 1562,1731 711,1737"/>
                <Baseline points="721,1766 762,1766 804,1766 845,1766 887,1766 928,1766 970,1766 1011,1766 1053,1767 1094,1767 1136,1767 1177,1767 1219,1767 1260,1768 1302,1768 1343,1768 1385,1768 1426,1767 1468,1767 1509,1767 1551,1766"/>
                <TextEquiv>
                    <Unicode>elle souleva“ un veritable scandale en 1918</Unicode>
                </TextEquiv>
            </TextLine>
            <TextLine id="r2l26" custom="readingOrder {index:25;}">
                <Coords points="1573,1776 2377,1786 2445,1774 2445,1727 1573,1736"/>
                <Baseline points="1583,1768 1625,1767 1668,1766 1710,1765 1753,1765 1795,1765 1838,1765 1880,1765 1923,1766 1965,1766 2008,1766 2051,1767 2093,1767 2136,1768 2178,1768 2221,1769 2263,1769 2306,1769 2348,1768 2391,1768 2434,1767"/>
                <TextEquiv>
                    <Unicode>mais rendre monotone cette succession d’ima¬</Unicode>
                </TextEquiv>
            </TextLine>
            <TextLine id="r2l27" custom="readingOrder {index:26;}">
                <Coords points="703,1814 1569,1818 1569,1769 703,1763"/>
                <Baseline points="713,1811 755,1811 797,1811 839,1811 882,1811 924,1811 966,1811 1008,1811 1051,1811 1093,1810 1135,1810 1177,1810 1220,1810 1262,1810 1304,1810 1346,1810 1389,1810 1431,1810 1473,1811 1515,1811 1558,1812"/>
                <TextEquiv>
                    <Unicode>st le grand auteur viennois monrut l’an passé</Unicode>
                </TextEquiv>
            </TextLine>
            <TextLine id="r2l28" custom="readingOrder {index:27;}">
                <Coords points="1573,1827 2441,1831 2441,1770 1573,1776"/>
                <Baseline points="1583,1814 1625,1812 1667,1811 1710,1809 1752,1809 1795,1809 1837,1809 1879,1809 1922,1809 1964,1810 2007,1811 2049,1811 2091,1812 2134,1813 2176,1813 2219,1814 2261,1814 2303,1814 2346,1814 2388,1813 2431,1811"/>
                <TextEquiv>
                    <Unicode>ges desenchantées dont T'amertume et le degsüt</Unicode>
                </TextEquiv>
            </TextLine>
            <TextLine id="r2l29" custom="readingOrder {index:28;}">
                <Coords points="714,1852 995,1878 1087,1853 1563,1860 1563,1828 1454,1808 1332,1832 1230,1808 714,1824"/>
                <Baseline points="725,1856 766,1856 807,1855 849,1855 890,1855 931,1855 973,1854 1014,1854 1055,1854 1097,1854 1138,1854 1179,1854 1221,1855 1262,1855 1303,1855 1345,1855 1386,1855 1427,1856 1469,1856 1510,1857 1552,1857"/>
                <TextEquiv>
                    <Unicode>lans revoir sa piece sur T'affiche, pas plus en</Unicode>
                </TextEquiv>
            </TextLine>
            <TextLine id="r2l30" custom="readingOrder {index:29;}">
                <Coords points="1584,1867 2437,1867 2414,1820 1584,1825"/>
                <Baseline points="1595,1856 1636,1856 1678,1857 1719,1857 1761,1857 1803,1857 1844,1857 1886,1857 1927,1857 1969,1857 2011,1857 2052,1858 2094,1858 2135,1858 2177,1859 2219,1859 2260,1859 2302,1859 2343,1860 2385,1860 2427,1861"/>
                <TextEquiv>
                    <Unicode>ne sont que physiques cer, en somme, il n’est</Unicode>
                </TextEquiv>
            </TextLine>
            <TextLine id="r2l31" custom="readingOrder {index:30;}">
                <Coords points="718,1914 2445,1900 718,1850"/>
                <Baseline points="729,1899 814,1898 899,1898 984,1898 1070,1898 1155,1898 1240,1898 1325,1898 1411,1898 1496,1899 1581,1899 1666,1899 1752,1899 1837,1900 1922,1900 2007,1900 2093,1900 2178,1900 2263,1900 2348,1900 2434,1900"/>
                <TextEquiv>
                    <Unicode>Allemagne qu'en Autriche. En France, ellequestion là que d’une ronde d’aventures passa¬</Unicode>
                </TextEquiv>
            </TextLine>
            <TextLine id="r2l32" custom="readingOrder {index:31;}">
                <Coords points="726,1941 862,1956 1101,1940 1131,1957 1186,1937 1186,1912 994,1895 962,1913 939,1894 917,1909 862,1898 726,1914"/>
                <Baseline points="736,1937 761,1938 787,1939 813,1939 839,1939 865,1939 891,1939 917,1939 943,1938 968,1938 994,1938 1020,1937 1046,1937 1072,1937 1098,1937 1124,1937 1150,1937 1176,1938"/>
                <TextEquiv>
                    <Unicode>walt depuis longtemps</Unicode>
                </TextEquiv>
            </TextLine>
            <TextLine id="r2l33" custom="readingOrder {index:32;}">
                <Coords points="1971,1951 2112,1942 2154,1959 2176,1947 2239,1960 2351,1942 2416,1962 2440,1949 2440,1917 2396,1904 2306,1918 2174,1902 2114,1923 2022,1901 1971,1909"/>
                <Baseline points="1981,1940 2007,1940 2033,1941 2060,1941 2086,1942 2112,1942 2139,1942 2165,1943 2191,1943 2218,1943 2244,1944 2270,1944 2297,1944 2323,1944 2349,1944 2376,1944 2402,1944 2429,1944"/>
                <TextEquiv>
                    <Unicode>gères, mais jamais de</Unicode>
                </TextEquiv>
            </TextLine>
            <TextLine id="r2l34" custom="readingOrder {index:33;}">
                <Coords points="716,2004 750,2010 823,1982 863,2003 938,1979 1040,1996 1072,1983 1157,1991 1181,1985 1181,1936 1057,1951 1019,1939 982,1954 716,1940"/>
                <Baseline points="727,1983 753,1984 779,1984 805,1985 831,1985 857,1985 883,1985 909,1985 935,1984 961,1984 987,1984 1013,1983 1039,1983 1065,1983 1091,1983 1117,1983 1143,1983 1170,1984"/>
                <TextEquiv>
                    <Unicode>éjà paru en librairie.</Unicode>
                </TextEquiv>
            </TextLine>
            <TextLine id="r2l35" custom="readingOrder {index:34;}">
                <Coords points="1962,1986 2053,1987 2076,2001 2232,1986 2258,2001 2307,1985 2354,2005 2444,1983 2444,1947 2399,1963 2361,1943 2254,1961 1962,1945"/>
                <Baseline points="1972,1985 1997,1984 2023,1984 2048,1984 2074,1985 2099,1985 2125,1986 2150,1986 2176,1987 2202,1987 2227,1988 2253,1989 2278,1989 2304,1990 2329,1990 2355,1990 2380,1990 2406,1990 2432,1989"/>
                <TextEquiv>
                    <Unicode>cette passion qui donne</Unicode>
                </TextEquiv>
            </TextLine>
            <TextLine id="r2l36" custom="readingOrder {index:35;}">
                <Coords points="711,2025 842,2043 859,2030 917,2041 940,2022 970,2044 985,2029 1187,2028 1186,1985 1167,1982 1014,1996 990,1980 934,1981 865,2006 832,1988 711,2008"/>
                <Baseline points="723,2032 748,2032 773,2032 798,2031 823,2030 848,2030 874,2028 899,2028 924,2027 949,2026 974,2025 999,2024 1025,2023 1050,2023 1075,2022 1100,2022 1125,2023 1150,2023 1176,2024"/>
                <TextEquiv>
                    <Unicode>Sonçue au debut de ce</Unicode>
                </TextEquiv>
            </TextLine>
            <TextLine id="r2l37" custom="readingOrder {index:36;}">
                <Coords points="1966,2034 2083,2043 2120,2031 2226,2048 2380,2032 2439,2057 2440,2003 2387,1991 2353,2006 2313,1990 2257,2002 2232,1986 2197,2000 2119,1990 2101,2003 2042,1986 1967,1998"/>
                <Baseline points="1977,2024 2002,2025 2027,2025 2052,2027 2077,2027 2102,2028 2128,2029 2153,2029 2178,2030 2203,2030 2228,2030 2253,2031 2279,2031 2304,2032 2329,2032 2354,2033 2379,2033 2404,2034 2430,2034"/>
                <TextEquiv>
                    <Unicode>à deux étres humains la</Unicode>
                </TextEquiv>
            </TextLine>
            <TextLine id="r2l38" custom="readingOrder {index:37;}">
                <Coords points="711,2073 819,2086 839,2069 926,2083 992,2068 1052,2086 1109,2069 1188,2087 1188,2028 1124,2028 1107,2045 1056,2024 971,2044 936,2021 913,2043 862,2028 834,2048 802,2029 710,2028"/>
                <Baseline points="722,2074 747,2074 772,2073 797,2073 823,2073 848,2073 873,2073 898,2073 924,2073 949,2073 974,2073 1000,2073 1025,2072 1050,2072 1075,2072 1101,2071 1126,2070 1151,2069 1177,2067"/>
                <TextEquiv>
                    <Unicode>decle dans les regles du</Unicode>
                </TextEquiv>
            </TextLine>
            <TextLine id="r2l39" custom="readingOrder {index:38;}">
                <Coords points="1954,2075 2201,2090 2249,2067 2278,2087 2319,2079 2350,2103 2423,2083 2455,2097 2456,2043 2415,2051 2377,2031 2315,2045 2155,2034 2112,2052 1955,2032"/>
                <Baseline points="1964,2069 1989,2070 2014,2071 2039,2072 2065,2072 2090,2073 2115,2074 2140,2074 2166,2075 2191,2075 2216,2076 2241,2076 2267,2076 2292,2077 2317,2077 2342,2077 2368,2078 2393,2078 2418,2078 2444,2078"/>
                <TextEquiv>
                    <Unicode>meme äme assoiffée</Unicode>
                </TextEquiv>
            </TextLine>
            <TextLine id="r2l40" custom="readingOrder {index:39;}">
                <Coords points="1962,2112 2083,2138 2107,2132 2115,2139 2128,2130 2175,2132 2177,2089 2141,2075 2132,2082 2117,2075 2098,2087 2068,2088 2045,2076 1964,2080"/>
                <Baseline points="1974,2110 2001,2112 2028,2113 2056,2114 2083,2115 2111,2116 2138,2116 2166,2117"/>
                <TextEquiv>
                    <Unicode>d’éternité.</Unicode>
                </TextEquiv>
            </TextLine>
            <TextLine id="r2l41" custom="readingOrder {index:40;}">
                <Coords points="708,2123 836,2119 873,2138 898,2118 971,2115 1048,2136 1112,2131 1192,2102 1192,2085 989,2070 968,2088 900,2086 844,2072 830,2087 755,2077 708,2093"/>
                <Baseline points="719,2116 744,2117 770,2117 796,2117 821,2117 847,2117 873,2117 898,2117 924,2117 950,2116 975,2116 1001,2116 1027,2115 1052,2115 1078,2114 1104,2114 1129,2113 1155,2112 1181,2111"/>
                <TextEquiv>
                    <Unicode>aaturalisme, elle (appa¬</Unicode>
                </TextEquiv>
            </TextLine>
            <TextLine id="r2l42" custom="readingOrder {index:41;}">
                <Coords points="706,2158 845,2174 874,2148 907,2167 1096,2171 1196,2153 1196,2125 831,2116 706,2129"/>
                <Baseline points="716,2160 742,2160 768,2160 794,2161 820,2161 846,2161 872,2161 898,2161 924,2161 950,2161 976,2160 1002,2160 1028,2159 1054,2159 1080,2158 1106,2157 1132,2156 1158,2155 1185,2154"/>
                <TextEquiv>
                    <Unicode>####ssait à juste titre</Unicode>
                </TextEquiv>
            </TextLine>
            <TextLine id="r2l43" custom="readingOrder {index:42;}">
                <Coords points="700,2219 855,2199 877,2216 1150,2212 1190,2199 1189,2152 1106,2172 929,2168 891,2152 855,2180 759,2162 699,2189"/>
                <Baseline points="710,2207 736,2206 762,2205 788,2205 814,2204 840,2203 866,2203 892,2202 918,2202 944,2201 970,2201 996,2201 1022,2200 1048,2200 1074,2200 1100,2200 1126,2200 1152,2200 1179,2201"/>
                <TextEquiv>
                    <Unicode>pleine d’audace et de</Unicode>
                </TextEquiv>
            </TextLine>
            <TextLine id="r2l44" custom="readingOrder {index:43;}">
                <Coords points="1998,2244 2019,2238 2051,2258 2166,2245 2192,2259 2215,2244 2232,2257 2254,2243 2271,2258 2363,2247 2450,2260 2451,2181 2408,2208 2317,2176 2232,2189 2185,2177 2165,2190 2132,2174 2080,2184 1999,2169"/>
                <Baseline points="2009,2236 2034,2237 2059,2238 2085,2238 2110,2239 2135,2239 2161,2240 2186,2240 2211,2241 2237,2241 2262,2241 2287,2242 2313,2243 2338,2243 2363,2244 2389,2245 2414,2246 2440,2247"/>
                <TextEquiv>
                    <Unicode>Les Bouffes-Parisiens</Unicode>
                </TextEquiv>
            </TextLine>
            <TextLine id="r2l45" custom="readingOrder {index:44;}">
                <Coords points="710,2265 736,2252 828,2265 847,2250 928,2262 964,2249 1015,2265 1070,2247 1186,2255 1185,2208 1119,2202 899,2218 854,2199 710,2218"/>
                <Baseline points="720,2250 745,2249 770,2249 795,2248 820,2248 846,2247 871,2247 896,2247 921,2246 947,2246 972,2246 997,2246 1022,2245 1047,2245 1073,2245 1098,2245 1123,2244 1148,2244 1174,2244"/>
                <TextEquiv>
                    <Unicode>eruauté sensuelle. Le</Unicode>
                </TextEquiv>
            </TextLine>
            <TextLine id="r2l46" custom="readingOrder {index:45;}">
                <Coords points="1954,2288 2129,2305 2180,2284 2287,2307 2377,2288 2440,2306 2441,2261 2400,2250 2285,2266 2215,2244 2194,2259 2166,2246 2055,2257 2006,2240 1955,2260"/>
                <Baseline points="1966,2283 1991,2283 2017,2284 2043,2284 2069,2285 2094,2285 2120,2285 2146,2285 2172,2286 2198,2286 2223,2286 2249,2286 2275,2286 2301,2287 2326,2287 2352,2287 2378,2288 2404,2288 2430,2289"/>
                <TextEquiv>
                    <Unicode>inaugurent leur saison</Unicode>
                </TextEquiv>
            </TextLine>
            <TextLine id="r2l47" custom="readingOrder {index:46;}">
                <Coords points="705,2301 1033,2291 1065,2304 1187,2287 1186,2255 1105,2261 1082,2242 1024,2266 962,2249 918,2262 704,2258"/>
                <Baseline points="715,2288 740,2289 766,2290 791,2291 817,2291 842,2291 868,2291 893,2292 919,2292 945,2292 970,2291 996,2291 1021,2291 1047,2290 1072,2290 1098,2289 1123,2289 1149,2288 1175,2288"/>
                <TextEquiv>
                    <Unicode>temps a passé et, aujour¬</Unicode>
                </TextEquiv>
            </TextLine>
            <TextLine id="r2l48" custom="readingOrder {index:47;}">
                <Coords points="1963,2350 2014,2333 2417,2345 2434,2343 2434,2300 2374,2289 2287,2307 2184,2286 2137,2301 1997,2293 1963,2310"/>
                <Baseline points="1973,2329 1998,2330 2023,2330 2048,2330 2073,2330 2098,2330 2123,2330 2148,2330 2173,2330 2198,2330 2223,2330 2248,2330 2273,2329 2298,2329 2323,2329 2348,2329 2373,2329 2398,2329 2423,2328"/>
                <TextEquiv>
                    <Unicode>par un éclatant succès.</Unicode>
                </TextEquiv>
            </TextLine>
            <TextLine id="r2l49" custom="readingOrder {index:48;}">
                <Coords points="701,2335 812,2349 846,2336 866,2353 895,2338 966,2352 1045,2332 1104,2347 1192,2337 1191,2290 1161,2284 1145,2299 1093,2291 1066,2304 972,2288 942,2303 701,2301"/>
                <Baseline points="711,2331 737,2333 763,2334 789,2335 815,2335 841,2335 867,2336 893,2336 919,2335 946,2335 972,2335 998,2334 1024,2333 1050,2333 1076,2332 1102,2331 1128,2331 1154,2330 1181,2329"/>
                <TextEquiv>
                    <Unicode>d’hul, à la scène, on ou¬</Unicode>
                </TextEquiv>
            </TextLine>
            <TextLine id="r2l50" custom="readingOrder {index:49;}">
                <Coords points="1958,2378 2091,2377 2127,2391 2157,2379 2455,2383 2455,2347 2396,2336 2255,2347 2048,2332 1959,2349"/>
                <Baseline points="1969,2373 1994,2374 2019,2374 2044,2374 2069,2374 2094,2374 2119,2374 2144,2374 2169,2375 2194,2375 2219,2375 2244,2375 2269,2375 2294,2375 2319,2375 2344,2375 2369,2374 2394,2374 2419,2374 2444,2374"/>
                <TextEquiv>
                    <Unicode>Azor est une pétillante</Unicode>
                </TextEquiv>
            </TextLine>
            <TextLine id="r2l51" custom="readingOrder {index:50;}">
                <Coords points="701,2398 829,2395 867,2377 913,2399 957,2375 981,2389 1187,2380 1186,2339 1103,2346 1043,2330 963,2351 865,2354 849,2339 803,2355 762,2335 700,2338"/>
                <Baseline points="711,2385 736,2384 762,2383 788,2383 814,2382 840,2382 866,2381 891,2381 917,2381 943,2380 969,2380 995,2379 1021,2379 1046,2378 1072,2377 1098,2376 1124,2375 1150,2373 1176,2371"/>
                <TextEquiv>
                    <Unicode>blie im peu qu'elle de¬</Unicode>
                </TextEquiv>
            </TextLine>
            <TextLine id="r2l52" custom="readingOrder {index:51;}">
                <Coords points="1960,2411 2013,2429 2141,2411 2192,2435 2245,2419 2290,2441 2354,2422 2454,2430 2455,2383 2329,2390 2282,2376 2267,2389 2126,2392 2090,2376 1960,2377"/>
                <Baseline points="1970,2412 1996,2413 2022,2414 2049,2415 2075,2416 2101,2416 2128,2417 2154,2418 2180,2419 2207,2419 2233,2419 2259,2419 2286,2419 2312,2419 2338,2419 2365,2419 2391,2419 2417,2418 2444,2418"/>
                <TextEquiv>
                    <Unicode>opérette pour laquelle</Unicode>
                </TextEquiv>
            </TextLine>
            <TextLine id="r2l53" custom="readingOrder {index:52;}">
                <Coords points="699,2431 921,2446 1031,2422 1085,2438 1178,2412 1178,2386 984,2392 960,2377 914,2399 867,2376 828,2396 698,2395"/>
                <Baseline points="709,2427 734,2426 760,2426 785,2425 811,2425 836,2425 862,2425 887,2425 913,2425 938,2425 964,2425 989,2425 1015,2424 1040,2424 1066,2424 1091,2423 1117,2422 1142,2422 1168,2420"/>
                <TextEquiv>
                    <Unicode>vança les pieces decou¬</Unicode>
                </TextEquiv>
            </TextLine>
            <TextLine id="r2l54" custom="readingOrder {index:53;}">
                <Coords points="1969,2474 2238,2465 2413,2481 2453,2477 2454,2430 2270,2434 2245,2419 2192,2435 2141,2419 1970,2417"/>
                <Baseline points="1980,2457 2005,2458 2031,2458 2057,2459 2082,2459 2108,2459 2134,2460 2159,2460 2185,2460 2211,2461 2236,2461 2262,2461 2288,2462 2313,2462 2339,2463 2365,2463 2390,2464 2416,2464 2442,2465"/>
                <TextEquiv>
                    <Unicode>M. Gabaroche a écrit</Unicode>
                </TextEquiv>
            </TextLine>
            <TextLine id="r2l55" custom="readingOrder {index:54;}">
                <Coords points="708,2484 849,2484 877,2460 909,2481 1081,2458 1103,2479 1190,2466 1190,2442 1149,2423 1077,2437 979,2425 921,2447 878,2431 708,2434"/>
                <Baseline points="719,2466 744,2467 770,2468 795,2468 821,2469 847,2469 872,2469 898,2469 923,2468 949,2468 975,2467 1000,2467 1026,2466 1051,2466 1077,2465 1103,2465 1128,2464 1154,2464 1180,2463"/>
                <TextEquiv>
                    <Unicode>pees en &amp; tranches 9 à</Unicode>
                </TextEquiv>
            </TextLine>
            <TextLine id="r2l56" custom="readingOrder {index:55;}">
                <Coords points="1955,2525 2032,2508 2115,2508 2154,2527 2196,2508 2222,2521 2250,2508 2269,2527 2294,2508 2339,2521 2446,2510 2446,2476 2431,2472 2011,2476 1955,2464"/>
                <Baseline points="1965,2503 1991,2503 2017,2503 2043,2503 2069,2503 2095,2504 2122,2504 2148,2504 2174,2504 2200,2503 2226,2503 2252,2503 2279,2503 2305,2503 2331,2503 2357,2503 2383,2503 2409,2503 2436,2503"/>
                <TextEquiv>
                    <Unicode>une musique alerte et en¬</Unicode>
                </TextEquiv>
            </TextLine>
            <TextLine id="r2l57" custom="readingOrder {index:56;}">
                <Coords points="698,2511 807,2529 918,2511 980,2530 1027,2504 1095,2533 1127,2509 1193,2506 1193,2474 1103,2479 1082,2458 1014,2480 881,2467 796,2489 781,2476 698,2479"/>
                <Baseline points="709,2512 735,2512 761,2513 788,2513 814,2513 840,2513 867,2512 893,2512 919,2511 946,2511 972,2511 998,2510 1025,2510 1051,2509 1077,2509 1104,2509 1130,2509 1156,2509 1183,2509"/>
                <TextEquiv>
                    <Unicode>la manière de Maya.</Unicode>
                </TextEquiv>
            </TextLine>
            <TextLine id="r2l58" custom="readingOrder {index:57;}">
                <Coords points="1383,2524 1421,2514 1439,2530 1505,2523 1533,2546 1575,2523 1633,2540 1667,2534 1711,2500 1709,2457 1671,2470 1658,2457 1643,2469 1628,2461 1511,2476 1479,2460 1422,2484 1400,2472 1381,2477"/>
                <Baseline points="1394,2529 1419,2521 1445,2516 1470,2512 1496,2511 1521,2510 1547,2510 1573,2510 1598,2511 1624,2511 1649,2510 1675,2509 1701,2507"/>
                <TextEquiv>
                    <Unicode>#</Unicode>
                </TextEquiv>
            </TextLine>
            <TextLine id="r2l59" custom="readingOrder {index:58;}">
                <Coords points="1969,2555 2112,2566 2127,2553 2291,2562 2347,2541 2372,2558 2438,2550 2438,2509 2344,2520 2295,2509 2268,2526 2246,2507 2165,2524 1969,2504"/>
                <Baseline points="1979,2547 2005,2548 2031,2548 2058,2548 2084,2548 2110,2549 2137,2550 2163,2550 2189,2550 2216,2551 2242,2551 2268,2551 2295,2551 2321,2550 2347,2550 2374,2548 2400,2547 2427,2545"/>
                <TextEquiv>
                    <Unicode>trainante dont les re¬</Unicode>
                </TextEquiv>
            </TextLine>
            <TextLine id="r2l60" custom="readingOrder {index:59;}">
                <Coords points="709,2578 806,2550 900,2568 985,2551 1050,2571 1096,2549 1190,2554 1189,2505 1066,2520 1027,2503 981,2530 931,2512 808,2529 769,2513 708,2531"/>
                <Baseline points="718,2560 743,2559 769,2558 794,2557 820,2556 846,2555 871,2554 897,2554 922,2553 948,2553 974,2553 999,2552 1025,2552 1050,2551 1076,2551 1102,2551 1127,2551 1153,2551 1179,2551"/>
                <TextEquiv>
                    <Unicode>par exemple, et quselle</Unicode>
                </TextEquiv>
            </TextLine>
            <TextLine id="r2l61" custom="readingOrder {index:60;}">
                <Coords points="1963,2604 2336,2608 2381,2592 2462,2612 2463,2544 2429,2537 2405,2558 2371,2558 2348,2540 2285,2565 1964,2553"/>
                <Baseline points="1973,2590 1998,2590 2023,2590 2048,2590 2073,2591 2099,2591 2124,2591 2149,2591 2174,2592 2199,2592 2225,2592 2250,2592 2275,2593 2300,2593 2325,2593 2351,2594 2376,2594 2401,2595 2426,2595 2452,2596"/>
                <TextEquiv>
                    <Unicode>Frains connaissent deja la</Unicode>
                </TextEquiv>
            </TextLine>
            <TextLine id="r2l62" custom="readingOrder {index:61;}">
                <Coords points="706,2603 842,2595 1088,2613 1194,2593 1194,2558 1055,2567 983,2551 900,2567 801,2553 738,2569 705,2554"/>
                <Baseline points="716,2602 741,2601 767,2601 793,2601 819,2601 845,2600 871,2600 897,2599 923,2599 949,2598 975,2598 1001,2598 1027,2598 1053,2597 1079,2597 1105,2597 1131,2596 1157,2596 1183,2596"/>
                <TextEquiv>
                    <Unicode>servit bien souvent de</Unicode>
                </TextEquiv>
            </TextLine>
            <TextLine id="r2l63" custom="readingOrder {index:62;}">
                <Coords points="1377,2635 1396,2636 1410,2647 1430,2647 1462,2618 1490,2619 1491,2561 1476,2563 1468,2559 1461,2565 1455,2558 1440,2556 1421,2575 1408,2574 1400,2566 1378,2567"/>
                <Baseline points="1388,2617 1418,2619 1449,2620 1480,2619"/>
                <TextEquiv>
                    <Unicode></Unicode>
                </TextEquiv>
            </TextLine>
            <TextLine id="r2l64" custom="readingOrder {index:63;}">
                <Coords points="1959,2627 2059,2651 2173,2639 2219,2657 2322,2634 2347,2647 2452,2643 2452,2603 2382,2592 2324,2619 2262,2597 2056,2606 1960,2593"/>
                <Baseline points="1969,2636 1995,2636 2021,2635 2047,2635 2074,2635 2100,2635 2126,2635 2152,2635 2179,2635 2205,2636 2231,2636 2258,2636 2284,2637 2310,2637 2336,2637 2363,2638 2389,2638 2415,2638 2442,2639"/>
                <TextEquiv>
                    <Unicode>faveur populaire, Une</Unicode>
                </TextEquiv>
            </TextLine>
            <TextLine id="r2l65" custom="readingOrder {index:64;}">
                <Coords points="696,2637 748,2658 871,2643 961,2659 984,2646 1046,2667 1078,2648 1196,2647 1195,2615 1151,2601 933,2612 722,2598 696,2611"/>
                <Baseline points="707,2644 732,2643 757,2643 782,2643 807,2643 832,2643 857,2643 883,2643 908,2644 933,2644 958,2644 983,2644 1008,2644 1034,2644 1059,2643 1084,2643 1109,2642 1134,2641 1159,2640 1185,2639"/>
                <TextEquiv>
                    <Unicode>modele aux auteurs con¬</Unicode>
                </TextEquiv>
            </TextLine>
            <TextLine id="r2l66" custom="readingOrder {index:65;}">
                <Coords points="1968,2682 2056,2697 2196,2682 2252,2697 2416,2698 2444,2689 2444,2644 2322,2634 2235,2657 2173,2640 2145,2653 2117,2640 1968,2652"/>
                <Baseline points="1978,2677 2003,2678 2028,2678 2054,2679 2079,2679 2104,2679 2130,2679 2155,2678 2180,2678 2206,2678 2231,2678 2256,2678 2282,2678 2307,2678 2332,2678 2358,2678 2383,2679 2408,2679 2434,2680"/>
                <TextEquiv>
                    <Unicode>interprétation particulie¬</Unicode>
                </TextEquiv>
            </TextLine>
            <TextLine id="r2l67" custom="readingOrder {index:66;}">
                <Coords points="707,2699 754,2697 771,2714 788,2714 810,2709 833,2688 865,2688 876,2699 959,2686 959,2658 931,2652 888,2654 867,2643 846,2656 835,2647 778,2658 707,2641"/>
                <Baseline points="717,2684 742,2685 768,2686 794,2687 819,2687 845,2687 871,2686 896,2685 922,2685 948,2685"/>
                <TextEquiv>
                    <Unicode>temporains.</Unicode>
                </TextEquiv>
            </TextLine>
            <TextLine id="r2l68" custom="readingOrder {index:67;}">
                <Coords points="1956,2739 2140,2721 2206,2737 2295,2735 2329,2718 2404,2737 2447,2728 2447,2685 2415,2698 1956,2683"/>
                <Baseline points="1967,2725 1993,2725 2019,2724 2045,2724 2071,2724 2097,2724 2123,2724 2149,2724 2175,2724 2202,2723 2228,2723 2254,2723 2280,2723 2306,2723 2332,2723 2358,2723 2384,2723 2410,2723 2437,2723"/>
                <TextEquiv>
                    <Unicode>rement brillante, avec</Unicode>
                </TextEquiv>
            </TextLine>
            <TextLine id="r2l69" custom="readingOrder {index:68;}">
                <Coords points="759,2735 821,2747 878,2729 900,2744 1047,2729 1103,2752 1117,2736 1132,2743 1187,2721 1187,2684 1164,2697 1138,2674 1046,2667 1019,2695 991,2681 967,2696 952,2683 880,2697 835,2687 810,2709 759,2709"/>
                <Baseline points="769,2727 794,2728 820,2728 845,2728 871,2728 896,2729 922,2729 947,2729 973,2729 998,2728 1024,2728 1049,2727 1075,2726 1100,2725 1126,2724 1151,2723 1177,2721"/>
                <TextEquiv>
                    <Unicode>Pelle que nous la pre¬</Unicode>
                </TextEquiv>
            </TextLine>
            <TextLine id="r2l70" custom="readingOrder {index:69;}">
                <Coords points="1962,2762 2078,2779 2220,2771 2242,2785 2453,2762 2453,2727 2404,2736 2329,2717 2297,2734 2205,2739 2139,2720 1962,2739"/>
                <Baseline points="1973,2767 1999,2766 2025,2765 2051,2765 2077,2765 2103,2765 2129,2765 2155,2765 2181,2765 2207,2765 2233,2765 2259,2765 2285,2765 2311,2765 2337,2765 2363,2765 2389,2765 2415,2765 2442,2764"/>
                <TextEquiv>
                    <Unicode>Koval, Gabaröche, Re¬</Unicode>
                </TextEquiv>
            </TextLine>
            <TextLine id="r2l71" custom="readingOrder {index:70;}">
                <Coords points="702,2771 779,2791 834,2774 869,2788 905,2775 1029,2788 1077,2766 1154,2780 1190,2767 1190,2722 1103,2751 1047,2728 702,2741"/>
                <Baseline points="713,2777 738,2777 764,2777 790,2776 816,2776 842,2775 868,2775 894,2775 920,2774 946,2774 971,2773 997,2773 1023,2773 1049,2772 1075,2772 1101,2772 1127,2772 1153,2771 1179,2771"/>
                <TextEquiv>
                    <Unicode>sente M. Pitoëff dans</Unicode>
                </TextEquiv>
            </TextLine>
            <TextLine id="r2l72" custom="readingOrder {index:71;}">
                <Coords points="1964,2834 2032,2814 2068,2835 2087,2816 2153,2809 2221,2827 2241,2814 2360,2826 2420,2806 2450,2813 2449,2764 2264,2782 2161,2770 2140,2788 2063,2769 1963,2779"/>
                <Baseline points="1973,2810 1998,2810 2024,2810 2050,2810 2076,2811 2102,2811 2128,2811 2154,2811 2180,2811 2206,2810 2231,2810 2257,2810 2283,2810 2309,2809 2335,2809 2361,2808 2387,2807 2413,2806 2439,2805"/>
                <TextEquiv>
                    <Unicode>da-Caire, le danseur T’il¬</Unicode>
                </TextEquiv>
            </TextLine>
            <TextLine id="r2l73" custom="readingOrder {index:72;}">
                <Coords points="708,2823 763,2831 801,2816 932,2837 1010,2819 1040,2828 1059,2812 1177,2822 1181,2781 1078,2767 1031,2787 993,2777 869,2791 844,2775 707,2793"/>
                <Baseline points="718,2820 743,2820 768,2821 793,2821 818,2821 843,2820 869,2820 894,2820 919,2819 944,2819 969,2818 994,2818 1020,2817 1045,2817 1070,2817 1095,2816 1120,2816 1145,2816 1171,2817"/>
                <TextEquiv>
                    <Unicode>une mise en scène d'une</Unicode>
                </TextEquiv>
            </TextLine>
            <TextLine id="r2l74" custom="readingOrder {index:73;}">
                <Coords points="1970,2854 2040,2869 2217,2855 2238,2872 2360,2849 2405,2867 2450,2854 2450,2814 2420,2807 2367,2826 2087,2816 2068,2835 2028,2818 1970,2824"/>
                <Baseline points="1981,2854 2006,2854 2031,2855 2057,2855 2082,2856 2107,2856 2133,2857 2158,2857 2184,2857 2209,2858 2234,2858 2260,2858 2285,2858 2311,2858 2336,2857 2361,2857 2387,2856 2412,2856 2438,2855"/>
                <TextEquiv>
                    <Unicode>lio, Arletty, Eliane de¬</Unicode>
                </TextEquiv>
            </TextLine>
            <TextLine id="r2l75" custom="readingOrder {index:74;}">
                <Coords points="700,2881 764,2865 913,2874 936,2861 981,2880 1007,2863 1062,2871 1098,2856 1175,2874 1175,2831 1019,2818 932,2836 802,2814 699,2834"/>
                <Baseline points="711,2865 736,2864 761,2864 786,2863 811,2863 837,2863 862,2862 887,2862 912,2862 938,2862 963,2862 988,2862 1013,2861 1038,2861 1064,2861 1089,2861 1114,2860 1139,2860 1165,2859"/>
                <TextEquiv>
                    <Unicode>intelligence et d’une in¬</Unicode>
                </TextEquiv>
            </TextLine>
            <TextLine id="r2l76" custom="readingOrder {index:75;}">
                <Coords points="1966,2896 2082,2919 2156,2900 2442,2907 2442,2850 2399,2869 2359,2850 2154,2870 1966,2857"/>
                <Baseline points="1977,2895 2002,2897 2027,2898 2052,2898 2077,2900 2103,2900 2128,2900 2153,2901 2178,2901 2204,2901 2229,2900 2254,2900 2279,2900 2304,2899 2330,2899 2355,2898 2380,2897 2405,2896 2431,2895"/>
                <TextEquiv>
                    <Unicode>Creus et Marthe Der¬</Unicode>
                </TextEquiv>
            </TextLine>
            <TextLine id="r2l77" custom="readingOrder {index:76;}">
                <Coords points="700,2915 785,2924 883,2902 937,2920 981,2902 1178,2913 1177,2876 1100,2857 991,2876 935,2860 904,2874 765,2866 699,2881"/>
                <Baseline points="711,2911 736,2909 761,2907 787,2906 812,2905 837,2905 863,2904 888,2904 913,2903 939,2903 964,2903 989,2903 1015,2902 1040,2902 1065,2901 1091,2901 1116,2899 1141,2898 1167,2896"/>
                <TextEquiv>
                    <Unicode>géniosité sans défaillan¬</Unicode>
                </TextEquiv>
            </TextLine>
            <TextLine id="r2l78" custom="readingOrder {index:77;}">
                <Coords points="1957,2953 2057,2963 2140,2941 2226,2958 2426,2956 2441,2954 2441,2907 2413,2920 2330,2899 2272,2917 2157,2898 2138,2914 2012,2904 1957,2919"/>
                <Baseline points="1967,2942 1992,2943 2018,2943 2044,2943 2070,2944 2095,2944 2121,2944 2147,2944 2173,2944 2199,2943 2224,2943 2250,2943 2276,2942 2302,2942 2327,2942 2353,2941 2379,2940 2405,2940 2431,2939"/>
                <TextEquiv>
                    <Unicode>miny, rythme ce specta¬</Unicode>
                </TextEquiv>
            </TextLine>
            <TextLine id="r2l79" custom="readingOrder {index:78;}">
                <Coords points="710,2950 911,2962 1049,2945 1068,2960 1094,2949 1188,2961 1188,2912 1160,2908 1019,2921 983,2900 942,2915 897,2903 868,2924 823,2905 782,2927 710,2916"/>
                <Baseline points="721,2947 746,2947 771,2947 797,2947 822,2946 847,2946 873,2946 898,2946 924,2946 949,2945 974,2945 1000,2945 1025,2945 1051,2945 1076,2945 1101,2945 1127,2945 1152,2946 1178,2946"/>
                <TextEquiv>
                    <Unicode>ce, La Ronde — tra¬</Unicode>
                </TextEquiv>
            </TextLine>
            <TextLine id="r2l80" custom="readingOrder {index:79;}">
                <Coords points="1961,2995 2215,2985 2317,3008 2334,2993 2460,2988 2460,2951 1961,2952"/>
                <Baseline points="1971,2986 1996,2987 2021,2987 2046,2988 2071,2988 2096,2988 2121,2988 2147,2988 2172,2988 2197,2987 2222,2987 2247,2986 2272,2986 2298,2986 2323,2985 2348,2985 2373,2985 2398,2985 2423,2986 2449,2986"/>
                <TextEquiv>
                    <Unicode>cle gai d’un mouvement</Unicode>
                </TextEquiv>
            </TextLine>
            <TextLine id="r2l81" custom="readingOrder {index:80;}">
                <Coords points="700,2991 724,2986 764,3011 830,2987 965,3010 997,2988 1048,3003 1182,2990 1182,2960 1092,2947 1073,2960 1049,2945 911,2962 700,2954"/>
                <Baseline points="711,2991 736,2992 762,2992 787,2992 813,2992 838,2992 864,2991 889,2991 915,2991 941,2990 966,2989 992,2989 1017,2989 1043,2988 1068,2987 1094,2987 1119,2987 1145,2987 1171,2986"/>
                <TextEquiv>
                    <Unicode>duite avec un relief re¬</Unicode>
                </TextEquiv>
            </TextLine>
            <TextLine id="r2l82" custom="readingOrder {index:81;}">
                <Coords points="1430,3041 1449,3041 1464,3051 1481,3038 1494,3037 1507,3050 1536,3036 1556,3042 1583,3039 1581,2969 1571,2969 1549,2951 1500,2956 1483,2952 1457,2960 1427,2956"/>
                <Baseline points="1439,3024 1465,3020 1492,3018 1518,3018 1545,3019 1572,3018"/>
                <TextEquiv>
                    <Unicode>8/8</Unicode>
                </TextEquiv>
            </TextLine>
            <TextLine id="r2l83" custom="readingOrder {index:82;}">
                <Coords points="1961,3040 2067,3034 2129,3049 2182,3036 2227,3053 2255,3033 2300,3029 2332,3048 2411,3030 2432,3047 2447,3045 2447,2993 2310,3009 2214,2984 2071,3002 2048,2986 2009,3005 1960,2995"/>
                <Baseline points="1971,3035 1996,3033 2022,3032 2048,3031 2074,3030 2100,3030 2126,3030 2152,3030 2178,3030 2204,3031 2229,3031 2255,3031 2281,3031 2307,3031 2333,3031 2359,3030 2385,3029 2411,3028 2437,3026"/>
                <TextEquiv>
                    <Unicode>endiablé. Enfin, paro¬</Unicode>
                </TextEquiv>
            </TextLine>
            <TextLine id="r2l84" custom="readingOrder {index:83;}">
                <Coords points="697,3036 855,3061 885,3037 929,3050 1023,3039 1040,3052 1091,3034 1183,3047 1183,2998 1110,2990 1081,3005 993,2988 968,3011 933,2992 697,3010"/>
                <Baseline points="707,3037 732,3037 758,3036 784,3036 810,3036 836,3036 862,3036 887,3036 913,3036 939,3037 965,3037 991,3037 1017,3037 1042,3037 1068,3036 1094,3036 1120,3035 1146,3033 1172,3032"/>
                <TextEquiv>
                    <Unicode>marquable par Mme Su¬</Unicode>
                </TextEquiv>
            </TextLine>
            <TextLine id="r2l85" custom="readingOrder {index:84;}">
                <Coords points="1959,3075 2078,3089 2098,3074 2134,3091 2168,3078 2302,3090 2388,3078 2409,3091 2430,3072 2449,3078 2449,3027 2336,3047 2291,3032 2100,3053 2006,3034 1959,3056"/>
                <Baseline points="1969,3074 1995,3075 2021,3075 2047,3075 2073,3075 2099,3075 2125,3075 2151,3075 2177,3075 2204,3075 2230,3075 2256,3074 2282,3074 2308,3074 2334,3074 2360,3073 2386,3072 2412,3072 2439,3071"/>
                <TextEquiv>
                    <Unicode>diant avec inhmment</Unicode>
                </TextEquiv>
            </TextLine>
            <TextLine id="r2l86" custom="readingOrder {index:85;}">
                <Coords points="700,3090 1077,3078 1120,3093 1194,3081 1194,3052 1094,3033 1017,3053 895,3037 868,3055 699,3037"/>
                <Baseline points="711,3081 737,3080 763,3080 789,3079 815,3079 842,3079 868,3079 894,3079 920,3079 947,3079 973,3079 999,3079 1025,3078 1051,3078 1078,3078 1104,3077 1130,3076 1156,3076 1183,3074"/>
                <TextEquiv>
                    <Unicode>zanne Clauser, MM.</Unicode>
                </TextEquiv>
            </TextLine>
            <TextLine id="r2l87" custom="readingOrder {index:86;}">
                <Coords points="1364,3103 1430,3120 1466,3105 1498,3118 1556,3108 1594,3127 1660,3108 1686,3127 1797,3100 1797,3068 1752,3074 1716,3048 1658,3048 1622,3067 1601,3050 1584,3063 1539,3046 1486,3067 1430,3037 1364,3049"/>
                <Baseline points="1375,3100 1400,3100 1426,3100 1452,3100 1478,3100 1503,3101 1529,3101 1555,3102 1581,3102 1606,3103 1632,3103 1658,3103 1684,3103 1709,3102 1735,3101 1761,3100 1787,3097"/>
                <TextEquiv>
                    <Unicode>Ludmilla PITOEFF</Unicode>
                </TextEquiv>
            </TextLine>
            <TextLine id="r2l88" custom="readingOrder {index:87;}">
                <Coords points="1972,3115 2068,3136 2091,3120 2136,3135 2174,3118 2260,3121 2339,3140 2439,3124 2438,3073 2411,3088 2281,3078 2229,3090 2168,3075 2134,3090 2095,3071 2078,3089 1971,3081"/>
                <Baseline points="1983,3115 2009,3115 2035,3116 2061,3116 2087,3116 2114,3116 2140,3116 2166,3115 2192,3115 2219,3115 2245,3115 2271,3114 2297,3114 2324,3113 2350,3113 2376,3113 2402,3113 2429,3113"/>
                <TextEquiv>
                    <Unicode>d’esprit sen propre per¬</Unicode>
                </TextEquiv>
            </TextLine>
            <TextLine id="r2l89" custom="readingOrder {index:88;}">
                <Coords points="706,3123 843,3140 902,3115 1020,3139 1087,3120 1126,3135 1169,3119 1190,3129 1189,3080 846,3078 823,3093 760,3081 705,3093"/>
                <Baseline points="716,3122 741,3122 767,3122 793,3121 819,3121 844,3121 870,3120 896,3120 922,3119 948,3118 973,3118 999,3117 1025,3117 1051,3116 1076,3116 1102,3116 1128,3115 1154,3115 1180,3116"/>
                <TextEquiv>
                    <Unicode>Remond et W. Bauer</Unicode>
                </TextEquiv>
            </TextLine>
            <TextLine id="r2l90" custom="readingOrder {index:89;}">
                <Coords points="1567,3175 2450,3156 2449,3128 2347,3116 1566,3117"/>
                <Baseline points="1577,3161 1620,3162 1663,3163 1706,3164 1749,3164 1792,3165 1835,3165 1878,3165 1921,3164 1964,3164 2008,3163 2051,3163 2094,3162 2137,3161 2180,3160 2223,3159 2266,3158 2309,3157 2352,3157 2395,3156 2439,3155"/>
                <TextEquiv>
                    <Unicode>schnage de Pluie, Mme Jane Marnac joue</Unicode>
                </TextEquiv>
            </TextLine>
            <TextLine id="r2l91" custom="readingOrder {index:90;}">
                <Coords points="772,3166 821,3183 919,3168 945,3189 1066,3160 1100,3182 1314,3161 1313,3138 1243,3134 1219,3110 1036,3139 976,3118 772,3132"/>
                <Baseline points="783,3168 809,3168 835,3167 861,3167 887,3167 913,3167 939,3167 965,3167 991,3167 1017,3167 1043,3168 1069,3168 1095,3168 1121,3168 1147,3167 1173,3167 1199,3167 1225,3166 1251,3164 1277,3163 1303,3161"/>
                <TextEquiv>
                    <Unicode> prend enhn sa signihcation.</Unicode>
                </TextEquiv>
            </TextLine>
            <TextLine id="r2l92" custom="readingOrder {index:91;}">
                <Coords points="1568,3228 2280,3224 2342,3202 2425,3225 2437,3159 1567,3172"/>
                <Baseline points="1579,3207 1621,3207 1663,3208 1706,3208 1748,3208 1791,3208 1833,3208 1875,3207 1918,3207 1960,3207 2003,3206 2045,3205 2087,3205 2130,3204 2172,3204 2215,3203 2257,3203 2299,3202 2342,3202 2384,3202 2427,3202"/>
                <TextEquiv>
                    <Unicode>la comédie, chante et danse en fantaisiste con¬</Unicode>
                </TextEquiv>
            </TextLine>
            <TextLine id="r2l93" custom="readingOrder {index:92;}">
                <Coords points="750,3218 1181,3214 1226,3235 1281,3211 1567,3214 1567,3186 1424,3147 1258,3182 1066,3161 946,3187 914,3166 750,3178"/>
                <Baseline points="760,3208 799,3210 839,3211 879,3211 919,3212 959,3212 999,3212 1038,3211 1078,3211 1118,3210 1158,3210 1198,3209 1238,3208 1278,3208 1317,3208 1357,3207 1397,3207 1437,3207 1477,3208 1517,3209 1557,3210"/>
                <TextEquiv>
                    <Unicode>II n'était pas aise de feire vivre ses dix pe¬</Unicode>
                </TextEquiv>
            </TextLine>
            <TextLine id="r2l94" custom="readingOrder {index:93;}">
                <Coords points="1577,3251 2091,3249 2187,3283 2264,3252 2343,3280 2436,3250 2436,3211 2404,3205 2174,3227 1577,3210"/>
                <Baseline points="1587,3248 1628,3250 1670,3251 1712,3252 1754,3252 1796,3253 1838,3253 1880,3253 1922,3253 1964,3252 2006,3252 2047,3252 2089,3251 2131,3251 2173,3250 2215,3249 2257,3249 2299,3249 2341,3249 2383,3249 2425,3249"/>
                <TextEquiv>
                    <Unicode>sommée avec une fougue et une gräce qui lui¬</Unicode>
                </TextEquiv>
            </TextLine>
            <TextLine id="r2l95" custom="readingOrder {index:94;}">
                <Coords points="697,3244 793,3270 928,3244 1096,3275 1565,3264 1544,3211 798,3225 697,3202"/>
                <Baseline points="708,3254 750,3254 792,3253 835,3253 877,3253 919,3253 962,3253 1004,3253 1046,3253 1089,3253 1131,3253 1173,3253 1216,3253 1258,3253 1300,3253 1343,3253 1385,3253 1427,3252 1470,3252 1512,3251 1555,3251"/>
                <TextEquiv>
                    <Unicode>tits contes dialogués qui s’enchainent l’un à</Unicode>
                </TextEquiv>
            </TextLine>
            <TextLine id="r2l96" custom="readingOrder {index:95;}">
                <Coords points="1584,3313 1665,3322 1705,3301 1793,3319 1855,3300 1886,3322 2002,3301 2091,3315 2172,3292 2173,3273 2092,3249 2070,3266 1827,3251 1776,3270 1742,3250 1708,3269 1584,3255"/>
                <Baseline points="1595,3290 1623,3289 1651,3289 1680,3289 1708,3289 1736,3290 1765,3291 1793,3292 1821,3292 1850,3293 1878,3293 1906,3294 1935,3295 1963,3295 1991,3295 2020,3295 2048,3295 2076,3294 2105,3292 2133,3291 2162,3289"/>
                <TextEquiv>
                    <Unicode>valent chaque soir un triomphe.</Unicode>
                </TextEquiv>
            </TextLine>
            <TextLine id="r2l97" custom="readingOrder {index:96;}">
                <Coords points="704,3309 1343,3295 1563,3318 1576,3273 1460,3252 1335,3278 940,3254 887,3274 703,3247"/>
                <Baseline points="714,3298 756,3298 799,3298 841,3299 884,3299 927,3299 969,3299 1012,3299 1054,3299 1097,3299 1140,3299 1182,3299 1225,3298 1267,3298 1310,3297 1353,3297 1395,3297 1438,3296 1480,3295 1523,3295 1566,3294"/>
                <TextEquiv>
                    <Unicode>T’autre par l'un des personnages, tour à tour</Unicode>
                </TextEquiv>
            </TextLine>
            <TextLine id="r2l98" custom="readingOrder {index:97;}">
                <Coords points="1966,3346 1983,3345 1991,3340 2011,3353 2032,3339 2049,3340 2047,3313 2032,3316 2017,3302 2006,3298 1992,3312 1985,3310 1975,3317 1964,3318"/>
                <Baseline points="1976,3340 2007,3336 2038,3336"/>
                <TextEquiv>
                    <Unicode>Mae</Unicode>
                </TextEquiv>
            </TextLine>
            <TextLine id="r2l99" custom="readingOrder {index:98;}">
                <Coords points="702,3351 1542,3356 1580,3317 701,3307"/>
                <Baseline points="713,3345 755,3344 798,3344 841,3344 884,3343 927,3343 969,3343 1012,3343 1055,3342 1098,3342 1141,3342 1183,3342 1226,3341 1269,3341 1312,3341 1355,3340 1397,3340 1440,3339 1483,3339 1526,3338 1569,3337"/>
                <TextEquiv>
                    <Unicode>homme ou femme. Jamais la contribution du</Unicode>
                </TextEquiv>
            </TextLine>
            <TextLine id="r2l100" custom="readingOrder {index:99;}">
                <Coords points="1622,3380 1846,3404 1938,3380 2040,3407 2441,3387 2441,3334 2415,3332 1920,3352 1861,3323 1805,3347 1622,3327"/>
                <Baseline points="1633,3379 1672,3381 1712,3382 1752,3384 1792,3384 1832,3385 1872,3385 1912,3385 1952,3385 1992,3384 2032,3384 2071,3383 2111,3383 2151,3382 2191,3381 2231,3380 2271,3380 2311,3379 2351,3378 2391,3378 2431,3378"/>
                <TextEquiv>
                    <Unicode>M. Jacques Deval a adapté avec son grand</Unicode>
                </TextEquiv>
            </TextLine>
            <TextLine id="r2l101" custom="readingOrder {index:100;}">
                <Coords points="702,3388 1525,3399 1581,3379 1581,3343 702,3351"/>
                <Baseline points="713,3387 755,3386 798,3385 841,3385 884,3385 927,3384 970,3384 1013,3384 1056,3385 1099,3385 1142,3385 1184,3385 1227,3385 1270,3385 1313,3385 1356,3384 1399,3384 1442,3383 1485,3382 1528,3380 1571,3379"/>
                <TextEquiv>
                    <Unicode>metteur en scène n'a semblé plus importante</Unicode>
                </TextEquiv>
            </TextLine>
            <TextLine id="r2l102" custom="readingOrder {index:101;}">
                <Coords points="1571,3437 2448,3419 2448,3393 2397,3381 2045,3405 1571,3381"/>
                <Baseline points="1581,3423 1623,3423 1666,3423 1709,3423 1752,3423 1795,3423 1837,3423 1880,3424 1923,3424 1966,3424 2009,3424 2051,3425 2094,3425 2137,3425 2180,3425 2223,3425 2265,3425 2308,3425 2351,3424 2394,3423 2437,3423"/>
                <TextEquiv>
                    <Unicode>talent un des meilleurs romans policiers de</Unicode>
                </TextEquiv>
            </TextLine>
            <TextLine id="r2l103" custom="readingOrder {index:102;}">
                <Coords points="698,3433 1515,3439 1573,3428 1573,3387 698,3390"/>
                <Baseline points="710,3430 752,3429 795,3429 837,3428 880,3428 922,3428 965,3427 1007,3427 1050,3427 1092,3427 1135,3427 1178,3428 1220,3428 1263,3428 1305,3427 1348,3427 1390,3427 1433,3427 1475,3426 1518,3425 1561,3425"/>
                <TextEquiv>
                    <Unicode>ei M. Pitoëff doit être félicité sans restriction.</Unicode>
                </TextEquiv>
            </TextLine>
            <TextLine id="r2l104" custom="readingOrder {index:103;}">
                <Coords points="1572,3468 2229,3488 2446,3474 2446,3419 1572,3436"/>
                <Baseline points="1583,3469 1625,3469 1668,3469 1710,3469 1753,3470 1796,3470 1838,3470 1881,3471 1923,3471 1966,3471 2009,3471 2051,3471 2094,3471 2136,3471 2179,3471 2222,3470 2264,3469 2307,3469 2349,3467 2392,3466 2435,3464"/>
                <TextEquiv>
                    <Unicode>Mme Agatha Christie. Cette piece extremement</Unicode>
                </TextEquiv>
            </TextLine>
            <TextLine id="r2l105" custom="readingOrder {index:104;}">
                <Coords points="707,3480 1567,3477 1566,3430 1532,3428 707,3440"/>
                <Baseline points="719,3477 760,3476 802,3475 844,3475 886,3474 928,3474 970,3473 1012,3473 1054,3473 1096,3472 1138,3472 1179,3471 1221,3471 1263,3471 1305,3470 1347,3470 1389,3470 1431,3470 1473,3469 1515,3469 1557,3469"/>
                <TextEquiv>
                    <Unicode>Mime Ludmilla Pitoëff qui joue à elle seule le</Unicode>
                </TextEquiv>
            </TextLine>
            <TextLine id="r2l106" custom="readingOrder {index:105;}">
                <Coords points="1570,3510 1804,3532 2448,3509 2448,3475 2395,3471 1570,3467"/>
                <Baseline points="1580,3514 1622,3513 1665,3513 1708,3512 1751,3512 1794,3512 1837,3512 1879,3513 1922,3513 1965,3513 2008,3513 2051,3513 2094,3513 2137,3513 2179,3513 2222,3513 2265,3512 2308,3511 2351,3510 2394,3509 2437,3508"/>
                <TextEquiv>
                    <Unicode>Tamusante a éte miontée avec beaucoup de soin?</Unicode>
                </TextEquiv>
            </TextLine>
            <TextLine id="r2l107" custom="readingOrder {index:106;}">
                <Coords points="695,3538 1565,3512 1565,3482 1530,3473 695,3480"/>
                <Baseline points="705,3522 747,3520 790,3519 832,3518 875,3517 917,3517 960,3516 1002,3516 1045,3516 1087,3516 1130,3516 1172,3516 1215,3516 1257,3516 1300,3516 1342,3516 1385,3515 1427,3515 1470,3515 1512,3514 1555,3513"/>
                <TextEquiv>
                    <Unicode>röle des cing femmes qui animent les dix sce¬</Unicode>
                </TextEquiv>
            </TextLine>
            <TextLine id="r2l108" custom="readingOrder {index:107;}">
                <Coords points="1575,3563 2443,3568 2442,3509 1575,3519"/>
                <Baseline points="1585,3555 1627,3555 1669,3554 1712,3554 1754,3554 1796,3554 1839,3554 1881,3554 1923,3554 1966,3554 2008,3555 2050,3555 2093,3555 2135,3555 2177,3555 2220,3555 2262,3554 2304,3554 2347,3553 2389,3552 2432,3551"/>
                <TextEquiv>
                    <Unicode>au Theätre des Vouvenutés. Le mystère de¬</Unicode>
                </TextEquiv>
            </TextLine>
            <TextLine id="r2l109" custom="readingOrder {index:108;}">
                <Coords points="696,3563 823,3560 860,3589 998,3558 1540,3570 1563,3514 695,3536"/>
                <Baseline points="707,3564 749,3564 791,3563 833,3563 876,3562 918,3562 960,3561 1002,3561 1045,3560 1087,3560 1129,3560 1171,3559 1214,3559 1256,3559 1298,3558 1340,3558 1383,3557 1425,3557 1467,3557 1509,3556 1552,3556"/>
                <TextEquiv>
                    <Unicode>nes, una fille, une s rvante, une femme du</Unicode>
                </TextEquiv>
            </TextLine>
            <TextLine id="r2l110" custom="readingOrder {index:109;}">
                <Coords points="1581,3604 2193,3600 2221,3622 2268,3600 2360,3624 2439,3594 2439,3568 2351,3549 2242,3570 1581,3562"/>
                <Baseline points="1593,3597 1634,3596 1676,3596 1718,3595 1760,3595 1801,3596 1843,3596 1885,3596 1927,3597 1968,3597 2010,3598 2052,3598 2094,3598 2135,3598 2177,3598 2219,3598 2261,3598 2302,3597 2344,3595 2386,3594 2428,3592"/>
                <TextEquiv>
                    <Unicode>meure total jusqu'à la derière scène et linte¬</Unicode>
                </TextEquiv>
            </TextLine>
            <TextLine id="r2l111" custom="readingOrder {index:110;}">
                <Coords points="708,3605 1567,3614 1567,3574 1494,3557 865,3579 708,3559"/>
                <Baseline points="718,3606 762,3606 806,3606 850,3605 894,3605 938,3605 982,3605 1027,3605 1071,3604 1115,3604 1159,3604 1203,3604 1247,3603 1292,3603 1336,3603 1380,3602 1424,3602 1468,3601 1512,3600 1557,3599"/>
                <TextEquiv>
                    <Unicode>monde, une midinette, une actrice, prodigue</Unicode>
                </TextEquiv>
            </TextLine>
            <TextLine id="r2l112" custom="readingOrder {index:111;}">
                <Coords points="1580,3648 2371,3666 2441,3655 2441,3591 2360,3623 2271,3602 2217,3623 2192,3599 1580,3605"/>
                <Baseline points="1590,3643 1632,3642 1674,3642 1716,3642 1758,3641 1800,3641 1842,3641 1884,3641 1926,3641 1968,3642 2010,3642 2052,3642 2094,3642 2136,3643 2178,3643 2220,3643 2262,3644 2304,3644 2346,3644 2388,3644 2430,3645"/>
                <TextEquiv>
                    <Unicode>ret que prend le spectateur à le percer est</Unicode>
                </TextEquiv>
            </TextLine>
            <TextLine id="r2l113" custom="readingOrder {index:112;}">
                <Coords points="707,3651 1529,3658 1567,3615 878,3605 707,3627"/>
                <Baseline points="718,3648 759,3648 801,3648 843,3648 885,3648 927,3647 969,3647 1011,3647 1053,3646 1095,3646 1137,3646 1178,3645 1220,3645 1262,3645 1304,3644 1346,3644 1388,3644 1430,3644 1472,3644 1514,3644 1556,3644"/>
                <TextEquiv>
                    <Unicode>dans ses diverses incarnations les richesses nuan¬</Unicode>
                </TextEquiv>
            </TextLine>
            <TextLine id="r2l114" custom="readingOrder {index:113;}">
                <Coords points="1585,3702 1619,3711 1647,3688 1704,3700 1734,3689 1747,3702 1802,3692 1849,3703 1875,3689 1964,3700 1965,3666 1920,3642 1899,3657 1858,3641 1848,3652 1803,3645 1788,3656 1773,3647 1585,3658"/>
                <Baseline points="1595,3683 1620,3682 1646,3680 1671,3680 1697,3680 1723,3680 1748,3681 1774,3681 1800,3682 1825,3683 1851,3683 1877,3684 1902,3684 1928,3684 1954,3683"/>
                <TextEquiv>
                    <Unicode>sans cesse palpitant.</Unicode>
                </TextEquiv>
            </TextLine>
            <TextLine id="r2l115" custom="readingOrder {index:114;}">
                <Coords points="701,3706 1539,3708 1569,3700 1569,3638 701,3664"/>
                <Baseline points="713,3693 755,3691 797,3690 839,3690 882,3689 924,3689 966,3689 1008,3689 1051,3689 1093,3689 1135,3689 1177,3689 1220,3690 1262,3690 1304,3690 1346,3690 1389,3689 1431,3689 1473,3688 1515,3687 1558,3686"/>
                <TextEquiv>
                    <Unicode>cées de son talent. Son euccès, quselle partage</Unicode>
                </TextEquiv>
            </TextLine>
            <TextLine id="r2l116" custom="readingOrder {index:115;}">
                <Coords points="1617,3723 2159,3751 2432,3721 2431,3687 2186,3700 2066,3653 1964,3701 1617,3706"/>
                <Baseline points="1627,3727 1666,3728 1706,3729 1746,3730 1785,3730 1825,3731 1865,3732 1904,3732 1944,3733 1984,3733 2024,3733 2063,3733 2103,3732 2143,3731 2182,3731 2222,3730 2262,3728 2301,3727 2341,3724 2381,3722 2421,3718"/>
                <TextEquiv>
                    <Unicode>M. Lucien Rozenberg compose une éton¬</Unicode>
                </TextEquiv>
            </TextLine>
            <TextLine id="r2l117" custom="readingOrder {index:116;}">
                <Coords points="703,3737 1533,3742 1575,3731 1575,3691 703,3697"/>
                <Baseline points="714,3736 756,3736 799,3736 841,3736 884,3736 926,3736 969,3736 1011,3736 1054,3735 1096,3735 1139,3735 1182,3735 1224,3734 1267,3734 1309,3734 1352,3734 1394,3734 1437,3733 1479,3733 1522,3733 1565,3733"/>
                <TextEquiv>
                    <Unicode>avec de fort bons partenaires, MM. Lous</Unicode>
                </TextEquiv>
            </TextLine>
            <TextLine id="r2l118" custom="readingOrder {index:117;}">
                <Coords points="1575,3791 2031,3771 2294,3792 2415,3779 2445,3727 2159,3751 1575,3736"/>
                <Baseline points="1586,3778 1628,3778 1670,3778 1713,3777 1755,3777 1798,3777 1840,3776 1882,3776 1925,3775 1967,3775 2010,3775 2052,3775 2094,3774 2137,3774 2179,3773 2222,3773 2264,3773 2306,3773 2349,3773 2391,3773 2434,3773"/>
                <TextEquiv>
                    <Unicode>nante figure de detective italien. Certe nouvelle</Unicode>
                </TextEquiv>
            </TextLine>
            <TextLine id="r2l119" custom="readingOrder {index:118;}">
                <Coords points="693,3779 1022,3808 1137,3785 1350,3810 1489,3777 1563,3794 1563,3737 693,3735"/>
                <Baseline points="703,3781 745,3779 788,3778 830,3778 873,3777 915,3777 958,3777 1000,3777 1043,3777 1085,3777 1128,3777 1170,3777 1213,3778 1255,3778 1298,3778 1340,3778 1383,3778 1425,3777 1468,3777 1510,3775 1553,3774"/>
                <TextEquiv>
                    <Unicode>Salou, Geno-Ferny, Raymond Dagan, a été</Unicode>
                </TextEquiv>
            </TextLine>
            <TextLine id="r2l120" custom="readingOrder {index:119;}">
                <Coords points="1565,3825 2437,3824 2418,3779 1706,3793 1565,3761"/>
                <Baseline points="1575,3820 1617,3820 1660,3820 1702,3820 1745,3821 1788,3821 1830,3821 1873,3821 1915,3821 1958,3822 2001,3822 2043,3822 2086,3822 2128,3822 2171,3821 2214,3821 2256,3820 2299,3820 2341,3819 2384,3818 2427,3816"/>
                <TextEquiv>
                    <Unicode>création est à lhonneur du fameux somedier</Unicode>
                </TextEquiv>
            </TextLine>
            <TextLine id="r2l121" custom="readingOrder {index:120;}">
                <Coords points="707,3844 756,3846 790,3824 810,3837 829,3834 837,3843 857,3834 884,3836 884,3793 869,3793 852,3777 828,3781 820,3790 807,3781 796,3786 788,3781 762,3782 752,3790 724,3786 707,3791"/>
                <Baseline points="717,3823 743,3822 769,3821 795,3821 821,3821 847,3821 873,3821"/>
                <TextEquiv>
                    <Unicode>tres vif.</Unicode>
                </TextEquiv>
            </TextLine>
            <TextLine id="r2l122" custom="readingOrder {index:121;}">
                <Coords points="1580,3868 2149,3879 2267,3856 2348,3878 2435,3873 2435,3826 1580,3832"/>
                <Baseline points="1590,3859 1631,3860 1673,3861 1715,3862 1756,3863 1798,3864 1840,3864 1881,3864 1923,3865 1965,3865 2007,3865 2048,3865 2090,3865 2132,3864 2173,3864 2215,3864 2257,3863 2298,3863 2340,3862 2382,3861 2424,3861"/>
                <TextEquiv>
                    <Unicode>el on n oubliera pas de sitöt son Signor Bracoli</Unicode>
                </TextEquiv>
            </TextLine>
            <TextLine id="r2l123" custom="readingOrder {index:122;}">
                <Coords points="760,3863 1566,3871 1565,3805 1290,3836 1137,3802 759,3836"/>
                <Baseline points="771,3865 810,3865 849,3865 888,3865 928,3865 967,3865 1006,3865 1045,3865 1085,3865 1124,3865 1163,3865 1202,3864 1242,3864 1281,3864 1320,3864 1359,3863 1399,3863 1438,3863 1477,3863 1516,3862 1556,3862"/>
                <TextEquiv>
                    <Unicode>Le matelot, I’étudiant, l'homme marié, Ié-</Unicode>
                </TextEquiv>
            </TextLine>
            <TextLine id="r2l124" custom="readingOrder {index:123;}">
                <Coords points="1573,3917 2433,3916 2433,3873 2269,3858 1573,3870"/>
                <Baseline points="1584,3901 1625,3902 1667,3903 1709,3903 1751,3904 1793,3904 1835,3904 1877,3904 1919,3905 1961,3905 2003,3905 2044,3905 2086,3905 2128,3904 2170,3904 2212,3904 2254,3904 2296,3904 2338,3904 2380,3903 2422,3903"/>
                <TextEquiv>
                    <Unicode>Rien ne manque à son personnage, ni la verve</Unicode>
                </TextEquiv>
            </TextLine>
            <TextLine id="r2l125" custom="readingOrder {index:124;}">
                <Coords points="700,3904 1485,3925 1566,3906 1566,3869 1495,3861 700,3861"/>
                <Baseline points="710,3908 752,3907 794,3907 836,3907 879,3907 921,3906 963,3906 1006,3906 1048,3906 1090,3906 1133,3905 1175,3905 1217,3905 1259,3905 1302,3906 1344,3906 1386,3906 1429,3906 1471,3907 1513,3907 1556,3908"/>
                <TextEquiv>
                    <Unicode>crivain et Tofficier aristocrate menent und ronde</Unicode>
                </TextEquiv>
            </TextLine>
            <TextLine id="r2l126" custom="readingOrder {index:125;}">
                <Coords points="1580,3948 2339,3959 2427,3945 2427,3913 1580,3918"/>
                <Baseline points="1590,3946 1631,3947 1672,3947 1714,3947 1755,3947 1796,3947 1838,3948 1879,3948 1920,3948 1962,3948 2003,3948 2044,3948 2086,3948 2127,3948 2168,3948 2210,3949 2251,3949 2292,3949 2334,3949 2375,3949 2417,3950"/>
                <TextEquiv>
                    <Unicode>ni T’accent, ni l’enjölement lahn. Auprès d.</Unicode>
                </TextEquiv>
            </TextLine>
            <TextLine id="r2l127" custom="readingOrder {index:126;}">
                <Coords points="702,3968 1562,3955 1562,3916 1429,3908 702,3906"/>
                <Baseline points="713,3950 754,3950 796,3951 838,3952 880,3952 922,3952 964,3952 1006,3952 1048,3952 1090,3952 1132,3952 1173,3952 1215,3951 1257,3951 1299,3951 1341,3950 1383,3950 1425,3949 1467,3949 1509,3948 1551,3948"/>
                <TextEquiv>
                    <Unicode>bestiale autour de la semme. Celie-ci a beau ap¬</Unicode>
                </TextEquiv>
            </TextLine>
            <TextLine id="r2l128" custom="readingOrder {index:127;}">
                <Coords points="1576,3998 2230,4008 2427,3987 2405,3953 1872,3946 1744,3968 1576,3944"/>
                <Baseline points="1587,3990 1628,3991 1669,3991 1711,3991 1752,3992 1794,3992 1835,3992 1876,3992 1918,3992 1959,3992 2001,3992 2042,3992 2083,3992 2125,3991 2166,3991 2208,3991 2249,3991 2290,3991 2332,3991 2373,3991 2415,3991"/>
                <TextEquiv>
                    <Unicode>lui, Mile Allce Field est touchante d'emotion e</Unicode>
                </TextEquiv>
            </TextLine>
            <TextLine id="r2l129" custom="readingOrder {index:128;}">
                <Coords points="704,4001 1563,4002 1563,3955 704,3962"/>
                <Baseline points="715,3997 756,3996 798,3996 840,3996 882,3996 924,3996 966,3996 1008,3995 1050,3995 1092,3995 1134,3995 1175,3995 1217,3995 1259,3994 1301,3994 1343,3994 1385,3993 1427,3993 1469,3992 1511,3991 1553,3991"/>
                <TextEquiv>
                    <Unicode>partenir aux milieux les plus varies, du trottolr</Unicode>
                </TextEquiv>
            </TextLine>
            <TextLine id="r2l130" custom="readingOrder {index:129;}">
                <Coords points="1572,4044 2226,4033 2367,4064 2435,4028 2435,3998 1572,3999"/>
                <Baseline points="1583,4035 1625,4036 1667,4037 1709,4037 1751,4038 1793,4037 1835,4037 1877,4037 1919,4036 1961,4035 2003,4035 2045,4034 2087,4034 2129,4033 2171,4033 2213,4033 2255,4033 2297,4034 2339,4035 2381,4036 2424,4038"/>
                <TextEquiv>
                    <Unicode>de beaute, et la troupe homogene des Nou</Unicode>
                </TextEquiv>
            </TextLine>
            <TextLine id="r2l131" custom="readingOrder {index:130;}">
                <Coords points="702,4044 1568,4047 1568,4002 1500,3995 702,4001"/>
                <Baseline points="713,4039 755,4038 797,4037 839,4037 882,4037 924,4036 966,4036 1008,4036 1051,4036 1093,4036 1135,4036 1177,4037 1220,4037 1262,4037 1304,4037 1346,4037 1389,4037 1431,4038 1473,4038 1515,4038 1558,4038"/>
                <TextEquiv>
                    <Unicode>à la loge d’actrice en pessant par le boudoir</Unicode>
                </TextEquiv>
            </TextLine>
            <TextLine id="r2l132" custom="readingOrder {index:131;}">
                <Coords points="697,4090 2339,4080 2194,4038 697,4044"/>
                <Baseline points="708,4080 789,4081 870,4081 951,4082 1032,4082 1113,4082 1194,4082 1275,4082 1356,4082 1437,4081 1518,4081 1599,4080 1680,4080 1761,4079 1842,4079 1923,4078 2004,4078 2085,4078 2166,4078 2247,4079 2328,4080"/>
                <TextEquiv>
                    <Unicode>de la femme du monde, elle ne dispensera avec ]veautés ne merite que des compliments.</Unicode>
                </TextEquiv>
            </TextLine>
            <TextLine id="r2l133" custom="readingOrder {index:132;}">
                <Coords points="1982,4148 2187,4140 2208,4123 2276,4143 2362,4125 2398,4160 2425,4158 2427,4075 2068,4091 1983,4075"/>
                <Baseline points="1992,4117 2018,4120 2044,4121 2071,4122 2097,4123 2124,4122 2150,4122 2177,4121 2203,4120 2229,4120 2256,4120 2282,4120 2309,4121 2335,4123 2362,4125 2388,4128 2415,4134"/>
                <TextEquiv>
                    <Unicode>André DAVID.</Unicode>
                </TextEquiv>
            </TextLine>
            <TextLine id="r2l134" custom="readingOrder {index:133;}">
                <Coords points="704,4146 1258,4129 1461,4152 1580,4122 1580,4088 704,4092"/>
                <Baseline points="714,4125 756,4124 799,4124 842,4123 885,4123 928,4123 970,4123 1013,4124 1056,4124 1099,4124 1142,4124 1184,4125 1227,4125 1270,4125 1313,4125 1356,4125 1398,4124 1441,4124 1484,4123 1527,4123 1570,4121"/>
                <TextEquiv>
                    <Unicode>ses mensonges que la forme la plus décevante</Unicode>
                </TextEquiv>
            </TextLine>
            <TextLine id="r2l135" custom="readingOrder {index:134;}">
                <Coords points="2130,4231 2168,4243 2248,4228 2276,4233 2285,4221 2299,4224 2325,4192 2417,4189 2411,4146 2350,4124 2312,4134 2303,4128 2280,4147 2246,4136 2182,4171 2121,4168"/>
                <Baseline points="2138,4220 2164,4217 2191,4214 2218,4210 2244,4205 2271,4202 2298,4197 2324,4193 2351,4191 2378,4189 2405,4188"/>
                <TextEquiv>
                    <Unicode>—</Unicode>
                </TextEquiv>
            </TextLine>
            <TextLine id="r2l136" custom="readingOrder {index:135;}">
                <Coords points="2356,4231 2383,4234 2390,4230 2403,4232 2411,4230 2419,4238 2430,4239 2435,4192 2416,4192 2410,4187 2403,4191 2381,4193 2360,4190"/>
                <Baseline points="2368,4210 2395,4210 2422,4216"/>
                <TextEquiv>
                    <Unicode></Unicode>
                </TextEquiv>
            </TextLine>
            <TextLine id="r2l137" custom="readingOrder {index:136;}">
                <Coords points="1184,4308 1210,4308 1219,4312 1225,4305 1227,4307 1240,4306 1237,4264 1224,4264 1222,4267 1216,4265 1214,4267 1207,4263 1201,4268 1194,4264 1192,4267 1182,4267"/>
                <Baseline points="1194,4304 1228,4302"/>
                <TextEquiv>
                    <Unicode> </Unicode>
                </TextEquiv>
            </TextLine>
            <TextLine id="r2l138" custom="readingOrder {index:137;}">
                <Coords points="1088,4311 1114,4313 1130,4325 1165,4314 1176,4314 1188,4324 1199,4316 1212,4316 1215,4255 1205,4254 1189,4268 1176,4263 1150,4281 1123,4256 1091,4254"/>
                <Baseline points="1098,4313 1123,4313 1149,4312 1174,4314 1200,4321"/>
                <TextEquiv>
                    <Unicode>W</Unicode>
                </TextEquiv>
            </TextLine>
            <TextEquiv>
                <Unicode>box 19/2
I. österr. behördl. konzessiomer.
Unternehmen für Zeitungs-Ausschmit.
WIEN, I., WOLLZEILE 11
TELEPHON R-23-0-43
Ausschnitt aus:
GRINGOIRE
Extroit de
20, AVENUE RAPE
Adresse
7 CCIUBRE 1932
Date
Signature—
Erposition
66
La Ropde“, Azor“
et Signor Bracoll'
Arthur-Schrltzich fut-il impressionné par le1 de l'amour. Le désir satisfait n'assouvit pas le
Corur.
Théätre-Libre ou bien Tut-il un précurseur?
L’art d’Arthur Schnitzler est d’avoir reussi,
Son ceuvre, La Ronde, écrite en 1882, connut
ine fortune spéciale. Celebre par son interdiction,
gräce à autant d’humour que d’ironie, à ne ja¬
elle souleva“ un veritable scandale en 1918
mais rendre monotone cette succession d’ima¬
st le grand auteur viennois monrut l’an passé
ges desenchantées dont T'amertume et le degsüt
lans revoir sa piece sur T'affiche, pas plus en
ne sont que physiques cer, en somme, il n’est
Allemagne qu'en Autriche. En France, ellequestion là que d’une ronde d’aventures passa¬
walt depuis longtemps
gères, mais jamais de
éjà paru en librairie.
cette passion qui donne
Sonçue au debut de ce
à deux étres humains la
decle dans les regles du
meme äme assoiffée
d’éternité.
aaturalisme, elle (appa¬
####ssait à juste titre
pleine d’audace et de
Les Bouffes-Parisiens
eruauté sensuelle. Le
inaugurent leur saison
temps a passé et, aujour¬
par un éclatant succès.
d’hul, à la scène, on ou¬
Azor est une pétillante
blie im peu qu'elle de¬
opérette pour laquelle
vança les pieces decou¬
M. Gabaroche a écrit
pees en &amp; tranches 9 à
une musique alerte et en¬
la manière de Maya.
#
trainante dont les re¬
par exemple, et quselle
Frains connaissent deja la
servit bien souvent de

faveur populaire, Une
modele aux auteurs con¬
interprétation particulie¬
temporains.
rement brillante, avec
Pelle que nous la pre¬
Koval, Gabaröche, Re¬
sente M. Pitoëff dans
da-Caire, le danseur T’il¬
une mise en scène d'une
lio, Arletty, Eliane de¬
intelligence et d’une in¬
Creus et Marthe Der¬
géniosité sans défaillan¬
miny, rythme ce specta¬
ce, La Ronde — tra¬
cle gai d’un mouvement
duite avec un relief re¬
8/8
endiablé. Enfin, paro¬
marquable par Mme Su¬
diant avec inhmment
zanne Clauser, MM.
Ludmilla PITOEFF
d’esprit sen propre per¬
Remond et W. Bauer
schnage de Pluie, Mme Jane Marnac joue
 prend enhn sa signihcation.
la comédie, chante et danse en fantaisiste con¬
II n'était pas aise de feire vivre ses dix pe¬
sommée avec une fougue et une gräce qui lui¬
tits contes dialogués qui s’enchainent l’un à
valent chaque soir un triomphe.
T’autre par l'un des personnages, tour à tour
Mae
homme ou femme. Jamais la contribution du
M. Jacques Deval a adapté avec son grand
metteur en scène n'a semblé plus importante
talent un des meilleurs romans policiers de
ei M. Pitoëff doit être félicité sans restriction.
Mme Agatha Christie. Cette piece extremement
Mime Ludmilla Pitoëff qui joue à elle seule le
Tamusante a éte miontée avec beaucoup de soin?
röle des cing femmes qui animent les dix sce¬
au Theätre des Vouvenutés. Le mystère de¬
nes, una fille, une s rvante, une femme du
meure total jusqu'à la derière scène et linte¬
monde, une midinette, une actrice, prodigue
ret que prend le spectateur à le percer est
dans ses diverses incarnations les richesses nuan¬
sans cesse palpitant.
cées de son talent. Son euccès, quselle partage
M. Lucien Rozenberg compose une éton¬
avec de fort bons partenaires, MM. Lous
nante figure de detective italien. Certe nouvelle
Salou, Geno-Ferny, Raymond Dagan, a été
création est à lhonneur du fameux somedier
tres vif.
el on n oubliera pas de sitöt son Signor Bracoli
Le matelot, I’étudiant, l'homme marié, Ié-
Rien ne manque à son personnage, ni la verve
crivain et Tofficier aristocrate menent und ronde
ni T’accent, ni l’enjölement lahn. Auprès d.
bestiale autour de la semme. Celie-ci a beau ap¬
lui, Mile Allce Field est touchante d'emotion e
partenir aux milieux les plus varies, du trottolr
de beaute, et la troupe homogene des Nou
à la loge d’actrice en pessant par le boudoir
de la femme du monde, elle ne dispensera avec ]veautés ne merite que des compliments.
André DAVID.
ses mensonges que la forme la plus décevante
—

 
W</Unicode>
            </TextEquiv>
        </TextRegion>
    </Page>
</PcGts>
