3436 4320
314 118 884 247 11. Reigen
1027 144 1450 230 box 19/2
1443 1285 1574 1372 212
1883 1289 2407 1396 LA REVUE DE PARIS
1452 1413 2834 1512 ralisme pas mort!###reste encore de nos jours, le cri de rallie¬
1441 1476 2841 1569 ment de quelques-uns. Les deux ouvrages, au surplus, ne sont
1442 1532 1898 1606 pas sans analogie.
1491 1591 2838 1689 La Ronde nous montre, en dix tableaux, que les manéges
1445 1652 2835 1718 du désir sensuel sont les mèmes dans toutes les classes, et que
1438 1728 2827 1798 seules les différences d’éducation en varient les grimaces et le
1444 1763 2836 1853 vocabulaire: la prostituée raccroche le matelot; le matelot
1445 1829 2830 1897 débauche la petite bonne; la petite bonne se livre au fils de
1440 1878 2829 1971 famille; le fils de famille obtient les faveurs de la femme du
1433 1955 2829 2017 monde; la femme du monde retrouve son mari; le mari
1439 1995 2831 2088 entraine la grisette; la grisette aguiche l’écrivain; l’écrivain
1444 2063 2813 2141 courtise la comédienne; la comédienne séduit le comte; le
1435 2123 2826 2213 comte échoue, un soir d’ivresse, chez ia prostituée; et ainsi
1430 2166 1898 2242 le cercle est fermé.
1473 2230 2822 2333 Le theme de Chambre d'hôfel est moins spécial, en ceci qu'il
1443 2300 2823 2381 vise à faire défiler devant nous, dans un cadre unique: une
1428 2359 2822 2446 chambre banale d’un quelconque hôtel garni, les aspects divers
1433 2406 2821 2493 de l’existence. Divers, mais, bien entendu, seulement dans le
1430 2461 2821 2559 grotesque et le lamentable, qui sont le domaine, la chasse
1429 2541 2807 2605 gardée du naturalisme, Entre les deux spectacles, la ressem¬
1421 2589 2820 2675 blance réside dans une sorte de mouvement cyclique, dans
1419 2649 2808 2732 le retour fatal des mèmes médiocrités. Un certain air de
1423 2717 2805 2792 famille apparait encore dans le pessimisme d’école qui préte
1416 2758 2810 2829 sa couleur à la Ronde et à Chambre d’hôfel. Chose curieuse,
1418 2827 2807 2899 il semble que ce soit le jeune auteur qui, dans la vonduite
1424 2883 2816 2952 des scènes, dans le ton du dialogue, dans l’écriture, demeure
1417 2929 2809 3022 le plus fidele à l’esthétique ancienne, à la formule de la
1426 3004 2796 3075 a tranche de vie v. Mais il se pourrait que notre jeune compa¬
1412 3057 2802 3130 triote eüt des qualités de force que le vieil artiste viennois,
1415 3118 2808 3198 infiniment plus nuancé, ne possédait pas. Le charme de
1413 3178 2805 3256 Schnitzler est ailleurs, dans la résonance de son esprit mème,
1422 3234 2802 3305 dans sa sensibilité avertie, sa finesse narquoise. Et c’est
1423 3284 2803 3378 pourquoi nous disions, en commençant, que'son naturalisme
1418 3333 1939 3416 est surtout extérieur.
1452 3398 2801 3478 L’optique des scénes, dans la Ronde, n’est allement
1414 3452 2803 3546 T’optique e vériste ), la reproduction photo phique du
1412 3519 2806 3603 réel; plutôt une transposition délicate de la alité brute
1413 3576 2811 3641 sur le plan d’une raillerie gracieuse et mélancolique. On a
1404 3629 2815 3729 peine à comprendre aujourd'hui que certains passages de la
