3484 4384
287 261 927 364 11. Reigen
990 253 1443 354 box 19/2
1602 306 2430 426 „OBSERVER
1691 414 2389 476 I. österr. behördl. konzessioniertes
1663 454 2427 533 Unternehmen für Zeitungs-Ausschnitte
1725 520 2348 604 WIEN, I., WOLLZEILE 11
1801 593 2280 646 TELEPHON R-23-0-43
1616 707 1989 791 Ausschnitt aus:
1591 960 2533 1033 Extratf de
1593 1016 2546 1112 Adresse t#.
1649 1081 2117 1165 20, Jveaue Fapp,
2302 1087 2521 1172 Octobre
1593 1145 2567 1217 Date:
1589 1205 2544 1273 Olgse
2046 1233 3284 1317 mmmmm
1553 1318 1662 1388 44I
1603 1380 3238 1487 ba-Konde“, Azer et Sighet Bracen
1590 1479 3283 1556 Arthur Schnitzler Füt-il impressionné par le de l'amour. Le désir satisfait n'assouvit pas le
2411 1531 2556 1596 cceur.
1542 1528 2418 1598 Théätre-Libre ou bien fut-il un prézursfur 2
1551 1574 2415 1623 Son ceuvre, Za Ronde, ecrite en 1882, cohnut
2456 1559 3279 1638 L’art d’Arthur Schnitzler est d’avoir reussi,
1548 1620 2415 1676 une fortune spéciale. Celebre par son inferdiction,
2417 1618 3282 1671 gräce à autant d'humour que d’ironie, à ne ja¬
1548 1664 2411 1718 elle souleva un véritable scandale en 1918
2428 1670 3289 1715 mais rendre monotone cette succession d’ima¬
1546 1706 2415 1770 et le grand auteur viennois mourut l'’an passé
2422 1707 3287 1779 ges désehchantées dont l'amertume et le dégoüt
1554 1748 2416 1810 sans revoir sa piéce sur l'affiche, pas plus en
2428 1761 3284 1811 ne sont aue physiques cer, en somme, il n est
1549 1803 3296 1865 Allemagne qu'en Autriche. En France, elle question lä que d’une ronde d’aventu. es passa¬
1555 1830 2034 1897 avait depuis longtemps
2810 1840 3284 1904 gères, mais jamais de
1554 1876 2024 1942 dejá paru en libraiie.
2816 1885 3290 1946 cette passion qui donne
1549 1918 2037 1983 Conque au debut de ce
2805 1918 3289 1991 à deux étres humains la
1550 1966 2042 2036 siecle dans les regles du
2808 1965 3290 2048 meme äme assoiffée
2796 2011 3025 2073 d’éternité.
1557 2008 2030 2075 naturalisme, elle appa¬
1545 2052 2029 2119 raissait à juste titre
3010 2056 3117 2127 *
1547 2095 2024 2158 pleine d’audace et de
2847 2134 3294 2218 Les Bouffes-Parisiens
1548 2141 2023 2202 cruauté sensuelle. Le
2811 2175 3293 2248 inaugurent leur saison
1547 2184 2022 2248 temps a passé et, aujour¬
2813 2231 3292 2291 par un éclatant succès.
1546 2230 2038 2291 d’hul, à la scène, on ou¬
2800 2266 3290 2337 4zor est une pétillante
1543 2275 2029 2338 blie un peu qu'elle de¬
2816 2312 3291 2379 opérette pour laquelle
1546 2317 2025 2381 vança les pieces décou¬
2805 2358 3282 2418 M. Gabaroche a écrit
1548 2361 2036 2437 pées en & tranches 9 à
2800 2404 3288 2465 une musique alerte et en¬
1545 2398 2033 2472 la manière de Maya,
2800 2447 3296 2505 trainante dont les re¬
1548 2448 2042 2517 par exemple, et quselle
2812 2483 3293 2556 Frains connaissent déjä la
1547 2489 2039 2560 servit bien souvent de
2228 2526 2289 2580 6
2808 2538 3288 2599 faveur populaire. Une
1555 2539 2038 2602 modele aux auteurs con¬
2804 2573 3275 2647 interprétation particulie-
1546 2577 1808 2648 temporains.
2808 2620 3282 2681 rement brillänte, avec
1615 2599 2033 2686 Telle que nous la pré¬
2802 2659 3279 2726 Koval, Gabaroche, Re¬
1548 2667 2033 2731 sente M. Pitoéff dans
2802 2707 3281 2778 da-Caire, le danseur Til¬
1552 2709 2026 2782 une mise en scène d’une
2808 2753 3289 2813 lio, Arletty, Eliane de
1555 2756 2017 2818 intelligence et d’une in¬
2814 2790 3295 2870 Creus et Marthe Der¬
1550 2799 2015 2865 geniosité sans défaillan¬
2801 2836 3286 2899 miny. ryihme ce specta¬
1549 2843 2017 2909 Ice, La Ronde — tra¬
2804 2870 3292 2940 cle gai d’un mouvement
1558 2882 2035 2947 duite avec un relief re¬
2262 2884 2445 2989 B
2810 2928 3289 2987 endiablé. Enfin, paro¬
1548 2927 2059 2998 marquable par Mime Su¬
2809 2963 3282 3032 diant avcc inhmment
1561 2971 2042 3036 zanne Clauser, MM.
2221 2975 2637 3069 Ludmilla PITOEFF
2812 3007 3293 3074 d’esprit son propre per¬
1553 3006 2039 3085 Remond et W. Bauer
2409 3036 3289 3125 schnage de Pluie, Mme Jane Marnac joue
1616 3047 2153 3109 prend enhin sa signification.
2413 3087 3295 3162 la comédie, chante et danse en fantaisiste con¬
1595 3082 2415 3174 II n'était pas aise de faire vivre ses dix pe¬
2423 3145 3292 3218 sommée avec une fougue et une gräce qui lui
1543 3146 2406 3205 tits contes dialogués qui s’enchainent l’un à
2432 3186 3027 3256 valent chaque soir un triomphe.
1548 3188 2406 3242 Tautre par l’un des personnages, tour à tour
2803 3237 2896 3288 3
1555 3234 2420 3292 homme ou femme. Jamais ia contribution du
1551 3275 2411 3328 metteur en scène na semblé plus importante
2449 3265 3294 3332 M. Jacques Deval a adapté avec son grand
2427 3306 3298 3375 talent un des meilleurs romans policiers deg
1551 3325 2405 3370 ei Al. Pitoëff doit étre félicité sans restriction.
2418 3365 3293 3415 Mme Agatha Christie. Cette piece extremement
1549 3363 2412 3424 Mme Ludmilla Pitoeff qui joue à elle seule ie
2421 3412 3297 3478 amusante a été montée avec beaucoup de soin
1543 3411 2413 3469 röle des cing femmes qui animent les dix scé¬
2425 3451 3281 3504 au Theätre des Nouveautés. Le mystere de¬
1557 3454 2412 3518 nes, une fille, une s rvante, une femme du
2423 3488 3294 3557 meure total jusqu'à la dernière scène et l'mte-
1554 3495 2414 3548 monde, une midinette, une actrice, prodigue
2415 3538 3288 3610 rêt que prend le spectateur à le percer est
1555 3537 2409 3599 dans ses diverses incarnations les richesses nuan¬
2429 3577 2796 3641 sans cesse pailpitant.
1553 3583 2415 3644 cees de son talent. Son succes, qu elle partage
2469 3602 3279 3684 M. Lucien Rozenberg compose une éfon¬
1555 3638 2422 3681 avec de fort bons partenaires, MM. Lous
2415 3667 3286 3722 nante figure de detective italien. Cette nouvelle
1544 3664 2411 3733 Salou, Geno-Ferny, Naymond Dagan, a ete
2420 3718 3291 3772 création est à Thonneur du fameux comédien
1544 3714 1738 3776 tres vif.
2412 3760 3283 3807 ei on n’oubliera pas de sitöt son Signor Bracoli.
1596 3751 2415 3816 Le matelot, l’étudiant, I'homme marié, l’e¬
2428 3803 3291 3855 Rien ne manque ässon personnage, ni la verve.
1557 3801 2409 3853 crivain et l’officier aristocrate menent une ronde
2414 3843 3288 3895 ni l’accent, ni l’enjölement latin. Auprès de
1549 3847 2403 3904 bestiale autour de la emme. Celle-ci a beau ap¬
2424 3886 3293 3942 Jui, Mlle Alice Field est touchante d’émotion et
1547 3902 2412 3941 partenir aux milieux les plus varies, du trottoir
2425 3939 3283 3984 de beaute, et la troupe homogene des Nou¬
1555 3932 2407 3993 à la loge d’actrice en passant par le boudoir
2418 3973 3158 4040 veautés ne mérite que des compliments.
1550 3974 2411 4034 de la semme du monde, elle ne dispensera avec
2821 3989 3268 4083 André DAVID.
1552 4022 2409 4094 ses mensonges que la forme la plus decevante
