3436 4384
1443 145 1570 224 n
693 143 976 234 Aiche.
1684 308 2498 456 zier de Paris
1040 685 2560 806 & La Rondes d’Arthur Schnitzler,
1260 827 2381 913 au Theatre de iAvenue.
1300 951 2937 1037 & Ce qui est curieux chez Schmtzler, ce qui donne du relief d son théäire ei particu¬
1196 1021 2952 1097 lierement à La Ronde, c’est le contraste entre un contenu sans valeur et un contenant
1198 1081 1449 1154 précieux. 9
1860 1151 2959 1245 ment de couleurs. La pièce, disons-le, exigeait qu’il
714 1190 1779 1248 La compagnie Pitoéff — réduite à six artistes par
1868 1218 2961 1278 en edt, puisque, par neuf fois, il y fallait cacher
675 1225 1770 1284 la nature méme du spectacle qu'elle nous présente —
1869 1264 2959 1330 aux spectateurs le neeud de la situation. Lart de
686 1271 1781 1336 vient de monter avec beaucoup de goüt et d’ingénio¬
1863 1314 2906 1383 Pitoéff consiste à meubler ces silences suggestifs.
688 1318 1778 1389 sité une pièce d’Arthur Schnitzler traduite de l'alie¬
688 1364 1789 1422 mand par Suzanne Clauser, M. Rémon et W. Bauer.
1879 1357 2966 1425 A Ludmilla Pitoéff revient une part notable du
726 1406 1776 1462 Une pièce? Pas exactement. Ce sont dix dialo¬
1858 1404 2965 1460 succès de la soirée. Elle est successivement la fille,
683 1463 1786 1518 gues distincts. Aucune intrigue proprement dite ne
1860 1454 2963 1502 la femme de chambre, la jeune femme, la midinette
692 1490 1798 1552 les relie entre eux. Quant à l’action intérieure à
1862 1497 2965 1569 et Tactrice. Elle occupe done la scène continument,
1868 1537 2967 1605 ce qui constitue une espéce d’acrobatie artistique
683 1537 1800 1604 chacun de ces dialogues, elle est rudimentaire et
685 1576 1778 1664 partout la méme. Elle comporte trois mouvements :
1862 1586 2965 1642 dont elle se tire à son honneur. Il n’est pas en son
692 1621 1783 1679 un homme s efforce d’obtenir qu'une femme se donne
1871 1629 2965 1704 pouvoir de beaucoup modifier sa voix. Elle compose
681 1689 1784 1724 à lui; tandis qu’il y réussit, le rideau tombe un
1880 1684 2968 1730 du moins ses attitudes et sa mimique avec cette
682 1710 1786 1770 instant ou bien le décor pivote; l’homme et la femme
1871 1717 2968 1787 habileté, cette agilité et ce sentiment de l’ensemble
688 1760 1781 1840 se retrouvent face à face et puis se séparent après
1881 1774 2962 1821 qui lui appartiennent et dont elle n’a jamais fait un
685 1806 1788 1861 une conversation dont ie rythme et le ton viennent
1875 1820 2309 1888 plus adroit usage.
685 1851 1447 1910 de subir un singulier changement.
1899 1838 2959 1923 M. Raymond Dagand a du mérite à étre un soldat
719 1871 1790 1956 Le premier dialogue a lieu la nuit, près dr. Danube,
1867 1906 2966 1967 mal équarri. C’est à M. Louis Salon qu’incombe la
693 1934 1791 2000 entre une fille et un soldat; il est brutal et la fille
1870 1960 2969 2027 täche peu aisée de jouer la scène du n fiasco „ vite
680 1979 1780 2036 n’en tire aucun bénsfice pécuniaire; le second abou¬
1867 1992 2976 2061 réparé. lI s’en acquitte avec goüt et discrétion et
686 2021 1786 2094 tit à la déconvenue d’une femme de chamhre délais¬
1863 2050 2973 2101 ce nest point sa faute, mais bien celle de Tauteur,
695 2073 1792 2131 sée par le soldat aussitôt après qu’elle lui a cédé; le
1865 2082 2971 2146 si, personnifiant ensuite l’homme de lettres, il se
699 2109 1789 2182 troisième marque un bref succès de la femme de
1878 2128 2969 2179 voit obligé de verser un tantinet dans la caricature.
687 2157 1799 2218 cham bre auprès de son jeune maitre; mais ce der¬
1873 2191 2977 2244 M. Geno-Ferny est assez subtilement un mari égoiste,
683 2193 1798 2257 nier s’empresse d’aller au café des qu il a obtenu ce
1866 2218 2976 2288 suffisant, sans-géne et étranger au sentiment de la
697 2241 1803 2321 qu'il voulait. Le quatrième, un des plus curieux et
1865 2261 2969 2334 justice, bref un mari comme les femmes en subis¬
682 2286 1799 2344 des mieux venus, est l’histoire d’un e fiasco n du
1879 2304 2966 2360 saient, parait-i, jadis, tout en prenant quelque
701 2346 1805 2406 Jeune homme qui a bien su avoir un rendez-vous
1877 2337 2985 2416 plaisir à les bafouer. Quant à M. Pitoöff, il apporte
684 2376 1800 2445 de Ja femme du monde, mais qui ne se montre pas
1881 2388 2978 2460 vraiment trop de modestie à ne point permettre qu’on
716 2435 1798 2488 — du moins des l’abord .— capable d’en profiter.
1876 2448 2096 2515 T’entende.
690 2464 1802 2528 Le cinquième met en présence la jeune femme et
691 2502 1805 2568 le mari; sous couvert dune scène d’amour, c’est ici
689 2547 1808 2617 la naissance du désir d’infidélité qui est suggérée
1898 2564 2985 2645 Si cette pièce avait été composée récemment, on ne
694 2607 1802 2659 avec une sobre et délicate ironie. Au sixième, le
1876 2634 2973 2707 manquerait point de remarquer qu’elle se ressent de
692 2646 1794 2710 mari rend, sans le savoir, à la jeune femme la
1875 2688 2974 2751 l’influence du cinéma par le penchant dont elle
689 2677 1793 2743 monnaie de sa piéce en la trompant avec une midi¬
1877 2706 2983 2788 témoigne à schématiser les röles et à éluder tout
703 2727 1789 2793 nette et en organisant une liaison stable. Au sep¬
1881 2774 2972 2832 T’essentiel du métier dramatique qui est de faire pro¬
707 2769 1807 2847 tieme, la midinette fait la connaissance intime de
1873 2804 2977 2878 gressivement converger T’attention sur le fond dun
694 2815 1802 2881 T'homme de lettres et Arthur Schnitzler juge ses
1872 2847 2982 2910 caractère. Mais les héros de Schnitzler n’ont ni fond
702 2860 1810 2921 confrères sans bienveillance. Le huitième est un
1873 2892 2980 2953 ni caractère; ce ne sont que des prétextes. Au de¬
701 2903 1805 2968 véritable concours de cabotinage entre l’actrice et
1869 2936 2982 2992 meurant, La Ronde a été écrite bien avant la fin du
707 2945 1798 3014 I’homme de lettres. Dolteur ne se montre d’ailleurs
1891 2980 2982 3059 siècle dernier, et lorsqu’il n’était point question de
695 2992 1810 3071 pas moins sévère envers les liommes du monde et
1888 3026 2979 3093 cinéma, II serait donc contraire à la chronologie
694 3028 1803 3095 le neuvieme dialogue, entre l’actrice et le comte,
1887 3078 2982 3143 de croire que ces dialogues imitent 6 Mélo 9 ou
704 3076 1799 3156 déballe une belle collection de platitudes préten¬
1912 3126 2350 3192 Chambre dhôtel v.
704 3129 1814 3204 tieuses. Au dixième enfin, le comte se réveille mal
703 3173 1811 3231 dégrisé, ##r la chambre de la fille et, s il témoigne
1917 3140 2976 3225 IIs sont d’inspiration naturaliste, ce qui revient à
711 3211 1797 3282 à sa comvarne encore somnolente un peu de ten¬
1885 3198 2989 3277 uire conventionnels et pessimistes. Les personnages
709 3251 1813 3337 dresse et dhumanité, c’est parce que ses souvenirs
1894 3262 2989 3328 en seraient attristants si lon pouvait les prendte
706 3289 1813 3367 embrumés lui font croire qu’il a passé la nult seul
1888 3304 2992 3364 au sérieux. Mais, précisément, on ne peut pas, car
1886 3347 2984 3420 ils ne se silhouettent que pour se faire les porte¬
702 3353 1173 3437 à cuver son ivresse.
1887 3384 2991 3471 parole d’une philosophie qui vondrait étre amère et
738 3381 1795 3465 L’euvre finit comme elle avait commencé: par
1884 3427 2992 3493 deprimante, mais qui nest que puérilement pri¬
712 3444 1801 3519 une aventure de la fille et sur une réapparition du
1888 3477 2987 3549 maire. Que l'homme se détache de la femme aussi¬
710 3486 1805 3560 premier décor ou elignote au bout du fleuve la lu¬
1900 3521 2991 3586 tôt qu’il a tiré d’elle son plaisir, et parce qu’il l’en
693 3540 1275 3618 mière sale d’un réverbère.
1885 3577 2987 3630 a tiré, cest un & poncif , conventionnel au point
744 3580 1806 3652 La mise en scène et les décors sont de Pitoëff,
1893 3622 2979 3682 que l’on n’y saurait plus préter la moindie atten¬
704 3641 1815 3710 qu’il convient d’en feliciter vivement. Le public a
1901 3644 2985 3722 tion. La femme, d’ailleurs, a bien sa manière à elle
715 3669 1813 3744 souvent applaudi certains de ces décors, trous de
1892 3705 2998 3767 de répondre à l’amour par l’oubli du désir et c’est
706 3720 1805 3790 lumière bordés de nuit. Cétait justice. IIs jouen“
1896 3731 2999 3821 en exagérant tout aussitôt cet instinct de propriété
712 3766 1818 3846 dans le spectacle un role fort important. IIs sont, à
1902 3789 2982 3862 qui transforme la maitresse sinon en mère, du moins
717 3810 1804 3895 T’occasion, des plus amusants et mème spirituels.
1899 3837 2977 3901 en tyran ou, plus vulgairement, en & crampon 9.
708 3854 1818 3938 Car on peut avoir de T’esprit autremient qu’avec des
1900 3872 2992 3945 Oue l’individualité soit peu de chose au regard des
705 3906 1815 3982 mots; et Pitoöff en a par ie choix d’un accessoire,
1892 3919 2989 4006 forces obscures qui nous mènent et nous imposent
711 3940 1806 4044 par la disposition d’un éclairage, par un arrange¬
