3436 4256
312 209 1341 308 44. Nelch eine Melodie
1499 209 1886 309 box 6/8
1084 259 1179 321 Wn
1247 257 1397 326 n a
484 1139 1287 1276 „OBSERVER
573 1259 1242 1335 I. österr. behördl. konzesst#niertes
539 1310 1267 1387 Unternehmen für Zeitungs-Ausschnitte
601 1370 1206 1439 WIEN, I., WOLLZEILE 11
676 1431 1144 1490 TELEPHON R-23-0-43
476 1555 841 1642 Ausschnitt aus:
790 1671 1106 1766 zer Tag, Wien
495 1771 616 1864 vom:
849 1807 1051 1952 30.3
683 2038 1787 2194 Welch eine Melodie
1006 2187 1438 2290 Von Artur Schuitzler,
400 2293 2104 2371 Es hört sich an wie ein Märhen... Ein keuschen Sinn des jungen Mädchens noch gar
358 2342 2095 2415 Knabe saß beim Fenster eines Landhauses und nicht aufgegangen war. Nun trat er zu ihr
363 2394 1236 2449 blickte nur ab und zu in den Wald hinunter,
1245 2397 2102 2453 ins Zimmer. Sie war allein, die Mutter bei
358 2436 1221 2495 der gleich an die Villa grenzte und so ftill da¬
1248 2441 2099 2500 einer Verwandten. Der Geliebte setzte sich nach
354 2478 1228 2537 lag, als regte sich kein Zi#eig in seinem gan¬
1257 2485 2109 2539 einer flüchtigen, beinahe hastigen Begrüßung,
349 2523 1226 2575 zen Bereiche. Es war ein schläfriger Sommer¬
1256 2534 2111 2586 zum Flügel und hob an, auf den Tasten zu
357 2571 1233 2630 nachmittag, und die tiefblaue Luft lag schwer
1256 2577 2102 2625 phantasieren. Sie setzte sich zu ihm still, mit
363 2610 1224 2655 und heiß über der Erde. Der Knabe hatte vor
1260 2611 2106 2672 holder, ruhiger Freundlichkeit im Auge und
365 2652 1224 2697 sich auf dem Fensterbrett ein Notenblatt
1260 2658 2099 2705 lauschte seinem Spiel. Nach einigen Tönen
363 2680 1226 2745 liegen, auf welches er musikalische Zeichen, wie
1250 2702 2106 2759 und Akkorden aber änderte sich der Ausdruck
348 2736 1228 2795 sie ihm eben einfielen, planlos eintrug. Ganz
1260 2740 2093 2798 ihres Gesichtes. Sie hörte gespannter und auf¬
353 2790 1236 2844 mechanisch, während er an alles Mögliche
1258 2790 2095 2832 merksamer zu. Auf ihren blassen Wangen stieg
358 2822 1225 2881 dachte, zeichnete er vielerlei Notenköpfe auf
1256 2828 2095 2884 eine leise Röte auf — ihr Auge, eben nech
349 2861 1234 2917 das Papier und versah sie in einer Art von
1245 2859 2095 2913 klar und ernst, erschien in einem sonderbaren
355 2906 1222 2964 kindischem Eifer mit Taktzeichen, Kreuzen, bis
1252 2912 2108 2957 feuchten Glanz. Eine heftige Bewegung gab
353 2951 1231 3003 eine ganze Zeile ausgefüllt war, worauf er
1255 2955 2103 3004 sich in ihren Mienen kund. Sie sah aus, als
359 2993 1231 3044 seine Spielerei mit befriedigtem Lächeln über¬
1250 2999 2109 3048 ware sie mächtig ergriffen, als hätte sie etwas
366 3040 1224 3088 blickte. Er hatte keine Ahnung, was nun
1262 3034 2095 3110 inendlich tief berührt: „Welch eine Melodie!“
1252 3074 1480 3138 flüsterte sie.
350 3075 1230 3137 eigentlich auf dem Blatte stand. Die Schwüle,
1283 3099 2112 3183 Der junge Künstler improvisierte weiter,
355 3129 1235 3176 welche zum offenen Fenster hereingezogen
1248 3152 2100 3213 immer über jenes Thema, welches ein lächer¬
362 3164 1225 3227 kam, machte ihn müde, er legte den Bleistift
1243 3208 2104 3263 licher Zufall ihm im Walde zugetragen. Seine
347 3208 1221 3264 aus der Hand und schaute nur so vor sich hin,
1249 3249 2110 3318 Finger zauberten eine prächtige Fülle von
361 3255 1222 3301 mit offenen Augen träumend. Es kam ein
1252 3296 2098 3346 Pariationen aus den Tasten hervor, und aus
353 3298 1231 3358 leiser, ganz leiser Wind: der wehte das
1241 3337 2106 3391 allen tönte jene eine wundersame Melodie, die
346 3342 1230 3396 Notenblatt hinaus, und ohne Bedauern sah
1258 3381 2110 3424 mmer herzlicher, immer schöner erklang, je
368 3381 1222 3437 ihm der Knabe nach . .. wie es sich zuerst in
1241 3418 2098 3488 öfter sie gebracht wurde. Welch eine Melodie!
349 3424 1234 3476 den Asten verfing und dann langsam auf den
1257 3459 2107 3512 Nur ein Genius hat solche Gedanken! Ein
351 3470 1224 3518 schmalen Waldweg herunurglitt, an dessen
1247 3507 2099 3558 Genius nur kann durch ein kurzes, einfaches
359 3515 1218 3558 Saume es liegen blieb. Der Junge kümmerte
1247 3548 2097 3595 Motiv so außerordentlich wirken, daß der Zu¬
354 3554 1226 3608 sich nicht weiter darum und ging nach kurzer
1243 3591 2104 3663 hörer wie weltentrückt in der höchsten, unver¬
352 3592 1224 3656 Zeit auf sein Zimmer, setzte sich ans Klavier
1247 3634 1898 3700 gleichlichen Entzückung schwelgt...
357 3640 705 3700 und übte Skalen.
1284 3663 2106 3729 Welch eine Melodie: Und als sie jetzt, zum
396 3686 1228 3746 Ein junger Mensch, dessen Außeres auch
1249 3719 2101 3773 letzten Male angeschlagen, allmählich verhallte,
358 3733 1231 3789 einem flüchtigen Beobachter den angehenden
1253 3761 2103 3828 als der junge Künstler geendet — wie zitterte
359 3781 1227 3825 Künstler oder mindestens den Kunstenthu¬
1258 3804 2110 3869 ie ach, als schlürfe die Luft den Wohllaut ein
361 3819 1228 3881 siasten zu erkennen gab, schritt bald darauf,
1256 3847 1846 3902 und wollte sich daran berauschen.
357 3865 1226 3914 irgend ein Lied vor sich hinträllernd, über
1275 3862 2100 3950 Und das Mädchen, hingerissen, wie in einen
354 3901 1222 3956 jenen Waldweg der Hauptstraße zu, als sein
1250 3928 2111 3981 himmlischen Traum verloren saß unbeweglich
357 3947 1229 3998 Auge auf dem Blatt Papier haften blieb,
1255 3961 2103 4029 da. Nur wenige Sekunden freilich, dann heftete
352 3988 1228 4037 welches der Wind hergeweht hatte und das
1243 4012 2095 4060 sie die großen Augen auf ihn, und ihr Blick
360 4038 1229 4090 nun seine beschriebene Seite dem Jüngling
1248 4057 2096 4118 hing an ihm mit dem Ausdruck einer leiden¬
358 4077 532 4144 zukehrte.
1253 4101 2103 4148 schaftlichen, rückhaltlosen Bewunderung. Er
1249 4143 2095 4186 wollte eben die Lippen zur Rede auftun, als
997 4172 1215 4217 sieh doch!“
350 4172 934 4214 betrachtete es neuaieria: „Ei
1306 4184 2042 4245 HEE
2151 392 3023 480 Er ließ lange auf sich warten, während er, der
2157 459 3016 523 als der glückliche Erfinder jener schönen, musi¬
2152 494 3023 559 kalischen Idee angesehen wurde, in allen Ge¬
2161 537 3016 606 sellschaftskreisen gefeiert, in manchen Kreisen
2161 584 3016 647 in den Himmel erhoben wurde und in den
2154 621 3024 690 Armen der schonsten und elegantesten Damen
2160 674 3020 730 der Stadt sein Annchen bald vergaß... Denn
2150 707 3014 779 die Frauen sind Künstlern gegenüber außer¬
2156 754 3017 831 ordentlich nobel, sie lieben es, sich für die gebo¬
2148 793 2761 857 tenen Genüsse zu revanchieren.
2188 825 3013 911 Sein Klavierstück wurde popular, man
2152 875 3018 946 arrangierte es für Streichorchester, und das
2144 924 3008 986 Motiv machte die Runde durch alle Musiksäle
2148 959 3013 1030 der Welt.. Aber wann wird er wieder etwas
2153 1007 2961 1075 schreiben? Man wartete, wartete vergebens
2150 1057 3022 1120 und begann enttäuscht zu sein. Man kannte
2146 1092 3018 1156 bald nur jenes herrliche Motiv, und es war
2148 1132 3009 1208 daran, daß der Name des Komponisten lang¬
2147 1174 2597 1238 sam ins Vergessen kam.
2181 1200 3015 1284 Da, nach einem Jahr vielleicht, lief die Nach¬
2143 1265 3012 1322 richt in der Stadt herum, der kürzlich erst so
2149 1303 3010 1374 sehr Gefeierte habe sich eine Kugel ins Herz
2138 1356 3008 1411 gejagt. Und es war so — der junge Künstler
2149 1396 3002 1460 war tot! Warum haite er sich erschossen? Unter
2142 1434 3009 1503 allen, mit denen er gelebt, konnte es freilich
2142 1472 3014 1535 keiner wissen. Ob etwas Großes mit ihm
2148 1520 3015 1582 dahingegangen war, wer durfte es entscheiden?
2173 1572 3004 1637 Wahrscheinlich ist nur, daß in einer dunklen
2144 1605 3001 1681 Stunde das Bewußtsein in ihm erwacht war,
2144 1660 3001 1718 er verdanke seine plötzliche Berühmtheit weni¬
2134 1699 3003 1759 ger seiner eigenen Kraft, als dem Wirken
2134 1747 3004 1816 eines sonderbaren Zufalls, dem glücklichen Ge¬
2133 1783 3001 1846 danken irgend eines Träumers, der jenes
2128 1827 3002 1895 Notenblatt im Walde verlor: und was ihn ge¬
2129 1873 3010 1937 tötet, war vielleicht Reue, gekränkte Eitelkeit,
2131 1918 2997 1991 vielleicht selbst Neid auf den, welcher jenes
2128 1955 2479 2027 Thema geschaffen.
2171 1996 2991 2067 Gleichviel, er schied aus der Welt, seines
2136 2043 2995 2132 Bleibens war nicht mehr unter denen, die ihn
2125 2093 2326 2151 verehrten.
2170 2122 2997 2204 Und der, welcher jene Melodie in der Tat,
2122 2186 3000 2248 wenn auch unbewußt, geschaffen? Hört es sich
2128 2227 3006 2293 nicht an wie ein Märchen? Wie eine Historie,
2124 2266 2939 2346 lächerlich, trübselig und erstaunlich zugleich.
2164 2305 3001 2383 Jener Knabe versuchte, das berühmte
2134 2360 2991 2429 Klavierstück zu spielen, er brachte es nicht zu¬
2137 2409 2990 2469 wege und ließ es sich von seinem Lehrer vor¬
2127 2451 2993 2515 tragen. Den Kopf auf die Hand gestützt, saß
2132 2495 3000 2556 er da und lauschte andächtig den wunderbaren
2130 2536 2989 2601 Klängen... und es war ihm wie jedem, der
2130 2578 2997 2638 sich in die Schönheit des Themas versenkte.
2137 2621 2992 2691 Eine neue, ungekannte Welt stieg vor ihm auf,
2133 2667 2988 2725 es überkam ihn wie eine Ahnung von einer
2126 2706 2987 2768 fernen, phantastischen Herrlichkeit, die man
2119 2755 2986 2832 wohl tief empfinden, aber kaum zu fassen ver¬
2118 2790 2260 2856 mag..
2161 2809 2999 2911 Es war Musik der Sphären, die ihn um¬
2117 2875 2647 2953 quoll. „Welch eine Melodie!“
