3436 4448
2068 153 2326 242 —.—
1526 245 1969 358 box 36/7
170 240 1370 346 1. Panphletsoffarints
1395 571 1553 694 — 2 —
671 724 2674 862 der rundlich Flotten Beauvienterscheinung mit dem Mephisto¬
584 808 2810 962 icht erinnern. Doch pletzlich verschwand er von der Bildfläche des
552 932 2843 1034 glichen Korsos. Vo war er ? Ja, das ist eine sonderbare Geschichte.
515 969 2790 1095 er Grandseigneur Thomsen bedachte sich, dass er als Journalist doch
486 994 2902 1144 nicht so leicht ein Bleibender in der Kunst sein kann. Sein grosser Ver¬
485 1054 2789 1185 kehr mit den Spitzen jeder Kunstrichtung Lehrte ihn Menschen kennen
491 1159 2792 1245 Und Thomsen kannte Menschen und Thomsen hatte etwas zu sagen, denn er
499 1160 2800 1308 wusste viel. Und damit das, was er sagen wollte, nicht einst den Jeg
490 1225 2854 1374 zur Papfermühle wandern muss, ging er zu seibem vohlsituierten Bruder,
504 1288 2770 1415 der als Arzt in holländisch-indischen Diensten stand, und lieh sich
499 1325 2842 1460 von ihm eine gressere Summe, die ihn über die nächsten drei Jahre des
508 1400 2792 1517 Broterverbes entheben sollte. Sein Bruder gab ihm die Summe. Einige
507 1442 2839 1589 Tage später sah man am Stammtisch in Dagmar Café Thomsen und den po¬
498 1543 2831 1660 pulären Kopenhagener Schauspieler Torben Mayer (derzeit Hollywoyd) zu¬
509 1569 2306 1709 sammen. Es entspann sich ungefähr folgendes Gespräch:
877 1636 2913 1807 Thomsen Die Inskription der Universität beginnt im nächsten
1164 1762 1431 1858 Monat!
867 1824 2055 1962 Mayerl Him. Nas geht das dich an?
875 1923 2554 2065 Thomsen: Ich belege die philosophische Fakultät!
881 2029 2605 2194 Maver: Du hast erst den dritten Whisky Thomsen.
879 2136 2711 2300 Thonsen: Je und in drei Jahen mache ich die Magister¬
1219 2261 1540 2360 Prüfung
885 2316 2798 2468 Maver: Das ist fabelhaft, grossartigl Aber wonn
1222 2386 2771 2491 es schief ssht.. mein Ehrenvort ganz
1222 2476 1850 2574 Kopenhagen Lacht.
903 2554 1757 2698 Thomsenz Das weiss ichi
544 2625 2848 2798 Und Thomsen wusste das. Mit zusamengebissenen Zähnen setzte er sich
546 2683 2943 2872 als weiundvierziger unter die Schar der Achtzehn- und Neunzehn jährigen
556 2842 1026 2929 und büffelte.
807 2851 2864 3010 Nach 3 Jahren stieg er ins Examen. Seine Dissertationsarbeit
561 2895 2912 3090 war gebreu seiner Liebe zu Theater und Litteratur eine Abhandlung über
557 3001 2960 3124 Oeker Vildes. Die Arbeit war so gut, dass der Verlag des dänischen Lexi¬
561 3088 2891 3177 kons ihn als Experten verpflichtste, über Vildes zu schreiben. Kopen¬
565 3139 2907 3245 hagen lachte nicht. Im Gegentei1, man staunte über die Energies - und
558 3149 2905 3302 freute sich über den Erfolg - auch war man ein venig stolz. In einem
564 3204 2919 3356 launigen Artikel des damaligen Chefredakteure Henrik Cavling der Poli¬
1402 3275 2793 3381 gestern schlug unser kleiner Niels den
574 3333 1384 3399 tiken hiess es u.a
573 3331 2684 3483 Purzelbaum und aus Schreck darüber viel Briend (14.Januar 1922)
824 3399 2910 3574 Aber mit diesen Ehren allein wer Thomsen nicht zufrieden. Für
587 3484 2905 3631 eine vorzügliche Uebersetzung von Anatol France wurde er zum Officier
585 3540 2946 3688 der goldnen Palme ernannt. Litterarisch bekannt ist die Vereffentlichw
586 3593 2902 3742 des Briefwechsels Harald Kiddes mit Niels Th. Thomsen: Im Sepesatdruck
588 3666 2837 3792 von Gads-Nagasin erschienen. Heute lebt Thomsen in erster Linie als
581 3705 2892 3855 Uebersetzer ausländischer Litteratur. Populär sind die Komedien-Uebe
583 3769 2828 3898 setzungen Oskar Vildes, Bernhard Shawes etc. Von Frankreich Fernant
587 3802 2871 3958 Norzière, Jacques Deval. Er ist Berater fast, aller Theater und des
589 3912 1697 4053 bekannten Verlegers Hasselbalck.
