3436 4448
1509 250 1968 350 box 36/7
159 247 1370 362 1. PanphletsOfferints
702 944 2763 1035 Seine Liebe für Österreich und vor allem zu Schnitzler liess
515 1025 2684 1106 ihn zu der Ideé kommen, für Österreich eine Bresche zu schlagen.
515 1046 2819 1176 Seine Energie und seine Kenntnis zu Land und Volk, dass seiner Hei¬
513 1127 2779 1214 mat und dass, für das er Sympatie zeigt, macht ihn zu dem rächtigen
517 1174 2755 1265 und einzigen Interpreten. Sein letzter Vortrag über das Verhältnis
504 1273 2785 1330 Dänemarks zu Österreich dramatischer Kunst, den er in der Staatsra¬
515 1271 2824 1375 diofonie gehalten hat, gibt ein klares Bild davon, dass Thomsen auch
511 1332 2838 1432 der Mann ist, ein ehrliches Vort zu sprechen. Das Wichtigste aus dem
521 1399 2531 1504 Vortrag teile ich dem Leser aus dem Original übersetzt mit.
677 1536 2867 1675 MODERNEDSTERREICHISCHELITTERATUR.
1914 1611 2889 1707 —
796 1644 1613 1725 —
758 1684 2845 1821 Venn man eine kurzgefasste orientierende Ueberseicht über mo¬
517 1772 2863 1875 derne österreichische Litteratur geben vil1, begegnet man gleich eine
537 1846 2844 1931 doppelte Schwierigkeit, abgesehen von den Grenzen, in denen sich, vie
536 1911 1877 2025 bekannt, der wahre Meister zeigen so11.
790 1961 2741 2101 Als Erstes: Vas wi11 man unter sterreichisch verstehen?
533 2054 2750 2165 Man sollte glauben, dass man unter österreichisch dasselbe meint,
532 2107 2823 2196 was man unter dänisch versteht. Aber das ist nicht der Fall. am deut¬
532 2176 2783 2273 lichsten zeigt sich das beim modernen Universal-Handbuch des Sala¬
538 2218 2823 2321 monsens Konversationslexikons. Schlägt man dort, in der zweiten Auf¬
543 2275 2838 2379 lage die gerade den Buchstaben 6 erreicht hat, nach österreichischer
534 2334 2745 2449 Litteratur nach, fändet man den Vermerk“ siehe unter Deutschland.
774 2438 2849 2531 Innerhalb deutscher Litteratur sondert man in der Regel nicht
540 2497 2686 2593 scharf zwischen deutschen und osterreichischen Schriftstellern.
539 2536 2818 2653 Die Sprachgemeinschaft macht es natürlich, dass deutsch-schreibende
549 2614 2806 2717 Dichter in die Litteratur-Historisch gewehnliche Gruppierung gesam¬
540 2663 2766 2770 melt, sis dass sie getrennt nach Heimat im engeren Sinne geordnet
548 2766 826 2848 werden
780 2812 2924 2927 Franz Grillbarzer z.B., der Goethe vergstterte und die goldene
552 2892 2839 2997 Zeit studierte und Liebte, findet man in jeder deutschen Litteratur¬
558 2935 2835 3053 geschichte. Aber eben ist er ausgeprägt esterreichisch, an Wien und
559 3023 1723 3121 das berühmte Burgtheater gebunden.
779 3075 2741 3209 Ein ganz moderner Schriftsteller vie Franzlerfel, der im
559 3207 2752 3269 Jahre 1890 geboren ist, wurde unlängst in einem unserer Tageszei¬
561 3214 2774 3314 tungen, die eine Besprechung über sein Verk,: der Abituriententagt
567 3291 2846 3385 brachte, als deutsch bezeichnet. Jeder Wiener spricht ihn als öster¬
557 3348 2927 3433 roicher an. Und Beides ist richtig. Dagegen wird es keinem einfellen,
566 3400 2764 3479 den gslanten Kompdien Schriftsteller Franz Molnäx als deutsch zu
562 3409 2901 3551 bezefchnen, doch wird er oft ein Österreicher genannt, obvohl er Ungar
556 3489 2811 3607 ist. Hier ist die erste Schwierigkeit: Die Definition. Demnach ist
558 3555 2730 3643 ein esterreichischer Schriftsteller der, der ausser, dass er der
566 3591 2961 3719 grossen deutschen Litteratur angehert, etwas speciell esterreichisches,
567 3706 1181 3791 vienerisches hat.
820 3752 2766 3880 Die andere Schwierigkeit liegt in der Angabe des Nahmens,
567 3814 2835 3932 den man für das Vort modern innerhalb zsterreichischer Litte¬
571 3920 1323 4010 ratur errichten vil1.
