3436 4448
1522 258 1996 375 box 36/7
168 276 1389 376 1. PanphletOffnrints
2189 579 2565 707 #
1645 517 1810 711 4
722 669 2374 878 den Gracr Des Wine T. Grtetszg:
2390 732 2529 858 W.
904 1197 2311 1275 Ein Pionier esterreichischer Litteratur.
2089 1274 2281 1339 — — —
1039 1277 1943 1353 ——
811 1492 2969 1568 Man sagt: Der erste Eindruck ist bleibend ! - Aber nicht imner.
620 1539 2963 1602 Im grossen Durchschnitt mag es Menschen gelingen, die im effentlichen
623 1610 2875 1684 Leben stehen oder viel gereist sind, Mitmenschen rasch und richtig
636 1676 2817 1718 abzuschätzen. Doch nur im Durchschnitt. Man stesst zeitweilig an
618 1683 3081 1789 Persenlichkeiten, wo sich alles in Einem dagegen wehrt sie einzuschätzen,
627 1767 2950 1849 oder sie nach dem ersten Eindruck in Schichten zu ordnen. Solch eine
626 1843 2909 1904 Persnlichkeit ist Magister der Philosophie Niels Th.THChSEN, Er ist
627 1900 2851 1949 ein Mann, der sein Leben zu leben verstanden hat. Ein sangufnäsch
621 1933 2888 2002 über legen Lächelnder und ein Mephistophilig in der Maske des guten
615 1984 2892 2061 Bürgers. Diese Worte scheinen Begriffen zu sein, die aber in ihrem
628 2028 3008 2132 widersprechenden ausdruck doch ein vollkommenes Bild des Mannes geben.
823 2114 2916 2228 Als ich den Magister zum ersten Mal sprach, im Dagmar Café am
629 2226 2966 2281 Rathausplatz von Kopenhagen, unterhielten wir uns über Vien, Salzburg,
624 2230 3062 2342 Gastein, nicht zu vergessen den Semmering, und all den reizenden Platzen
630 2323 2879 2385 und Städten österreichs, die er bereist hatte und von denen er mit
635 2357 2966 2451 ungeheuchelter Liebe sprach. Es ist mir als Österreicher im Auslande
624 2427 2897 2498 nicht siten begegnet, dass man von meiner Heimat in Vorten der Be¬
633 2456 2940 2567 geisterung spricht, doch selten begegnete ich einen Fremden, der von
632 2552 2935 2622 der Mentalität eines Österreichers soviel Kenntnis hat, wie Thomsen.
637 2592 2892 2677 Niels Th.THlolsns ist kein Globetrotter, der brav in der Trense von
632 2658 2957 2727 Cooks Reisebureau läuft und sich mit Bädicker-Futter zufrieden zibt.
644 2716 2982 2774 Thamsen wandert, nenn er reist. Beine Liebe zu österreich wurde durch
629 2744 3098 2827 Schnitzler geweckt. als er von seinen Reisen durch Österreich heimkehrte,
643 2812 2920 2900 wusste er, was Vien - und vas ein österreicher ist. Seine lebhaften
636 2868 2943 2931 Schilderungen kleiner selbst erlebter Idyllen erinnern an die Lokal¬
635 2917 3015 3004 Erzählungen Eduard Prizels. Selten wir ein ausländer Sigenartiges und
644 2972 3006 3058 Fremdes eines Volkes verstehen, seltener aber richtig verstehen. Frei¬
637 3028 3038 3121 lich, kennt man Thomsens Leben, ist man nicht mehr überrascht über sein
639 3085 2898 3181 Verstehen. Seine Lebensphilosophie und seine Menschenkenntnis sind
637 3146 2194 3253 die Brillen, durch die er Fremdes betrachtet.-
862 3230 2956 3339 Als Student der Medicin begann er den beg des Lebens, den ein
633 3309 3017 3401 Mann auf dem Planeten Erde machen muss. Varum Medicin? mit etwas muss
645 3360 2839 3442 doch der Anfang gemacht werden, also warum nicht Medicin?. Lange
632 3433 3104 3509 hielt es ihn nicht im Karbolgeruch der Laboratorien. Er wurde Journalist.
643 3495 2846 3562 Zuerst bed einem ochenblatt, wo er die Aufgabe hatte, jede Yoche
640 3537 2831 3602 eine Gresse des In- oder Auslandes zu intervieven. Specialgebiet
629 3564 3049 3665 Theater und Litteratur. Es gibt in Dänemark schverlich eine Persgnlich¬
637 3654 2904 3732 keit, die nicht mindestens einmal im Kreuzfeuer von Thomsens Feder
646 3684 2922 3786 stand. Aber nicht alleine Dänemark, auch Frankreich und England be¬
643 3746 2990 3835 sucht er häufig, um neues Vild für seine nimmersatte Feder zu finden.
637 3809 3047 3917 Bald gurde Thomsen stadtbekannt und es gibt viele Kopenhagener, die sich
3125 4126 3221 4196 1
