3436 4448
2108 175 2327 258 —
1509 245 1978 357 box 36/7
167 253 1370 359 1. PanphletsOfforints
988 922 2527 988 jedem unwahren, weil unbegründeten, deutschen Optimismus, an jener
978 996 2535 1065 germanischen Unbekümmertheit, die Kraft scheinen will, und Haltlosigkeit
976 1049 2517 1108 ist. Daran mußte er vor unsern Augen eindringlich und ursächlich zu¬
991 1125 2526 1184 grunde gehen, und zwar eng in den Konflikt verbissen, notwendigerweise.
982 1172 2521 1225 Der Einbruch auf dem Eis ist willkürlich und beweist nichts, als daß dem
977 1245 2518 1303 Verfasser ein Versehen widerfuhr: eben eine Figur fiel ihm ins Wasser. Da¬
973 1294 2534 1369 gegen muß er noch einen besondern Dank haben für die liebe kleine Gestalt des
979 1353 2534 1419 Mariechen Saitz, die ihm so rund aus der Hand rollte; sie wird ihn über
995 1413 2544 1484 seine Berufung trösten, wenn die frucht= und furchtbaren Zweifel ihm auf
985 1480 1635 1552 den Hals kommen. Glück zu.
1274 1650 1478 1803 10)
1457 1759 2053 1864 Stiefschwester Wien
1085 1787 1218 1900 0
1465 1845 2058 1941 von Norbert Jacques
1057 1970 2516 2050 Aun liegt uns tagein tagaus streng, keusch und tief wieder die nord¬
984 2031 2529 2126 (deutsche Ebene in den Augen. Das ungestüme Zielbewußtsein einer
1097 2096 2518 2164 “ wachsenden deutschen Stadt richtet sich mit kaltem Willen rund herum
981 2173 2535 2232 uns auf. Und vom Kontrast gelockt, steigt der vergangene Sommer in
979 2212 2522 2269 Wien mit doppelter Kraft in die Phantasie. Wir wohnten ja nicht in der
994 2277 2533 2347 Stadt selber, sondern draußen im Süden, wo der Wiener Wald kräftig
981 2349 2522 2407 gegen die ungarische Tiefebene absetzt: Eine kleine Zugstunde vom Süd¬
987 2399 2519 2472 bahnhof und in einem verzweigten Tal, in dem sich immer die üppige Leib¬
984 2461 2531 2519 lichkeit der grünen Berge um uns erhob. Wo lag da Wien? Nur die letzten
991 2538 2522 2598 Wellen der Stadt setzten bei uns ab, die Wellen, die bloß mehr das Wesent¬
986 2583 2535 2636 liche des Lebens der Stadt kühl herantrugen. Aber selbst bei diesem Verkehr
989 2643 1650 2722 verstanden wir uns nicht recht.
1049 2706 2523 2773 Doch einmal wurde das herrliche Wien der Nacht entdeckt. Wir kamen
986 2765 2533 2823 auf einem Abendgange aus einem Dorf heraus auf die freie Höhe und
997 2848 2515 2895 plötzlich hielt die Nacht uns Wien entgegen als ein Lichterfest von ver¬
987 2889 2534 2948 schlungenen Rosetten, von steifen und reichen langhinlaufenden Perlenketten,
989 2949 2526 3016 von hochgehobenen feurigen Blumensträußen, matt glühenden Gewölben von
989 3038 2532 3084 rotem Dunst in schwarzem Samt. So war die ganze heimliche Struktur
985 3072 2528 3142 des Stadtskelettes mit glühenden Bällen nachgezeichnet, ein geheimer Zauber,
988 3134 2533 3207 der eine neue Erkenntnis Wiens zu bringen schien. Im Meer der finstern
992 3191 2533 3253 Ebene schwommen mit blassem Funkeln kleine Städtchen fernher wie erhellte
985 3275 2540 3323 Schiffe. Sie strebten alle Wien zu. Die ganze weite dunkele Ebene war wie
983 3312 2530 3376 von einer Lichtersehnsucht nach Wien erfaßt, und die Stadt lag dorten breit und
990 3397 2547 3454 nachtromantisch wie ein beseligter Hafen von tausend nächtlichen Festlichkeiten.
1154 3474 1310 3570 728
