3436 4448
1494 251 1950 351 box 36/7
159 243 1348 368 1. Panphlets Offorints
991 980 2532 1050 Wagners, wie sie im Postsparkassengebäudekraftvoll erstand, hat diese Geschmack¬
999 1064 2542 1125 vollen wild gemacht. Und Loos hat mit seinem Gebäude am Kohlmarkt
989 1129 2533 1184 gar so viel humorvolles Temperament bei der Gemeindeverwaltung gefunden,
998 1188 2286 1264 daß sie beschloß, sein Haus mit Staatsgewalt zu „schmücken“.
1049 1236 2530 1307 Wenn wir die kunstgeschichtlichen Demonstrationen der berühmten Ring¬
1001 1303 2532 1380 straße überschritten haben, so dringen wir bald in die verwirrten Viertel der
992 1366 2533 1425 Proletarier ein, wo das niedrige, alte österreichische Landhaus, das mit seiner
986 1436 2529 1499 Verschlossenheit gegen die Straße aus dem Orient gekommen sein mag, noch
993 1507 2526 1567 manchmal kleinmütig zu den Zinsburgen des zwanzigsten Jahrhunderts
996 1560 2541 1624 aufblickt. Die hier wohnen, fahren nicht mit dem berühmten Fiaker, von
1002 1611 2542 1676 dem man nie erfahren kann, was man schuldig ist, sondern der Hunger beißt
997 1686 2530 1753 sie, wie das auch andern Orts der Brauch ist. Dann schwindet die Wiener
1006 1729 2539 1786 Gemütlichkeit. Als nun die Leute, die nicht nötig haben, einen Fiaker nach
994 1802 2538 1864 seiner Taxe zu fragen, die Lebensmittelpreise so in die Höhe trieben, daß in
1005 1871 2535 1929 den Küchen dieser Leute Fleisch so selten wurde, wie die Kultur des Geschmacks
1004 1917 2541 1981 in Wien, da lehnten sich die Getroffenen auf. Sie zogen in mächtigen Massen
995 1989 2528 2047 protestierend durch die Straßen, und einige bewarfen sogar ihre geliebten
998 2038 2537 2102 Deutschmeister mit Steinen. Sie wurden alsbald schwer bestraft. Aber
1009 2112 2524 2176 unter ihnen war ein Mann, der hatte wohl den Anlauf zur Empörung ge¬
1004 2168 2533 2232 funden, aber da der Affekt ausging, brach er zusammen und nahm sich vor
1009 2221 2529 2298 seiner Verurteilung das Leben, weil er Angst vor der Strafe des Richters
995 2280 2535 2354 hatte. So ist in Wien immer ein Regatives hinter einem Positiven auf der
994 2338 2540 2401 Lauer. Jeder Aufschwung kehrt sich unversehens in einen Rückschlag. Die
1011 2407 2364 2476 schöne Stiefschwester mit dem unverläßlichen Blut des Fremden!
1052 2454 2530 2523 Aber wie gesagt: wir wohnten draußen in dem schönen Wiener Wald, der
994 2537 2532 2593 wie ein Tanz, sinnlich und heiter, um einen geht. Wien kam nur wie ein
1002 2582 2529 2650 Ausklang bis zu uns heran. Die paar direkten Berührungen waren nicht
996 2648 2541 2726 erhebend, aber auch nicht heftig. Es lebte, wie es lebte, mit objektiver Optik
1008 2717 2526 2780 beschaut: deutsch und orientalisch, humorvoll und brutal, echt und bastard¬
1002 2769 2535 2828 blütig. Doch da fuhren wir einmal abends hinein und gingen ins Burg¬
994 2847 2538 2906 theater, den Medardus von Schnitzler zu schauen. Und das wurde auf einmal
1001 2892 2528 2956 der zusammenschmelzende Kristall dieser zerflatterten Wiener Eindrücke. Da
1000 2950 2540 3000 lebte die Farbigkeit seiner Volksseele auf und tummelte sich in einer Flut von
1009 3020 2542 3091 Geschehnissen, die eine erregte Zeit brachte. Hier stand das Positive, das
1009 3085 2542 3146 schwanger an seiner eigenen Verneinung war. Es war blumicht dichterisch
1008 3134 2542 3196 und seherisch ernst. Hier sahen wir durch schöne Bühnenbilder das Blut
1000 3193 2531 3265 dieses Volkes fließen. Liebenswürdig traurig und versagend in seiner Masse,
998 3265 2533 3324 erhob es sich in melancholischem und verhängnisvollem Glanz in einem
1003 3319 2549 3373 einzelnen Schicksal bis zum lyrischen Aufbegehren heimlicher Seelenkraft,
1011 3380 2536 3447 die an der Wirklichkeit absprang. Sie schlug den Dolch in das süße neben¬
1008 3440 2557 3528 sächliche Gift, das ein Weiberherz enthielt, während für den Tyrannen, dem
1179 3547 1310 3633 730
2883 4106 3222 4168 W
