3436 4480
194 145 374 232 21.
2391 149 2803 237 box 26/1
369 178 2232 254 Kontesse Mizzioder der Tani ientag
1092 997 1474 1093 Telephon 12.801.
1125 1107 1290 1186 Di.
593 1135 1226 1232 „ODSLIVEN
376 1205 1485 1303 1 österr. behördl. konz. Unternehmen für Zeitungs-Ausschaltte
497 1262 1340 1364 Wien, I., Concordiaplatz 4.
693 1345 1152 1427 Vertretungen
369 1396 1448 1482 in Berlin, Budapest, Chicago, Christiania, Genf, Kopen¬
360 1444 1461 1518 hagen, London, Madrid, Mailand, Minneapolis, New-Vork,
402 1485 1427 1570 Paris, Rom, San Francisco, Stockholm, St. Petersburg.
704 1533 1140 1593 (Quelienangabe ohne Gewähr).
2590 1522 2919 1607 Mae und Dra
2801 1577 2930 1644 Pott
351 1569 734 1652 Ausschnitt aus:
1978 1578 2788 1668 R#nischen Kunst eine würdige Stätte bereitet
2795 1627 2913 1676 Spif
1891 1623 2137 1691 verden soll.
727 1621 1037 1716 6-Gl 1909
2795 1658 2922 1723 Pari
1937 1663 2781 1729 + „Komtesse Mizzi“ oder „Der Familien¬
351 1678 507 1736 vom:
2788 1685 2931 1754 Spor
1895 1705 2787 1771 tag“, ein Einakter von Artur Schnitzler, wurde
2799 1739 2917 1789 darf
1898 1764 2793 1819 im Deutschen Volkstheater in Wien gestern
2797 1755 2936 1828 flotte
1901 1804 2789 1845 (Dienstag) aufgeführt. Das keck erfundene
726 1780 1402 1901 Lramnburger Nachrichten
2810 1806 2946 1867 stimn
1886 1845 2788 1893 Stückchen schildert das Zusammentreffen aller
2800 1856 2943 1914 Volks,
1902 1879 2789 1921 illegitimen Mitglieder einer gräflichen Familie,
913 1866 1239 1959 Hamburg
1896 1918 2786 1964 vom einstigen Geliebten der Tochter und ihrem
2793 1928 2943 1988 besten
425 1915 1612 2029 = [Kleine Theater= und Musik=Chronik.] Im Deutschen
1904 1952 2789 1999 gemeinsamen nun erwachsenen Sohn bis zur
335 1950 1582 2059 ! Volkstheater in Wien fand, wie uns unser dortiger h.=Mit¬
2852 1980 2933 2043 *
1893 1995 2790 2035 Geliebten des Grafen. Der Zynismus der Hand¬
348 2016 1592 2094 arbeiter meldet, die einaktige schwächliche Komödie von Arthur
1902 2034 2792 2080 lung, die meisterhaft in den engen Rahmen ge¬
2804 2020 2952 2088 Progr
355 2056 1585 2131 Schuj##ler: Comtesse Mizzi oder der Familientag
2815 2071 2940 2122 eine F
1902 2070 2796 2125 fügt ist, wird durch eine zarte psychologische
339 2074 1581 2156 auf ferten des dem Autor befreundeten Teiles des Publikums Bei¬
1900 2113 2785 2159 Grundierung des Ganzen gemildert. Die Dar¬
2799 2111 2943 2169 Tänze
2806 2151 2904 2199 der
342 2124 1579 2213 fall. Als Entschädigung ging eine Wiederaufführung von Schnitz¬
1899 2149 2786 2207 stellung war vorzüglich; Schnitzler wurde öfters
351 2170 1579 2248 lers Liebelei in trefflichster Darstellung voran. — Aus Paris wird
2805 2181 2953 2238 minde
1895 2186 2083 2250 gerufen.
349 2209 1588 2272 berichtet: Für nächsten Sonnabend hat die Opéra=Comique
2795 2226 2950 2278 prunk.
2030 2212 2791 2286 „Kameraden“, das von dem Glaser¬
1960 2229 2033 2283 *
342 2244 1612 2325 eine Matinee zugunsten der Opfer de Erdbeben und
2801 2260 2949 2314 weibl
1805 2250 1896 2329 ind
1902 2275 2787 2328 meister Hermann Wuttke verfaßte Lustspiel, geht
350 2290 1578 2373 für Montag, den 11., wird eine Galavorst#tung in der städtischen
2800 2303 2948 2353 komisé
1781 2312 1890 2358 ines
1901 2317 2793 2381 erst am 11. d. M. im Schloßpark zu Steglitz zum
341 2323 1578 2405 Oper Gaité=Lyrique angekündigt— Aus Wiesbaden
2792 2330 2990 2391 Humorif
1906 2351 2336 2417 ersten Male in Szene.
1783 2342 1894 2409 das
338 2368 1579 2448 wird gemeldet: Im Hoftheater ging soeben nach langer Zeit
2810 2383 2984 2433 Ein Ger
1789 2393 1901 2451 igen
1968 2385 2798 2459 # Veranstaltungen zugunsten Messings.
2812 2415 2988 2470 kluge Hi
338 2398 1573 2485 John Gabriel Borkmann in Szene. — Aus Kottbus
1894 2423 2791 2497 Die Gesellschaft der Musikreunde wird ihr am 18. d. M.
339 2450 1574 2520 wird berichtet: „Der Doppelmensch“, Schwank in drei Akten
2804 2453 3004 2517 internats
1785 2466 1895 2520 iers¬
1903 2480 2793 2528 stattfindendes Gesellschaftskonzert zugunsten der bei
2810 2493 2990 2546 binde vo¬
334 2491 1571 2565 von Jacoby und Lippschitz, hatte bei der Uraufführung am
1777 2513 1895 2556 zene.
1898 2505 2790 2552 dem Erdbeben in Italien in Not geratenen Familien
331 2525 1563 2589 Neuen Stadttheater einen großen, stürmischen Lacherfolg. — Des
1903 2535 2979 2600 veranstalten. Das Protektorat hat Prinzessin Wilhelm schauer:
1778 2544 1902 2591 eater
326 2557 1572 2650 Königsberger Komponisten Otto Fiebach burleske Oper
1784 2576 2998 2641 bsen= zu Wied übernommen. — Der Reinertrag der am 19. d. M. richtet i
333 2596 1572 2684 „Robert und Bertram“, bearbeitet nach Räders gleich¬
339 2646 1573 2726 namigem Bühnenwerk, hatte bei seiner Erstaufführung am Stadt¬
333 2679 1561 2766 theater in Königsberg in Pr. großen Erfolg. — Das Bam¬
323 2709 1571 2793 berger Stadttheater hat die Kaufmanns=Tragödie „Die
332 2764 1569 2842 Konkurrenten“ von Otto Peters zur Aufführung ange¬
2194 2764 2561 2878 744 0
325 2806 1572 2881 nommen. Der Autor, selbst Kaufmann, behandelt da gewisse
2726 2777 2821 2901 2
326 2839 1568 2923 Schattenseiten des Kaufmannsstandes. Die Uraufführung findet
328 2869 1563 2956 Ende Januar statt. — „Die ersten Menschen", Otto Born¬
332 2917 1566 2996 gräbers erotisches Mysterium, das in München, wie schon be¬
322 2948 1556 3042 richtet, von der Zensur verboten ist, soll durch eine von Direktor
317 2984 1555 3058 Maximilian Burg zusammengestellte Künstlergesellschaft in einer
331 3030 1566 3104 Reihe von Städten zur Aufführung gebracht werden. — Zu
327 3068 1556 3156 Strindbergs sechzigstem Geburtstag, 22. Januar,
318 3108 1572 3189 werden in Stockholm die beiden neuesten noch unver¬
320 3144 1556 3227 öffentlichten Dramen des Dichters zum erstenmal gespielt.
314 3187 1567 3265 Das Königliche Dramatische Theater führt das neue historische
319 3226 1556 3310 Drama „Der letzte Ritter“ auf; das Intime Theater, das
312 3275 1560 3349 ausschließlich Strindbergsche Werke spielt, das neue Märchenspiel
319 3303 1559 3389 „Abu Casems Pantoffeln“. Man schreibt der Tgl. Rdsch.
306 3341 1555 3414 darüber: „Diese beiden Dramen zeigen den sechzigjährigen Dichter
317 3382 1553 3478 von einer neuen Seite; sie sind den bekannten früheren Dramen
308 3413 1556 3509 so wenig ähnlich, daß niemand Strindberg für den Dichter halten
308 3462 1558 3540 würde, deshalb erschienen sie anonym. Die reine Dramatik
302 3507 1543 3567 scheint in diesen Werken lebendig geworden zu sein: von Strind¬
302 3530 1544 3631 bergs eigenster Persönlichkeit, die vielen allzu persönlich erscheint
291 3566 1543 3657 ist wenig darin zu spüren. Besonders das Märchenspiel „Abr
296 3617 1538 3692 Casems Pantoffeln“ ist in einer Weise allgemeingültig und bühnen¬
290 3668 1531 3748 gerecht, daß es auch über die ersten deutschen Bühnen geher
296 3696 439 3742 wird.
