3436 4256
2444 131 2870 234 box 26/1
261 139 436 238 21
427 144 2297 229 Kontesse Mizzioder der Fani Lientag
2764 877 3099 981 S Wn
1323 881 1757 983 e n  H
186 885 429 985 n
2035 960 3099 1030 fast sadistischen Mischung von Liebe und grausamem
972 968 2023 1032 Inszenierung des Herrn Dr. Alberty fehlte die Stim¬
2034 998 3107 1075 Morde, berührte Schnitzlers Komtesse Mitzi wie eine
972 1022 2018 1073 mung, und das lag auch in der Darstellung. Fräulein
173 1008 764 1121 reater und Musik.
2034 1061 3104 1114 heitere Satire. Das Wort ist eigentlich nicht das rich¬
974 1065 2011 1126 Wolff ließ auch in der Salome merken, daß die Wie¬
528 1072 912 1171 Graz, 26. April.
2035 1111 3107 1169 tige, denn Schnitzler ist zu viel Poet und Lyriker, um
968 1108 2012 1180 dergabe großer Emotionen, der wirksame Eindruck gewal¬
182 1153 791 1230 kter am Franzensplatz.
2033 1168 3100 1231 ganz Satiriker zu sein: aber es ist eine hübsche Ko¬
970 1163 2021 1235 tiger Leidenschaften nur zum Teile im Bereiche ihrer
2030 1223 3095 1274 mödie mit seinem anmutigen und feinem Dialog in seiner
193 1208 955 1282 die von Oskar Wilde. Fräulein Margarethe
970 1205 2025 1279 Ausdruckmittel liegt. Was ihr gut gelang, war die
184 1256 829 1313 Deuischen Theater in Petersburg a.
2035 1256 3102 1328 Mischung von Pariser Esprit und anheimelnder Wiener
968 1269 2024 1334 perverse Lüsternheit in ihrem Gespräche mit Jochanaan;
192 1283 954 1367 hzzi oder Der Familientag, Komödie von
2028 1311 3095 1370 Gemütlichkeit. Im Mittelpunkte der Handlung steht wie¬
978 1326 2026 1375 was ich vermißte, war der wilde Trotz des verwöhn¬
244 1321 642 1388 Arthur Schnitzler.
2025 1361 3099 1421 der das „süße Wiener Mädel“, aber es hat aus der Vor¬
959 1359 2019 1437 ten Fürstenkindes, die naive unbewußte Verderbtheit,
180 1346 954 1440 des Drama Salome ist durch Richard
2039 1411 3099 1472 stadt den Weg zur Terrasse eines gräflichen Schlosses
969 1422 2020 1484 der Haß wegen verschmähter Werbung und dann vor allem
191 1424 953 1498 amige Oper, der es als Text zu Grunde
2031 1461 3102 1516 genommen, nur in älterer Gestalt. Graf Pazmandy, der
964 1464 2018 1521 die große, wenn auch aus perversen Instinkten aufflam¬
185 1471 951 1532 r bekannt und berühmt geworden, als
2032 1514 3096 1576 frühzeitig Witwer geworden, hat mit einem Ballettmädel,
972 1524 2020 1582 mende Liebe zu dem bewunderten Propheten. Diese muß
183 1524 952 1595 chene Wiedergabe. Und doch ist die letztere
2030 1563 3100 1627 Lolo Langhuber, durch 18 Jahre lang ein Verhältnis
960 1565 2023 1638 namentlich in der Schlußszene mit dem Haupte in der
191 1577 953 1647 er Ergänzung. Denn im Drama sind
2031 1614 3104 1666 gehabt; er wollte sie sogar heiraten, aber sie schlägt
969 1612 2029 1676 Schüssel zur Geltung kommen, und das Entsetzen und den
192 1624 952 1685 Unterscheidungen und physiologische und
2038 1668 3103 1726 ihn aus, weil „es doch kein gut täte“ und vermählt
964 1669 2024 1747 physischen Ekel vor ihrem Tun bei den Zuschauern mil¬
185 1670 947 1742 Ausführungen enthalten, die auch durch
2046 1710 3104 1782 sich dafür mit einem Fiaker und Hausbesitzer. Vor
954 1715 2019 1780 dern. Aber die furchtbare Szene blieb ziemlich wirkungs¬
192 1726 947 1792 sdrucksformen der Musik nicht so charak¬
2034 1762 3098 1815 ihrer Verheiratung besucht sie noch den Grafen, der
967 1766 2031 1840 los, weil dem Spiele der Darstellerin der große Zug
188 1768 946 1834 gegeben werden können als durch die
2035 1812 3090 1867 ein wenig seiner Tochter, der Komtesse Mitzi, wegen
965 1819 2018 1887 fehlt. Den Schleiertanz führte sie nicht ohne Grazie
191 1829 958 1880 Im Drama lebt sich eine Natur aus in
2040 1860 3095 1929 geniert ist. Doch diese ist lang über Vorurteile hinaus,
957 1873 2024 1944 und sehr charakteristisch aus. Sie ist gewiß eine gewandte
201 1879 956 1944 bis zum dionysischen, ja perversen Wahn¬
2043 1906 3096 1982 sie hat vor achtzehn Jahren den Fürsten Ravenstein,
961 1920 2024 1984 und verwendbare Schauspielerin, aber ich vermag den
199 1923 949 1995 Einakter steckt eine große Kraft der Kon¬
2035 1968 3095 2034 einen Freund ihres Vaters, geliebt und von ihm einen
972 1969 2032 2034 wirklichen Gewinn nicht zu ersehen, den ihr Engagement
190 1969 957 2045 eine Plastik der stalten, besonders des
2033 2021 3104 2081 Sohn gehabt, den nun der Fürst adoptiert hat und
963 2020 2025 2085 für unser gegenwärtiges Schauspiel haben soll. Herr Dr.
201 2017 954 2093 in fanatischem Hasse, in visionärer Ver¬
2040 2065 3096 2127 im Schlosse vorstellt. So ist der „Familientag“ voll¬
961 2066 2024 2148 Alberty vexgriff sich in der Darstellung des Herodes
205 2073 956 2143 Flüche über das Geschlecht der Herodes
2030 2125 3092 2191 ständig beisammen: Vater und Maitresse, Tochter und
969 2123 2020 2181 wieder einmal an dem richtigen Gradmesser für seine
211 2138 957 2187 und dann der Salome, die in ihrer
2032 2164 3105 2240 „illegale“ Mutter, Fürst Ravenstein und sein natürlicher
962 2181 2029 2249 dramatische Wiedergabe. Die weinselige Stimmung des
196 2177 956 2232 Verderbtheit sich nach dem weißen kühlen
2042 2216 3106 2283 Sohn. Des letzteren wegen entschließt sich Komtesse Mitzi,
959 2222 2024 2281 asiatischen Despoten wurde zur lärmenden Trunkenheit,
198 2229 951 2292 m roten Munde des unheimlichen Pro¬
2033 2251 3104 2316 ihrem heimlich geliebten Zeichenlehrer, Professor Wind¬
960 2266 2032 2339 die wandelnden abnormen Launen zum wirklichen Wahn¬
194 2289 961 2338 d zuletzt mit der krankhaften Ausdauer
2034 2317 3094 2386 hofer, kurzweg den Laufpaß zu geben und sich mit
968 2310 2026 2384 sinn und stellenweise zur scheinbaren Verblödung. Dabei
215 2328 964 2398 1 Kindes nach seinem Haupte verlangt,
2038 2367 3088 2429 dem mittlerweile auch Witwer gewordenen Fürsten Ra¬
969 2379 2022 2440 ging der Fürst und König, ging die Würde des Herrschers
202 2379 960 2440 isch brünstiger Gier die blutigen Lippen
2038 2419 3091 2482 venstein zu vermählen. Der Kern des Einakters liegt
972 2425 2029 2485 von Judäa völlig verloren. Wenn König Lear in Wahn¬
213 2421 959 2491 eine unheimliche, sinnlich glühende Fär¬
2032 2468 3103 2523 in der lebensvollen Wahrheit und scharfen Beobachtung,
969 2477 2029 2537 sinn verfällt, so kann er doch noch immer stolz ausrufen:
219 2479 960 2540 1 Dialogs, förmlich rhythmische Sprach¬
2023 2509 3096 2597 womit Schnitzler hier ein Sittenbild aus der Gesellschaft
973 2533 2019 2592 „Jeder Zoll ein König!“ Aber dem schreienden, trun¬
223 2526 960 2591 atmende Wechselreden. Nur in einem
2034 2569 3106 2632 zusammenstellt und im Gegensatze zwischen der Lebens¬
967 2577 2030 2641 kenen Manne gegenüber klingt es fast komisch, wenn
211 2583 946 2645 k von der biblischen Erzählung ab, daß
2034 2625 3099 2683 lüge der bevorzugten Stände und der ehrlichen munteren
967 2620 2031 2671 die Wachen sich wiederholt ängstlich und scheu zuflü¬
207 2627 954 2694 es Johannes lediglich von Salome aus¬
2027 2661 3108 2725 Auffassung eines Mädchens aus dem Volke. Auch die
969 2672 2018 2740 stern: „Wie finster sieht der Vierfürst aus!“ Diese Be¬
209 2679 957 2741 stalt der Herodias, die dort die eigentliche
2043 2723 3086 2780 beiden aristokratischen Typen, der gutmirtige und ein¬
970 2714 2025 2779 merkungen sind ja zugleich ein Wink für den Darsteller
210 2729 646 2800 ständig zwecklos wird.
2036 2766 3086 2849 fache ungarische Edelmann Pazmandy „der sich um Lauf
967 2774 2034 2841 des Herodes. Im übrigen sind Fräulein Fasser als
206 2769 954 2849 rung am Samstag zeigte übrigens deut¬
2039 2834 3094 2885 und Urteil der Welt nicht kümmert, und der diplomatische
969 2826 2020 2906 Herodias und Herr Höller als Jochanaan noch her¬
212 2829 958 2897 esprochene Drama von Wilde bei weitem
2045 2876 3091 2935 Fürst Ravenstein, der als echter Feudaler um Ruf und
961 2878 1217 2952 vorzuheben.
208 2878 950 2944 ng hervorrief, wie seinerzeit das Musik¬
2034 2920 3083 3005 Meinung der Welt besorgt ist, sind gut gezeichnet und
1035 2912 2021 2997 Nach der schwülen Erotik der Salome, dieser brutalen,
213 2935 982 3006 hard Strauß. Trotz der vortrefflichen
2059 2976 3114 3064 wurden von den Herren Großmann und Schroth
2052 3029 3118 3108 trefflich dargestellt. Sonst verlief das heitere Stück etwas
2067 3078 3113 3166 matt und gedehnt, obwohl die Frauengestalten, Komtesse
2067 3134 3109 3210 Mitzi und Lolo Langhuber, durch die Damen Fasser
2055 3175 3118 3266 und Rainer sehr gut wiedergegeben wurden. Überra¬
2061 3216 3120 3331 schend war die flotte, muntere und der Rolle ganz an¬
2065 3262 3133 3366 gemessene Darstellung des Philipp durch Herrn Mey##
2068 3320 3114 3420 svell. Das Haus war ausverkauft und, wie immen
2943 3352 3145 3459 In #
2071 3395 2348 3470 heife lalustig
