3344 4352
2286 229 2773 334 box 26/3
801 251 1015 316 Ni22
523 248 763 316 tesse
117 246 2302 328 21. Konn1oder der Fanilientag
1617 384 1926 466 Paslamn A
1605 505 2055 609 Die Post, Berh.
1734 676 2076 786 # 191.
1433 808 2132 911 Schönherrs „Erde“.
1518 885 2042 961 (Lessing=Theater.)
1185 931 2397 1007 Auf den neuen Schönherr wurde die theaterbegeisterte Welt
1159 986 2392 1052 schon kurz nach dem Riesenerfolg des Stückes „Glaube und Heimat“.
1155 1034 2410 1097 aufmerksam gemacht. Man erwartete ihn also mit einiger Span¬
1164 1085 2407 1150 nung; denn wir haben wenige Talente von so gesunder deutscher
1163 1132 2175 1180 Artung, wie uns Karl Schönherr eines offenbarte.
1232 1144 2406 1231 Aber es ist merkwürdig, wie schwer es auch unseren guten
1151 1204 2410 1270 Dichtern wird, Maß zu finden. Sie glauben uns klaren Wein zu
1157 1252 2414 1300 bieten, und in Wirklichkeit ist es immer schäumender, heftig gären¬
1151 1292 2406 1358 der Most — am Schlusse bleibt ein Bodensatz: die Hefe. Die ist
1163 1336 2414 1387 bitter. So ähnlich war es bei Schmidtbonns neuestem Werke ind
1152 1377 2407 1439 so ähnlich ist es beim neuesten Schönherr. Ueberall walten an sich
1161 1420 2416 1480 richtige Gedanken. Aber die Dichter begnügen sich nicht, diese Ge¬
1161 1462 2407 1526 danken sachentsprechend walten zu lassen, sondern reiten sie immer
1150 1514 2402 1570 bis in die Wüste. Bei Schmidtbonn war es das Bewußtsein des
1154 1556 2400 1635 Individualwertes. Bei Schönherr ist es der Heimat= und Boden¬
1165 1605 1548 1668 ständigkeitsgedanke.
1241 1619 2417 1705 Seit das Sehnen nach dem Lande in unserem Volke so kräftig
1160 1685 2409 1742 neu emporgesproßt ist, daß sich fast alles, was noch gesund ist,
1149 1729 2409 1781 hinauswünscht auf die Scholle; seit man durch das Schrifttum den
1150 1775 2410 1842 zur Phrase gewordenen Ausdruck „Erdgeruch“ schleift; seit man sich
1153 1817 2404 1876 bemüht, dem flachen Lande einen Teil der ihm früher so sorglos
1164 1864 2402 1926 entrissenen seelisch=kulturellen Werte wiederzugeben, seitdem wird
1157 1917 2414 1965 auch die Grundwurzel dieser Entwicklung übergipfelt. Auch beim
1159 1949 2406 2004 neuen Schönherr ist das der Fall. Wäre die Erdsehnsucht dieser
1154 1996 2400 2039 Alpenmenschen nicht gar so stark betont; würden sie nicht alle so
1167 2040 2408 2108 sehr Tendenz predigen, so würde Schönherr ein tiefes, schier voll¬
1158 2072 2413 2140 kommenes Drama vom Lande geliefert haben. Aber so hat man
1165 2129 2401 2181 immer die Tendenz vor der Nase sitzen; eine sehr erfreuliche Ten¬
1166 2167 2407 2232 denz zwar, aber Drama und unmittelbare Predigt sind eben
1154 2205 2420 2273 zweierlei. Die gewollten Uebertreibungen stören und sie verringern
1161 2261 2399 2308 auch die Bedeutung des im Grundgedanken großen, im Aufbau ge¬
1177 2300 2127 2371 schickten, in der Charakterisierung seinen Stückes.
1237 2329 2405 2399 Es spielt auf dem Grutzenhof. Der alte Grutzenbauer ist ein
1163 2377 2401 2452 Herrscher. Ein Robert Gutskard. Ein Achill. 72 Jahre ist er
1155 2428 2406 2494 und gibt den Hof nicht ab. Der 46jährige Sohn, der darauf wartet,
1164 2459 2413 2529 ist geistig schier schwach geworden. Er mußte sich eine Liebe vor¬
1154 2506 2401 2588 tüberblühen lassen. Wäre er in die Wekt gegangen mit der wacke¬
1154 2593 2403 2674 ren Magd, so wäre vielleicht alles gut geworden. Vielleicht hälte
1154 2662 2405 2711 der alte Grutz sogar abgegeben, wenn ihm aus seinem Sohne solche
1151 2703 2408 2752 Entschlossenheit entgegengetreten wäre. Aber der Sohn „ist kein
1159 2748 2392 2812 Bauer; der ist zu weich“. Der Alte weiß, sobald er seine Hand
1163 2792 2406 2846 abzieht, gehts auf dem Hofe nicht mehr. Den Gedanken kana
1151 2831 2408 2877 er nicht ertragen. Und der Sohn und die Magd bleiben auf dem
1163 2872 2404 2948 Hofe und — warten. Seit zehn Jahren. Ihr Tag muß ja noch
1155 2921 1371 2985 kommen.
1243 2946 2419 3019 Es scheint, daß er kommt. Der Alte wird vom Pferde vor
1158 2991 2401 3048 die Brust geschlagen. Er hat Blutbrechen und es geht dem Tode
1156 3035 2408 3120 zu. Der Sohn muß ihn vertreten. Darüber jauchzt er trotz seiner
1158 3085 2399 3158 echten Sohnesbekümmernis auf. Jetzt muß er für die Bäuerin
1159 3130 2408 3177 sorgen. Seine alte Liebe wartet. Aber sie hat graue Haare be¬
1162 3181 2400 3231 kommen. Er braucht die jüngere, die Mena, die so stark ist und von
1159 3226 2394 3283 der er eine Fortführung des Stammes erhoffen kann. Die zwei
1155 3273 2401 3327 Frauen ringen innerlich auf Tod und Leben. Aber die junge
1158 3305 2402 3376 siegt, die in der Seele schlimmere. Zur Heirat kommt es noch
1160 3345 2419 3407 nicht; denn der alte, in Agonie liegende Bauer tut den letzten!
1164 3395 2413 3460 Atemzug nicht, obwohl er schon hat den Sarg machen lassen und
1155 3442 2402 3501 das Grab gekauft hat. Der junge Bauer — zimmert einstweilen
1163 3493 2407 3536 eine Wiege. Und dann braucht er sie nicht. Nochmals erhebt
1162 3512 2403 3582 sich der Alte und tritt die Herrschaft an. Und gleich geht ein
1148 3566 2400 3616 anderer Zug durch den ganzen Hof; man merkt das Regiment des
1165 3598 2409 3662 galten Teufels“. Die Mena heiratet rasch einen Witwer droben in
1165 3656 2406 3710 der Eiswüste des Firn, den sie vorher verschmäht hat; den eigenen
1160 3689 2401 3748 Boden muß sie unter den Füßen haben. Und wir fühlen, wie der
1156 3736 2408 3808 Alte den vorzeitig angefertigten Sarg zerschlägt: der Bauernsohn
1150 3789 2194 3847 und seine alte Liebe werden noch länger warten ——
1237 3825 2432 3882 So ist das Stück. Drei Akte. Es steckt auch Komisches darin,
1151 3848 2409 3929 das sich aber nicht aufdrängt. Und aus dieser Inhaltsangabe tritt
1163 3893 2404 3963 auch nicht so sehr das hervor, was schließlich in der Aufführung
1154 3947 2403 4004 als Uebertreibung wirken muß. Der Dichter hat ja wohl auch
1163 3995 2407 4045 den Fall künstlich aufgezimmert; es dürfte äußerst selten sein,
1159 4042 2411 4090 daß ein Bauer nicht mit 60 Jahren seinen Besitz gern in die
1160 4068 2407 4144 Hände des Sohnes legt, um noch ein Weilchen zuzusehen, wie er
1163 4117 2407 4184 die Zügel zu halten versteht. Wird da noch gar nicht selten über
1156 4158 2459 4224 die „jungen Bauern=Privatiers“ gespottet im gesamten deutschen:
1150 4222 2399 4253 Südlandsgebiete. Schönherr wallte an dem Falle seine These
