3436 4320
434 205 837 285 Kontesse
865 219 967 288 M
2385 215 2849 333 box 26/4
195 234 2235 336 21 2joder der Fanilientag
782 424 995 513 Seite 6
1259 435 1687 541 Olmütz, Mittwoch
1872 449 2383 538 „Mährisches Tagblatt“
1115 491 1282 543 —
2416 506 2591 560 — —
663 530 2634 585 schieht bei Hoffmannsthal nicht. Ja, es ist Benefiziantin, Frau Alberty, die in der
676 577 1640 653 nicht zu viel gesagt, wenn man behauptet,
1641 584 2613 656 „Elektra“ die Klytämnestra und im letzten
669 630 1649 703 daß auch die Psychologie Hoffmannsthals
1639 637 2613 692 Stücke die Gattin des Sanitätsrates Schlo¬
662 688 2619 760 hinter der des Sophokles zurückbleibt. Uebri= mann, beide Rollen mit der längstbewährten
661 740 2618 805 gens vielleicht nur eine Tautologie, da sich Sicherheit der Auffassung, spielte, wurde vom
670 786 1642 854 die Begriffe „dramatisch" und „psychologisch“ in
1645 785 2625 870 Publikum stürmisch akklamiert und mit pracht¬
668 840 1628 903 den meisten Fällen decken dürften. Hoff¬
1639 837 2616 917 vollen Blumenspenden, und Ehrengaben be¬
673 880 1637 956 mannsthal erreicht seine Wirkungen durch ganz
1639 883 2621 968 dacht. Frl. Nelly Maxeus war eine em¬
664 937 1636 1008 undran atische, unpsychologische Mittel: durch
1636 935 2616 1016 pfindungsvolle Chrysothemis und im letzten
671 991 1643 1045 das Krasse und Scheußliche, durch die bis ins
1648 998 2593 1076 Stücke eine entzückende, junge Frau. —ch.
667 1039 1644 1091 Pathologische getriebene Verzweiflung Elek¬
661 1095 1638 1158 trens. Hier ist seine Kunst bewunderungswür¬
662 1133 1644 1201 dig: aber sie hebt deshalb trotzdem sein Werk
661 1182 1648 1263 nicht auf die hohe Stufe einer Tragödie. Ene
669 1242 1654 1301 gute Darstellerin der Titelrolle wird in der
669 1287 1651 1348 Schilderung des Pathologischen den Schwer¬
657 1339 1656 1413 punkt der Auffassung suchen. Frl. Frida
667 1390 1638 1453 Regnald hat das gestern auch in sehr rich¬
663 1442 1653 1517 #tigrr Weise mit großer Kraft und Kunst getan.
670 1485 1657 1563 Aber gleichwohl kann auch diese Betonung
673 1532 1660 1608 darüber nicht hinwegtäuschen, daß wir es hier
663 1580 1660 1661 nur mit der Schilderung rein äußerlicher
665 1643 1657 1721 Handlungen und Ereignisse zu tun haben, die
673 1691 1653 1772 sich an den Sagenstoff halten, aber keine
674 1736 1557 1808 innere Resonanz und Begründung haben.
759 1774 1660 1864 Ich kann diese flüchtige Betrachtung nicht
657 1845 1649 1923 schließen, ohne hier einige sehr feine Bemer¬
653 1908 1640 1967 kungen wiederzugeben, die Paul Ernst in
662 1949 1649 2025 einer Monographie über Sophokles (siehe
655 2001 1652 2070 Band 37 der von Paul Remer herausgegebe¬
653 2055 1643 2106 nen Sammlung „Die Dichtung") macht:
660 2098 1645 2178 „Welches Gefühl hat der Zuschauer bei einem
667 2170 1636 2229 solchen Werk, mit welcher Stimmung geht er
652 2204 1634 2280 nach Hause? Mit der Romantik kam es auf,
662 2262 1652 2317 den Zuschauer respektive Leser als quantité
662 2310 1649 2374 négligeable zu behandeln; während für die
670 2373 1642 2414 frühere Kunst das Gemüt des Zuschauers ein
662 2399 1649 2481 Instrument war, welchem der Meister durch
653 2460 1643 2532 sein Werk diejenigen Töne entlockte, welche er
663 2510 1646 2571 als ein das Höchste erstrebender Mensch woll¬
663 2561 1645 2628 te, dachte der Künstler von jetzt an nur noch
661 2614 1641 2673 an sein Werk, vergaß er die Geige und den
651 2662 1636 2739 Ton über dem Bogen. Ueber diese Wandlung
649 2723 1639 2783 waren die Künstler sehr stolz, weil sie mein¬
654 2770 1641 2834 ten, sie seien numn ganz frei. Frei waren sie
659 2823 1634 2879 aber so wenig wie die andern Menschen, son¬
663 2865 1637 2936 dern sie wurden durch die Vorurteile ihrer
647 2919 1640 2974 Zeit bestimmt, und je nachdem diese nun auf
651 2968 1641 3036 philosophischen Gallimathias, oder auf mate¬
653 3019 1637 3093 rialistische Glaubensartikel, auf psychologische
649 3068 1631 3138 Hypochondrie gingen, oder auf lyrische Auf¬
650 3120 1627 3198 lösung, wurden sie Romantiker, Naturalisten,
649 3171 1636 3247 Neu=Romantiker, Symbolisten und anderes;
661 3236 1631 3298 und indem sie meinten, daß sie dem abstrak¬
655 3280 1635 3352 testen Kunsttriebe dienten und l’art pour
660 3330 1630 3383 l’art schufen, schufen sie nur Illustrationen
659 3379 1639 3450 der fütilsten Tagesmeinungen. Welches Gefühl
656 3431 1636 3505 hat der Zuschauer nach Hofmannsthals Elek¬
658 3475 1628 3542 tra? Wenn er ehrlich sein will: Abscheu
656 3534 1641 3603 und Ekel. Hat denn der als Mensch so fein¬
660 3583 1632 3639 sinnige Dichter das gewollt? Sicher nicht;
658 3634 1642 3709 aber er hat eben genau so gearbeitet, muratis
666 3681 1638 3757 mutandis, wie Emile Zola: er ist ein Sklave
654 3732 1634 3798 seiner Zeit. Jeder Mensch ist ein Sklave sei¬
654 3783 1636 3845 ner Zeit, nur einer nicht: derjenige Künstler,
662 3837 1632 3887 welcher ein Diener der Form ist; fügt er sich
653 3881 1645 3962 dieser Dienstbarkeit, so stellt er sich außerhalb
658 3931 1643 4012 jeder Zeit und erhält ewige Jugend, und
661 3982 1635 4054 nicht nur Freiheit hat er alsdann, sondern
651 4029 1636 4118 ewige Heurschaft über die Gemüter der Men¬
654 4092 810 4163 schen.“
747 4121 1629 4203 Auf Hoffmannsthal „Elektra“ folgte
648 4183 1628 4239 die Erstaufführung der „Komtesse Miz¬
