3344 4352
161 217 2255 306 21. Kontesse Mizz ioder der Fani Lientan
737 1021 1746 1105 134 Miimmiegeninincansaiinmminmninnnunnmmannum Friedrich Düse
1611 1123 1723 1186 „Ich
1618 1174 1722 1243 dieset
1612 1221 1711 1274 als
1609 1263 1700 1318 will
1621 1313 1696 1362 der
1612 1339 1708 1417 geler
1611 1397 1696 1453 die
1610 1435 1706 1494 ma“
775 2202 846 2286 4
1046 2262 1383 2331 Arthur Schnitzler.
786 2296 1648 2382 Respekt mehr hat. Da kommt die Ahnung, aber
786 2367 1640 2444 auch nur die Ahnung eines solideren, herzhafte¬
793 2405 1659 2474 ren Glückes über sie, als sie bisher mit all ihrer
789 2446 1658 2512 verantwortungsfreien Ungebundenheit zu erjagen
794 2511 1650 2560 vermocht hat. Sie sträubt sich noch ein wenig
794 2537 1653 2607 gegen die Genesung, die die Natur mit ihr im
802 2583 1646 2646 Sinne hat, aber schließlich gibt sie ihrem Mal¬
798 2625 1653 2695 lehrer und letzten Geliebten Professor Windhoser
800 2672 1655 2732 doch den Abschied und läßt den Herrn Papa,
801 2716 1658 2779 der noch immer nichts ahnt, die Karten für den
809 2765 1657 2826 Schlafwagen nach Ostende bestellen. Es ist der¬
803 2801 1655 2877 selbe, in der: Fürst Ravenstein, der Vater ihres
811 2836 1664 2908 Sohnes, und dieser selbst mit gleichem Ziel sich
809 2892 1655 2952 einquartiert haben. Nun weiß man, was der
797 2935 1661 2998 Nebentitel der Komödie, „Ein Familientag",
806 2978 1662 3057 sagen will: aus der Komtesse Pazmandy wird
810 3031 1672 3085 bald eine Fürstin Ravenstein werden — nur
803 3060 1678 3138 gut, daß sich der Herr Sohn im veraus damit 1
801 3126 1272 3194 einverstanden erklärt hat.
851 3135 1703 3218 Die Komtesse spielte Irene Triesch, wohl 4
810 3180 1718 3272 etwas schärfer im Ton, als Schnitzler sie will,“!
810 3236 1712 3302 aber mit subtilster Ausmünzung all der seinge 1
812 3283 1679 3342 Übergänge und schillernden Nuancen, die sein
820 3326 1671 3407 geistreich spielender Witz an diese Zwitterlüte
816 3376 1510 3456 eines saulen Bodens verschwendet hat.
816 3442 1681 3541 Im Januarhest der „Neuen Rundschau“ (Ber¬
849 3502 1667 3559 I lin, S. Fischer) ist ein seit fünf Jahren ser¬
820 3515 2476 3618 tiges Trama Gerhart Hauptmanns eischte: Gabttel Schilling zugtünde gehl, auch eine W9e¬
818 3583 2429 3653 nen: „Gabriel Schillings Flucht“. 1906 nesung zum getrosten Leben bedeuten kann.
1694 3622 2503 3677 So viel nur einstweilen über ein Werk, das
824 3633 1701 3703 schon sprach man von einer unmittelbar bevor¬
827 3662 2508 3744 stehenden Aufführung im Lessingtheater, aber in die Stätte seiner Vollendung und Erprobung
802 3714 2518 3809 letzten Augenblick wurde das Werk zurückgezogen. trotz der Zagheit seines Schöpfers sicher noch
2341 201 2755 297 box 26/3
