3436 4320
2429 233 2819 316 box 26/4
1675 247 1857 316 Fam
895 266 1130 335 N122
471 284 827 342 Kontess
221 261 2302 350 21. aume1oder der Tauilientag
317 1682 3275 1745 schmerzlichem Mühen den seltsam versperrten Weg ins] Aber schon zur Zeit, als Hofmannsthal den Toren] Und Claudio und Mizzi würden sich ganz wohl verstehen,
309 1726 2275 1781 Leben suchte. Hofmannsthal pries Claudio, den Verschlos= schrieb, stieg ihm eine neue, frische Erkenntnis auf und
2273 1729 3277 1785 wenn der Zufall sie zusammenführte und es schicklich
149 1770 2273 1835 ter, senen, nicht als Helden, sondern schalt ihn einen Narren,er gewann, aus seinen Zweifeln sich befreiend, die Ueber¬
2277 1765 3265 1819 wäre, das Gespräch zu lenken auf diesen Tod, diese Liebe
301 1804 1305 1851 einen „Stiefvater seines eigenen Wesens“, der eben diesen
1294 1795 2275 1857 zeugung, daß man sein „Ich“ erst dann erringe, wenn man
2278 1797 2658 1870 und dieses Theater.
141 1817 1311 1892 1. Jan.). Weg ins Leben sich verriegelte. Claudio und mit ihm der
1290 1834 2282 1897 das Schicksal dieser Welt auf sich nehme und heraustrete
2876 1828 3246 1906 Kuno Müller.
152 1868 1299 1928 Müller, Dichter irrten von jenem schmalen Pfade zur Wirklichkeit
1295 1879 2287 1933 aus dem Banne dieser „Vorexistenz“ in den Wirkungskreis
149 1912 323 1967 ichischen
316 1912 1313 1978 ab, weil sie es nicht wagten, sich den Winden dieser Welt
1297 1916 2289 1977 irdischen Lebens. Daß man auch dann noch „Figur“ in den
2306 1913 3233 1987 Musik im Dienst der Friedensidee.
146 1939 331 2008 adtthea¬
311 1955 1303 2007 auszusetzen und fürchteten, daß in diesen Stürmen ihr
1303 1951 2284 2006 Händen eines höheren Regenten bliebe und im Großen
2279 1982 3282 2041 Zu den Darbietungen des Konzertver¬
149 1995 322 2057 ur Ver¬
321 1994 1290 2048 eigenes Wesen zerflattere und verloren gehe. Sie wagten
1297 1998 2282 2065 Welttheater nur seine zugeteilte Rolle spielte, das ver¬
2267 2029 3271 2098 eins bei der Völkerbundsveranstal¬
308 2031 1300 2081 nicht, sich selbst aufs Spiel zu setzen und die erweckten
1294 2036 2048 2106 leugnete Hofmannsthal auch später nie.
314 2063 1314 2124 Leidenschaften zu erwidern, und so stand der Tor, zögernd
137 2064 328 2137 Niebe —
2329 2073 3214 2139 tung im Kunsthaus, 17. Januar.
1569 2085 2001 2160 „Komtesse Mizzi.“
317 2098 1302 2160 und beherrscht, bis der Tod nach den gepflegten Händen
160 2116 315 2174 cher Art
2294 2117 3279 2175 Im Gegensatz zu seiner bisherigen Vereinspraxis,
323 2142 1316 2211 griff und das feine Lächeln erstarb in der Erkenntnis des
1325 2136 2279 2198 Wie ein Walzer nach einer Sonate, wie das Satirspie!
163 2150 325 2207 Bühne
2277 2162 3281 2212 verzichtete der Städtische Konzertverein
324 2176 702 2246 eigenen Torentums.
1294 2190 2267 2237 nach einer Tragödie, wie das Zeichen des Erdgeistes
155 2187 325 2252 erwandt
2269 2204 3269 2258 Luzern unseres Wissens zum ersten Male auf ein
346 2212 1293 2277 In späteren Jahren hat sich Hofmannsthal immer wieder
1299 2216 2280 2274 spricht Schnitzler dagegen auf uns ein. Da plaudern und
2276 2243 3280 2294 selbständig durchgeführtes Chorkonzert. Im Bestre¬
313 2262 1302 2319 gedanklich mit diesem jugendlichen Zaudern vor dem Tor
1292 2266 2280 2319 schwatzen die Menschen durcheinander und keiner scheint
168 2263 327 2339 Namen
2275 2282 3275 2331 ben, einer großen, zeitgemäßen Idee zu dienen, hat
1290 2302 2275 2357 zu zweifeln, daß nun jeder sich selbst das Wichtigste in dieser
312 2294 1301 2348 des Lebens befaßt und des Jünglings Zweifel weltan¬
2265 2321 3273 2371 ser außerordentlicherweise mit der Tradition ge¬
1290 2337 2275 2395 Welt bedeute. Hier zaudert keiner, sich ins rauschende,
149 2335 1299 2396 nen, er=schaulich umschrieben. In jenen Jahren war der Dichter
2273 2355 3274 2403 brochen und seine dieswinterliche Choraufführung
1287 2367 2284 2436 lockende Leben zu stürzen. Hier knausert keiner mit dem
309 2387 1298 2437 Tlief ergeiffen von der Vorstellung einer großen Allver¬
157 2386 326 2441 Gegen¬
2280 2396 3265 2442 einer Veranstaltung der schweizerischen Vereini¬
307 2417 1303 2464 bundenheit der Menschen und Dinge. Er mißtraute der
1295 2416 2276 2463 Einsatz. Frisch und fröhlich ziehen sie alle in den Liebes¬
153 2421 319 2483 edämpf¬
2268 2436 3268 2486 gung für den Völkerbund ein= und unter¬
324 2444 1297 2506 Welt der Einzelerscheinungen und sah die Wesen alleror ts
1287 2453 2276 2524 krieg, jeder hat seine Erlebnisse und seine Glücksfälle,
160 2459 323 2521 h um so
2267 2466 2491 2532 geordnet.
318 2497 1295 2551 grenzenlos überfließend und sich verwebend. Die Figuren
1296 2497 1808 2551 nur der Stubenhocker nicht.
156 2494 322 2555 hal und
2307 2506 3265 2559 Hatte sich diese Vereinigung in der Person des
1327 2519 2269 2581 Aber auch ein Walzer kann schwermütig stimmen, und
324 2528 1301 2586 seiner Werke sprachen alle diese Gefühle aus und sie wirk¬
149 2537 323 2592 nd wohl
2277 2525 3269 2590 Reserenten einen Staatsmann von europäischem An¬
323 2565 1300 2623 ten in diesem Zwielicht nicht wie menschliche Gestalten,
1287 2562 2284 2632 die anfangs heiteren Takte werden auch bei Schnitzler
167 2577 333 2630 Anblick
2274 2572 3282 2645 sehen verpflichtet, so hat es der Konzertverein treff¬
315 2610 1292 2656 sondern eher wie Schemen und Erscheinungen, durch die
1300 2607 2269 2661 ernster und verhaltener. Die fröhlichen Paare erkennen,
158 2615 323 2672 auf dem
2273 2624 3265 2668 lich verstanden, dem Abend in künstlerischer Hin¬
322 2642 1303 2696 das Schicksal wie ein großer Wind wehte, sie ballend und
1289 2648 2270 2698 daß Frau Welt ihre Gaben nicht verschleudert, daß ihre
166 2651 324 2717 verzich¬
2274 2661 3274 2707 sicht eine gewichtige Note zu verleihen, durch die
1287 2683 2275 2737 Huld zuletzt gar teuer bezahlt wird und daß die Schöne
313 2684 1298 2742 zerreißend je nach Lust. Hofmannsthal schuf daher nicht
2272 2695 3277 2753 schweizerische Erstaufführung der Kantate „Frie¬
1286 2728 2274 2781 seltsam strenge Rechnung führt. Und wenn sie sich auch noch
308 2729 1304 2780 plastische Standbilder wie für ein klassisches Drama, nein,
2272 2735 3273 2785 den“, des Oesterreichers Emil Nikolaus von
1298 2762 2275 2807 so ausgelassen gebärden, alle diese Paare des Reigens,
309 2763 1302 2820 eher Bilder wie für einen gewebten Teppich, durch die
2273 2774 3285 2823 Neznicek. für gemischten Chor, Orchester und
171 2802 1298 2853 s Neun= kommend und gehend die Fäden schlugen, Gestalten, die
1298 2800 2279 2850 sie wissen schon alle um das Ende und umarmen sich vielleicht
2270 2812 3271 2862 Orgel. Der Name dieses greisen Komponisten war
1288 2837 2273 2895 nur deshalb so sehnsüchtig, weil draußen bereits der Tod
153 2831 1295 2889 aschende keiner herausschneiden konnte, ohne daß sie zerfaserten.
2269 2848 3280 2898 hier bis jetzt nur wenigen geläufig. Er gehört nicht
162 2878 328 2929 Dichter
1297 2885 2278 2928 umgeht und das Scheiden. O, es ist immer mehr Suchen
322 2886 1303 2936 In dieser Stimmung glaubte Hofmannsthal sich den
2263 2881 3267 2938 zu den Repräsentanten des modernen Zeitstils, son¬
151 2906 325 2972 wicklung
1291 2918 2276 2972 als Finden. Und wenn der ewige Zusprecher seine letzten
326 2919 1299 2970 ewigen Mächten nahe verbunden und was er fürchtete,
2270 2915 3275 2977 dern ist ein nur zu treuer Anhänger der Roman¬
159 2949 321 3011 Hörte die
1292 2946 2281 3008 Worte sagt und der Vorhang niedersaust, dann stehen die
324 2942 1305 3007 wenn er sich den Kräften des Diesseits ergäbe, war der
2263 2946 3279 3015 tiker des 19. Jahrhunderts. Seine Tonsprache ist an
158 2991 328 3045 Geigen¬
321 2995 2267 3045 unwiederbringliche Verlust dieser gehüteten Allverbunden=sentimentalen Mädchen und die frivolen Herren alle sehr
2264 2998 3265 3049 Wagner und Brahms geschult. Er hat sich auch nie
156 3021 2276 3079 altenden heit, aus der ihm alle Inspiration floß. Werke christlicher bestürzt auf den Brettern des leeren Theaters und möchten
2267 3030 3275 3091 von diesen Vorbildern loslösen können, seine Werke
153 3070 3269 3120 er nicht Neuplatonik und die resignierten Stellen aus Goethesweinen, als hörten sie des Todes Geigenklänge und wären sind ganz unberührt von den gewaltigen Strömun¬
153 3104 1084 3162 ern mit Faust umschmeichelten ihm Ohr und Sinn.
1295 3117 1883 3173 sie alle neunzehnjährige Toren.
2263 3106 3278 3176 gen der letzten Jahrzehnte, und so ist es zu ver¬
