3436 4480
2440 133 2850 225 box 26/1
253 150 2283 238 21. Kontesse Mizz i-oder-der-Fani Lientag
1331 908 1713 993 Telephon 12801.
546 1074 1700 1169 * MEm
550 1171 1724 1235 G l. österr. behördl. konz. Unternehmen für Zeitungs¬
2638 1189 3049 1280 Telephon 12801.
1026 1215 1321 1282 Ausschnitte
726 1272 1617 1362 Wien, I., Concordtaplatz 4.
536 1301 663 1363 *
966 1337 1378 1404 Vertretungen
546 1397 1721 1463 in Berlin, Budapest, Chicago, Christiania, Genf, Kopen¬
553 1426 1737 1496 G hagen, London, Madrid, Mailand, Minneapolis, New Vork,
1881 1457 3048 1533 6 l. österr. behördl. konz. Unternehmen für Zeitungs-Ausschnitte
548 1477 1740 1550 *9 Paris, Rom, San Francisco, Stockholm, St. Petersburg.
967 1522 1379 1584 (Quellonengabe ohne Gewähr.)
2044 1504 2943 1606 Wien, I., Concordiaplatz 4.
1153 1561 1351 1618 TPPun
2276 1584 2719 1649 Vertretungen
537 1565 1070 1662 in Ausschnitt aus:
1345 1558 1814 1661 Vorrespondent
1158 1601 1273 1662 ##0
1894 1618 3038 1706 0 in Berlin, Budapest, Chicago, Christiania, Genf, Kopen¬
1067 1611 1371 1716 9- unR1 4009
535 1638 645 1710 18
1880 1679 3043 1740 hagen, London, Madrid, Mailand, Minneapolis, New-Vork,
562 1676 834 1772 vom:
1979 1714 3084 1793 Paris, Rom, San Francisco, Stückholm, St. Petorsburg.
2290 1752 2697 1815 (Quelienangabe ohne Gewähr.)
1877 1745 1971 1799 000
860 1737 1348 1813 Wliener Cheater.
1876 1783 1924 1843 7
567 1781 1192 1854 Mau schreibt uns aus Wien:
1884 1794 2941 1879 Ausschnitt aus Der Samstag, Wien
578 1833 1760 1905 rh. Es kommt wohl selten vor, daß die Bühnendichtungen
1876 1864 1963 1917 55
514 1871 1779 1926 Artur Schnitlers in Wien ihre Uraufführung erleben. Ueber¬
2268 1865 2555 1954 90K L0s
1877 1900 2109 1970 E vom:
519 1920 1764 1975 aus angenns nun berührt, daß sich das Deutsche
524 1956 1778 2013 Volkstheater, das dem Burgtheater bald nach jeder Richtung
2026 1940 2583 2013 Deutschenr
1973 1972 3080 2062 tesse Mizzi“ oder „der Familieutag“. Beide Ko¬
513 1994 1780 2044 hin den Rang abgelaufen haben wird, zu einem Schnitzler=Abend
2546 2017 3069 2089 —fnädien des reichbegabten
517 2037 1766 2074 aufgerafft hat. Zuerst spielte man „Liebelei“ jene seine, stille und
2550 2071 3085 2138 Autors brachten dem Volks¬
513 2071 1776 2141 zarte Wiener Komödie der Liebessehnsucht. Dann folgte ein neuer
2556 2097 3068 2167 theater einen vollen Erfolg.
510 2108 1534 2156 Einakter: „Komtesse Mizzi oder der Familientag“.
1525 2116 1773 2169 Ein echter
2546 2142 3089 2207 Die „Liebelei“ ein wirkliches
509 2150 1763 2198 Schnitzler. Eine echt wienerische Komödie. Eigentlich bloß eine
2556 2190 3084 2246 Wiener Volksstück, das
505 2191 1769 2247 dramatische Nichtigkeit. Und doch bedeutend durch all die wunder¬
2546 2229 3072 2289 früher im Burgtheater ge¬
509 2225 1769 2289 sam feinen, hübschen und glatten Dialogwendungen und nicht minder
2554 2260 3082 2321 geben wurde, hatte durch
506 2273 1770 2331 durch ihre Handlung, die so artig vorwärtsgeht und mit einem
2550 2307 3081 2365 die Aufführung im Volks¬
514 2305 1769 2368 sehr klugen Abschluß endet. Nicht zum erstenmal bringt Schnitzler,
2546 2341 3067 2410 theater zum mindesten nichts
502 2352 1764 2410 der feine und diskrete Beobachter der Wiener Gesellschaft, aristo¬
2547 2367 3083 2440 eingebüßt. Wenn Herr
513 2386 1775 2448 kratisches Milieu auf die Bühne. Da hat er sich in dem „Familien¬
2550 2415 3083 2479 Klitsch den Ehemann etwas
502 2414 1766 2470 tag“ wieder eine famose Gesellschaft zusammengestellt: den alternden
2560 2459 3082 2524 einfacher, ohne allzuvieles
509 2465 1771 2521 Grafen Pazmandy, dessen Tochter Mizzi, dessen Maitresse Lolo,
2554 2494 3080 2565 Augenrollen und Stirnrun¬
510 2507 1757 2549 den Fürsten Egon Ravenstein dessen Sohn Philipp und nicht zu
510 2544 1763 2597 vergessen den Professor Windhofer und den Fiaker Wasner. Er
2560 2540 3078 2608 zeln gegeben hätte, wäre
2569 2570 3086 2646 die Darstellung hier sogar
514 2583 1774 2643 versteht es wirklich meisterhaft, Bilder aus dem aristokratischen
2556 2606 3082 2677 besser gewesen wie im
506 2619 1768 2673 Leben zu entwerfen. Aristokratische Schwächen und Vorzüge kennt
2566 2651 3089 2721 Burgtheater. Fräulein Hanne¬
512 2662 1769 2702 er genau und mit ein paar knappen Worten gibt er uns einen Ein¬
499 2698 1774 2753 blick in die Welt des Scheins und der Genußsucht. Und diese
2556 2681 3107 2762 mann, Fräulein Waldow,
498 2739 1775 2775 Welt spielte uns das vortreffliche Ensemble des Deutschen Volks¬
2557 2731 3077 2804 die Herren Edthofer, Kramer
2559 2754 3117 2834 und Kutschera, namentlich +
512 2776 1762 2834 theaters täuschend vor. In erster Linie Kramer, der einen
2558 2822 3094 2882 Letzterer spielten vorzüglich.
515 2819 1759 2869 modern angehauchten Fürsten mit all seinen gesellschaftlichen Kom¬
2559 2851 3094 2924 In „Komtesse Mizzi“ unter¬
513 2858 1750 2912 pliziertheiten bravourös spielte; dann Thaller als Graf Pazmandy,
515 2895 1772 2952 eine köstliche Figur. Nur der ungarische Dialekt machte ihm
2569 2886 3090 2957 hielt sich das Publikum
515 2935 1774 2983 Schwierigkeiten. Die Mizzi der Galafrés war bis in die Fuß¬
2564 2931 3088 2993 gleichfalls ausgezeichnet
2571 2967 3094 3035 Aufrichtiges Bedauern er¬
508 2968 1787 3024 spitzen aristokratisch, auch die Herbheit des alternden Mädchens kam
504 3018 756 3052 ——.
2570 3000 3096 3065 regte die Anwesenheit mehre¬
2572 3045 3096 3113 rer junger Damen zwischen
504 3061 1766 3140 bei ihr gut zum Ausdruck. In der „Liebelei“ gab Kaethe Hanne¬
2576 3083 3097 3152 15 und 18 Jahren im Par¬
501 3098 1766 3170 mann die Christine. Anfangs sonderbarerweise etwas unsicher im
2573 3130 3095 3193 terre und auf dem Balkon.
507 3147 1769 3213 Spies, fand sie im dritten Akt für ihren großen Schmerz, den sie
2570 3160 3096 3219 Zu diesem Stücke sollten
495 3182 1770 3243 ungemein rühreno schlicht und seelenvoll svielte, die richtige Wärme
2574 3200 3099 3266 nur Damen, die das majo¬
500 3219 1777 3281 und Innigkeit. So sehr sie auch hier beschäftigt wird, ihren großen
2564 3237 3095 3306 renne Alter erreicht haben,
1959 3235 2511 3320 k „Kümmere dich um Amelie!“
506 3255 1768 3329 künstlerischen Wert scheint die Direktion noch immer nicht er¬
2570 3280 3105 3353 zugelassen werden. Gespielt?
1956 3293 2233 3359 r Josefstadt).
502 3287 1780 3363 kannt zu haben. Schnitzler wurde stürmisch gerufen. Bescheider
2577 3310 3094 3388 wurde von herren und7
2090 3304 2552 3393 Phot. L. Gutmann, Wien, IX.
505 3337 1155 3417 erschien er mit allen Darstellern.
1990 3356 3102 3438 Damen gleich vorzüglich. Auch an zahlreichen Hervorrufen“
1989 3401 3076 3485 des geistvollen Autors ließ es das Publikum nicht fehlen.
