3436 4256
274 132 426 227 21
2453 117 2898 229 box 26/1
1256 122 1351 208 00
424 142 2309 242 Kontesse Mizzierder- Fani#ientan
586 322 819 418 Nr. 187
1280 313 1621 425 Graz, Montag
2104 317 2626 424 Grazer Volksblatt.
1767 410 2958 495 freundlich auf. Bald kommt auch der „Schwiegersohn“. Eben¬
692 434 1681 549 Theater und Kunst.
1776 458 2972 526 falls illegal. Der Fürst Ravenstein hatte ein Verhältnis mit
1778 515 2976 582 Mizi und davon einen 17jährigen Sohn Philipp, den er bei
516 515 1442 610 roch Vom Theater.
1778 563 2978 649 fremden Leuten erziehen ließ und „adoptierte“. Deshalb also
643 601 1758 659 Im Stadttheater wird sich heute (Serie B) als Nanki Poo in
1831 619 2125 688 Familientag.
542 650 1757 703 „Mikado“ Herr Theodor Jäger vom neuen Operettentheater
546 700 1770 765 in Hamburg als Bewerber um die Vertretung des Tenorfaches
550 749 1769 806 in der Operette für das nächste Spieljahr vorstellen; im Theater
554 797 1771 847 am Franzensplatz wird „Madame Bonivart“ zahlreiche Besucher
544 847 1761 915 amüsieren. Morgen wird im Stadttheater „Das Modell“ ge¬
547 885 1759 962 spielt werden, im Theater am Franzensplatz die beiden Novi¬
543 952 1760 1003 täten „Salome“ und „Comtesse Mizi“, die bei ihren ersten
542 991 1764 1069 zwei Aufführungen vor ausverkauftem Hause in Szene gingen,
544 1047 1770 1088 wiederholt; die Salome wird viesmal von Frl. Weiser ver¬
542 1084 1761 1163 körpert werden. Mittwoch, neu einstudiert, im Stadttheater
560 1134 1769 1195 Millöckers „Armer Jonathan“. Mister Vandergold — Herr
554 1190 1762 1264 Theodor Jäger, im Theater am Franzensplatz über Wunsch
550 1239 1655 1319 mannigfacher Abonnenten der Serie A „König Oedipus“.
1026 1319 1303 1422 „Salome“.
644 1410 1759 1474 Die Oper von Richard Strauß hat auch das Interesse für
554 1467 1773 1522 das Schauspiel Wildes erregt. In Graz gewiß Es heißt von
563 1508 1769 1579 Strauß, er habe eines Tages Wildes Dichtung zur Hand ge¬
554 1556 1773 1628 nammen und sei schon von den ersten Worten so gepackt wor¬
558 1608 1763 1670 den, daß ar gleich zu komponieren begann. Mit poesievollem
554 1649 1770 1736 Bilderreichtum einer biblischen Sprache führt uns Wilde in
543 1714 1766 1781 die orientalisch schwüle, sinnlich erregte Welt am Hofe des
558 1760 768 1831 Herodes.
651 1796 1765 1875 Schlicht und einfach erzählt das Evangelium MNarkus und
550 1848 1762 1918 Matthäus) die Begebenheit. Hexodes gab den Obersten und
553 1905 1772 1971 Hauptleuten in Galiläa ein Abendmahl. Und die Tochter der
548 1958 1774 2023 Herodias tanzte und gefiel wohl dem König und denen, die
550 2005 1776 2067 am Tische saßen. Da sprach der König zum Mägdlein: Bitte
545 2052 1772 2114 von mir, was du willst, ich will dir's geben. Und schwur ihr
550 2102 1764 2164 einen Eid: Was du wirst von mir bitten, will ich dir geben,
542 2146 1766 2214 bis an die Hälfte meines Königreiches. Sie ging hinaus und
557 2203 1769 2258 sprach zu ihrer Mutter: Was soll ich bitten? Die sprach: Das
560 2248 1758 2305 Haupt des Johannes des Täufers. Und sie ging mit Eile zum
557 2297 1760 2364 König, bat und sprach: Ich will, daß du mir gebest jetzt so¬
548 2349 1762 2412 bald auf einer Schüssel das Haupt Johannes des Täufers. Und
554 2396 1769 2465 der Henker ging und enthauptete ihn im Gefängnis und trug
551 2443 1763 2528 her sein Haupt auf einer Secüssel, und gab es dem Mägolein,
543 2494 1327 2547 und das Mägdlein gab es der Mutter.
632 2530 1756 2608 Diese einfachen Zeilen haben seither viele Künstler mit
560 2583 1756 2639 Unruhe, Interesse und Grauen erfüllt, und in der Salome¬
551 2632 1770 2716 Gestalt eines der fesselndsten künstlerischen und psychologischen
542 2690 973 2759 Problemes geboten.
632 2711 1777 2802 Unsere Geschichtskenntnisse wissen, daß Herodes ein orien¬
548 2775 1768 2860 talischer Despot, aber auch eleganter, gebildeter Weltmann war,
546 2842 1765 2902 der am Hofe des Caligula und in Lyon römische Sitten kennen
549 2888 1770 2944 lernte, oft in Rom war, an der Tafel des Kaisers saß, die
543 2937 1767 2991 Prinzen und Prinzessinnen von römischen Lehrern erziehen
558 2977 1770 3036 ließ So gab es auch in Jerusalem ein prächtiges römisches
560 3037 1767 3087 Theater, an welchem Griechen spielten, vor den Toren war
549 3079 1756 3150 ein römischer Zirkus. Während der nationale Jude Körper¬
558 3137 1768 3198 pflege und Schönheitskult, Tanz und Spiel als Sünde haßte,
556 3172 1752 3230 freute sich daran sein König gleich Römern und Griechen
554 3225 1756 3283 Fahrende Tänzer und Fechter aus Griechenland und Rom
543 3269 1755 3325 waren in Jerusalem beim König stets freundlich ausgenommen.
562 3325 1768 3386 So wußte also Herodias durch Saiomes Tanz den furcht¬
545 3375 1359 3444 baren Ankläger Johannes zu verderben.
642 3415 1766 3487 In Sudermanns „Johannes“ folgt Salome dem Rate der
556 3468 1769 3531 beleidigten Mutter: das Haupt des Propheten zu fordern. Sie
560 3519 1754 3580 erwartet, er werde sie um sein Leben anflehen. Ihr Tanz ist
559 3568 1753 3632 eine Verzweiflungstat, und als sie das blutige Haupt sieht,
550 3609 1753 3671 wankt sie halb ohnmächtig ffort. Wilde hat in seiner von Suder¬
553 3669 1760 3728 mann unabhängigen, viel früher erstandenen Dichtung den Tod
549 3713 1770 3766 des Johannes nur von Salome herbeiführen lassen und aus
558 3753 1763 3825 dem Anstiften ein Billigen und Ermuntern der Mutter gemacht.
550 3805 1767 3870 So sehr die Katastrophe dadurch an Einheit gewinnt, ebenso
562 3861 1765 3916 zwecklos werden aber nunmehr die erschütternden Bußworte
550 3907 1760 3984 und Verdammungen des Propheten, die in der Bibel das eigent¬
549 3951 1133 4021 lich treibende Moment sind.
645 3989 1766 4067 Aus der weltgeschichtlichen Tragödie wird die Laune eines
551 4046 1763 4125 perversen Weibes, das nach dem blassen, bleichen Propheten
553 4101 1754 4165 mit schwarzem Haar und glühenden Augen sich sehnt, seinen
