3436 4128
2458 -6 2923 86 box 26/1
1054 39 1141 97 27
727 33 837 100 ∆S
286 19 2326 135 21. Kon M1oderderFaniTientag
572 124 1200 280 „UBSERVER
358 218 1464 353 I. österr. behördl. konz. Unternehmen für Zeitungs-Ausschnitte
503 288 1346 409 Wien, I., Concordiaplatz 4.
703 385 1134 462 Vertretungen
369 396 1455 540 in Berlin, Budapest, Chicago, Christiania, Genf, Kopen¬
372 463 1469 578 hagen, London, Madrid, Mailand, Minneapolis, New-Vork,
419 513 1417 600 Paris, Rom, San Francisco, Stockholm, St. Petersburg.
714 565 1154 634 (Guslienangabe onne Gewähr).
380 635 762 725 Ausschnitt aus:
634 651 1621 753 8 2. 10 Prager Abendblat
385 745 552 823 vom:
640 827 1301 940 Theater und Kunst.
569 924 1455 991 x. z. Deutsches Landestheater. Die beiden
480 928 1441 1037 ersten der gestern aufgeführten vier Einakterneuheiten
470 998 1426 1058 haben modern literarischen Urserung. „Der Traum
488 1039 918 1086 des Glücklichen“
968 1035 1430 1097 so nenut Fulda seine
475 1065 1426 1130 kleine „Phantasie“ — wird einem eben zur Erkenntnis
473 1108 1426 1174 der Untreue seiner Frau gelangten Ebemann von
476 1137 1435 1213 einem mitleldigen Freunde auf=hypnotisiert. In
474 1177 1433 1252 der Hypnose glaubt nun der Betrogene wieder an
472 1215 1433 1278 sein eheliches Glück. Das Stückchen ist minder dichte¬
479 1266 1419 1318 risch als szeuisch wirkungsvoll, zumal wenn es mit
474 1291 1430 1362 so viel Temperament auf Herrn Ounos und mil
466 1324 1425 1407 so viel Tlugheit von Herrn Fabers Seite darge¬
477 1357 716 1430 stellt wird.
561 1386 1434 1481 „Komtesse Mizzi“ die jüngste Schnitzler¬
2399 1419 3376 1514 dem die furchtbare Erkenntnis, daß er zu den Ge¬
469 1435 1436 1530 Heldin, guckt mit sehr fröhlichen Angen in die Well.
467 1488 1424 1550 Sie macht sich nicht die geringsten Gewissenssorgen!
2418 1464 3379 1564 hörnten gehört, einfach von einem Freunde weg¬
460 1519 1414 1581 wegen ihrer vor 18 Jahren begangenen Jugend= oder
2424 1531 3374 1608 hypnotisiert wird. Schnitzler führt uns einen in
465 1545 1427 1631 vielmehr Backfischsünde. Sie lebte und liebte damals
2421 1572 3365 1646 der Gesellschaft tadellos dastehenden Grafen vor, im
473 1595 1411 1659 eben mit leichlem Biute, gerade so wie Papa, der
467 1628 1412 1705 seinerseits mit „Frl. Lolo Langhuber“ auch so unge¬
2413 1623 3365 1713 schönsten Einvernehmen mit seiner früheren Mätresse,
470 1668 1425 1736 fähr „angebandelt“ hatte. Nur war das Töchterlein
2425 1672 3379 1745 mit seiner Tochter, die ledigerweise einen Sohn hot,
462 1713 1406 1770 scharfsichtiger wie der Vater; denn es wußte von
2423 1725 3364 1789 mit diesem Sohne selbst und mit dessen Vater; —
468 1744 1414 1816 den väterlichen Seitensprüngen, während „Papa
2421 1766 3380 1840 er nennt das Ganze einen „Familientag“, wie der
467 1776 1414 1851 Pazmandy“ die Kleine auf dem geraden Wege
466 1815 1407 1873 strenger Moral in tugendsamem Wandel glaubte. So
2423 1806 3371 1893 zweite Titel der Komödie lautet. Fürth exempli¬
462 1850 1415 1932 die Vergaugenheit der Beidev. In der Gegenwart
2428 1849 3384 1940 fiziert uns den Satz: wenn zwei Liebesleute nicht
459 1878 1408 1971 trifft es sich, daß „Papa Pazmandy“ zum „zweiten
2424 1906 3391 1991 genügend Kleingeld haben, um standesgemäß heiraten
465 1929 1410 2000 Male verwitwel“ da seine „Lolo“ sich mit
2430 1958 3379 2034 zu können, so leben sie einfach in wilder Ehe. Das
460 1962 1399 2036 einem braven Fiakerbälter verheiratet, und doß
463 2007 1409 2078 Komtesse Mizzi“ vom „Fürsten Ravenstein“, dem
2430 2006 3380 2083 französische Schlußstück ist so eine Art Purzelbaum
474 2041 1400 2108 Freuude ihres Vaters und einstigen Helden
2424 2047 3380 2118 mit einem der ältesten Possenmotive: Der Titelheld
457 2086 1410 2143 ühres vor achlzehn Jahren erfolgten Liebesabenteuers
2425 2099 3391 2175 legt sich als todt hin, erkennt in dieser Situation
468 2115 1404 2185 ihren Sohn, der dem damaligen heimlichen Bünduts
446 2156 1400 2219 entsprossen, als unumehrigen Maturanten vorgest lt
2430 2142 3392 2229 die ganze Gemeinheit seines Freundes, seiner
455 2191 1406 2261 bekommt. Der Jüngling ahnt na ürlich nicht, daß die
2438 2197 3397 2271 Geliebten, seines Dieners — und pfeift auf alle drei.
444 2227 1408 2302 sschöne Dame, die er sich gern zur Stiefmutter wünschte,
2426 2233 3392 2322 Die Aufführung der vier Einakter war sehr brav
453 2260 1386 2320 jseine wirkliche Mutter sei; er glaubt nur „Papas“
2436 2302 3389 2368 vorbereitet und fand bei dem ausverkauften und
443 2302 1386 2361 Meigung zu dieser Dame zu erraten. Und der geist¬
444 2339 1406 2405 ssprühende Satyriker Schnitzler eröffnet die Per¬
2429 2340 3395 2413 gut gestimmten Hause eine glänzende Aufnahme.
445 2380 1407 2455 Zpektive auf eine endliche legtlime Vereinigung des
2428 2389 3392 2457 Besonders gut gefiel „Komtesse Mizzi“, die von dem
450 2423 1392 2479 jglücklichen Elternpaares; „Komtesse Mizzi“ dürfte
2439 2452 3390 2514 Dramaturgen Dr. Eger inszeniert, die feine Eigen¬
437 2430 1393 2506 (dem Vater ihres Sohnes einen vierten Korb unn
449 2493 1389 2561 nicht mehr verabreichen; wenigstens scheint sie sich
2431 2475 3392 2558 art Schnitzlers vortrefflich zum Ausdruck brachte.
447 2522 1393 2588 ldoch vollends zur Ehe zu präparieren, da sie in
2433 2508 3401 2608 Frl. v. Helling war eine brillante Mizzi — ent¬
436 2567 1393 2623 (Guaden ihren letzten Liebhaber, den Malprofessor,
2432 2572 3389 2647 zückend und Schnitzlerisch kühl wie ein Hunde¬
436 2601 1385 2666 tentläßt. Der famose Schnitzler sei im Repertoire
2436 2633 3391 2696 schnäuzchen; die Herren Rittig, Löwe und
427 2650 1389 2705 zwillkommen. Die Derren Löwe und Rittig stellen
434 2668 1391 2737 tdarin liebenswürdig vornehme Tyven aus der „Ari¬
2432 2675 3396 2732 Balder, sowie Frl. Klein bildeten mit ihr ein
437 2714 1401 2777 istokratie“ auf die Szene. Herr Löwe ist feindiskret
2447 2721 3396 2800 sicher abgetöntes Ensemble. Fürth's „Wilde Ehe“
436 2749 1392 2805 ##in seinem zagen Verlegenheitston und Herr Rittig
2444 2774 3396 2844 wurde von den Herren Rittig und Viktora,
432 2789 1384 2846 zeigt sich von einer neuen Seite einfach eleganter Aus¬
1444 2772 2408 2846 ### Kgl. Deutsches Landes=Theateris#,
431 2818 1384 2879 drucksweise. Herr Balder hat den jungen Vorwitz
2436 2818 3405 2895 sowie von Frl. Niedt in den Hauptrollen zu starker
1595 2835 2389 2913 Volkstümliche Vorstellung¼ )
440 2853 1383 2909 des lebensfreudigen Studiosus, Frl. v. Helling die
1450 2839 1556 2927 3b
2435 2865 3401 2943 Bühnenwirkung herausgearbeitet. Glücklich trafen
442 2889 1378 2952 Aberlegene Sicherheit der liebes= und weltgewandten
1470 2901 2428 2963 „Der Traum des Glücklichen.“ Von Ludwig
2427 2916 3386 2998 die Herren Viktora, Paul Schütz und Hofer,
448 2922 1394 3004 „Mizzi“. Frl. Klein und Herr Fischer schließen
1463 2930 2431 3013 Fulda. — „Komtesse Mizzi. Von Arthur
436 2952 967 3041 die Reihe trefflicher Figuren.
2433 2964 3402 3035 sowie Frl. Erna Fels den grotesken Grundton des
1850 2991 2430 3055 „Wilde Ehe.“ Von Jakob
1472 2985 1780 3047 Schnitzler.
2439 3013 3389 3084 „seligen Oktave“. Zum Schlusse dürfen wir auch
1466 3038 2422 3098 Fürth. — „Der selige Oetave.“ Von Mi¬
2445 3056 3389 3122 die Herren Onno und Faber nicht vergessen, die
1475 3079 2431 3151 rande und Geraula. Deutsch von Hansen.
511 3070 1402 3175 Das um solgende Stack des Prager Autors I.
2444 3118 3396 3183 sich mit dem Fulda'schen Einakter die redliche Mühe
1606 3134 2310 3202 (Vier Einakter — Zum ersten Male.)
442 3115 1390 3201 [Fürlh sticht gegen Schnitzler ab. Es ist lang¬
2437 3163 3403 3238 gaben. Die Vorstellung dauerte weit über vier
446 3169 1391 3247 almig gearbeitet und sein Inhalt kann nicht den Ge¬
1548 3171 2421 3241 Wenn man in diesen vier Novitäten eine gemein¬
2433 3208 3397 3279 Stunden — für einen normalen Theaterabend mehr
447 3207 1375 3286 fallen jedes Hörers erwecken. „Die wilde Ehe“
1474 3231 2430 3288 same Idee sucht, so könnte es nur ein Motiv sein:
444 3246 1383 3319 die ein junges Paar miteinander eingehen „muß“,
3234 3253 3361 3322 P.R.
2447 3267 2685 3329 als genug.
1466 3276 2435 3339 die Ausschaltung unserer sozialen Ehrbegrisse über
441 3281 1387 3352 weil der leichtsinnige Bruder der Braut jene Summe
2510 3290 3399 3387 Klotilde Kleeberg, die auch in Prag hekannte
443 3324 1382 3379 verspekuliert, welchemit die Kaution bilden sollte bei ihrer
1472 3321 2433 3384 das Verhalten der Geschlechter zu einander — die
441 3355 1384 3424 Heirat mit dem Offizier, mag ja vielleicht hinter
2441 3360 3397 3435 Klaviervirtuosin, ist im Alter von 42 Jahren
1480 3363 2439 3434 traditionelle Note unserer Moderne. Fulda zeigt
447 3392 1393 3465 den Kulissen ganz glücklich ausfallen Was sich
1470 3401 2651 3480 uns in seinem Stückchen einen betrogenen Ehemann, I gestorben.
433 3427 1384 3504 indes vor den Kulissen abspielt, ist nicht gauz ge¬
423 3464 1390 3550 glückt, besonders nicht das Plaidieren für die Not¬
435 3511 1376 3575 wendigkeit der „wilden Ehe“ im Olfizierstande, wenns
438 3540 1371 3605 denn nicht anders sein kann! Für die Darsteller: die
442 3580 1376 3649 Damen Niedt, Baumgart, die Herren Rittig
427 3604 1369 3684 und Victora, mig das Spielen dieses Einalters
423 3657 1369 3721 nicht schmockhafter gewesen sein als einem Wild¬
422 3699 1212 3757 gerüchen abholden Publikum das Genießen.
496 3727 1377 3797 Um die elste Stunde lachte man noch über eine
417 3749 1366 3838 Komödie „Der selige Octave“ und über die
430 3800 1392 3893 Mitwirkenden Frl. Fels, die Herren Victora,
423 3836 778 3905 Hofer, Schütz.
