3436 4224
-22 2829 81 2887 ele
2476 75 2914 175 box 26/2
276 96 2328 201 21. Konlesse Mizzjoderder Fanirientag
573 1095 1895 1175 vorhanden, aber er ist lustig und nicht ohne Grazie, wenn auch etwas
1888 1115 3203 1210 timität des Sprechens läßt sich doch auch dann noch wahren, wenn man
199 1117 515 1213 us.
601 1146 1904 1211 umständlich. Wie bei der Kolusnuß ist für einen so kleinen Kern zu
1899 1171 2939 1222 etwas mehr Ton gibt und vor allem — schärfer artikuliert.
598 1193 1902 1264 viel Emballage. Dennoch schlug die Komödie kräftig ein und berei¬
203 1173 550 1289 Schnitzler.
1954 1201 3192 1289 Wie der letzte Alt eines großen Dramas mutet Oskar Wildes
598 1235 1902 1301 tete die beste Stimmung vor — nicht zuletzt dank der Darstellung,
1893 1238 3197 1306 „Florentinische Tragödie“ an. Der von einer Reise spät heim¬
224 1260 606 1341 einen Königsberger
601 1276 1901 1353 die nur noch im Tempo zu beschleunigen wäre. Der Benesiziant
1896 1279 3193 1368 kehrende Kaufmann Simone findet bei seiner Gattin Guido Bardi, den
197 1296 617 1385 Venefizabend
603 1326 1900 1397 spielte den Grafen, Frau Rosner aus der Fülle und Anschauung
1894 1337 3201 1398 Sohn des florentinischen Fürsten. Er durchschaut sofort die Situation
200 1367 615 1426 fte uns mit literari¬
597 1364 1890 1436 ihrer Natur, der nichts Menschliches fremd zu sein scheint, die Kom¬
1886 1385 3186 1450 und spielt voll lauernden Hohns mit seinen Opfern, bis er den Prinzen,
191 1398 607 1469 Pürde des Wertvollen
598 1420 1895 1489 tesse. Gleich ihr konnte auch Herr Schönemann als Fürst reizend
1881 1429 3196 1503 wie zum Scherz, zu einem Waffengang herausfordert. Bianca leuchtet
211 1456 611 1517 von großer Klugheit
605 1457 1890 1529 Wienerisch plauschen. Er hat damit auch sein Talent für „alte Herren“
1872 1459 3197 1563 den Fechtenden und flüstert dem Geliebten zu. den Gatten zu töten. Der
200 1507 1897 1558 Bugleich darftellerisch dokumentarisch beglaubigt — bis auf die schlechtsitzende weiße Pe¬
1892 1517 3188 1596 aber überwindet und erwürgt den Prinzen. Und nun geschieht das Wun¬
198 1555 1888 1611 us vier Stücken, die rücke, die unterm Strohhut ungefähr wie ein klinischer Kopfverband
1887 1561 3194 1653 derbare — wie Wilde es uns glaubhaft machen will. Das Weib bleibt:
201 1586 602 1654 der Weltliteratur zu¬
605 1596 1890 1659 aussah. Den Sohn dieser illegitimen Verbindung gab Herr Aldor
1893 1606 3182 1677 vor dem Sieger wie geblendet stehen und ruft mit ausgebreiteten Armen:
210 1637 607 1690 aut mit vier stark
604 1643 1897 1703 ganz nach Vorschrift „frech, aber fesch“. Frau Peppler brachte,
1883 1648 3201 1728 „Warum hast Du mir nicht gesagt, daß Du so stark?“ Ihm aber sinkt
192 1676 604 1737 Et dem merkwürdiger¬
592 1684 1892 1765 wohl wegen Besetzungsschwierigkeiten, als Lolo das Opfer, eine In¬
1884 1687 3198 1750 die zum tödlichen Streiche erhobene Hand, er küßt die Gattin und spricht
200 1722 593 1775 nsanftes Andante;
597 1718 1423 1790 bend zu markieren, die nicht die ihrige ist.
1878 1736 3193 1805 berauscht: „Warum hast Du mir nicht gesagt, daß Du so schön?“ Also
207 1759 608 1826 er Leidenschaft und
656 1764 1890 1826 Von stärkstem Kontraft hierzu war die folgende Dichtung des Por¬
1877 1781 3188 1860 Liebe und Haß im Wechsel einer Sekunde. Jeder fühlt wohl, was der
197 1803 601 1869 Enschlag. Die Stücke
602 1788 1891 1873 tugiesen Julio Dantas, die zum ersten Male vor neun Jahren im
1882 1827 3182 1897 Dichter — der ein großer Künstler, aber auch der größte Künsteler war —
201 1847 606 1910 enhang, doch spielte
603 1856 1896 1925 Theater Donna Amelia zu Lissabon aufgeführt worden ist: „Das
1883 1869 3180 1941 mit dieser Schlußpointe gemeint hat. Es ist kondensierte Psychologie,
207 1887 604 1955 ind so lebendig hin¬
594 1896 1880 1963 [Nachtmahl der Kardinäle.“ Hinter dem klangvollen Titel
1879 1916 3187 1973 die bei reicherer Entfaltung vollkommen wahr sein mag, in zwei dürftige
203 1934 592 2011 Fralnenner „Liebe“
592 1942 1881 2010 könnte man vielleicht eine Tragödie von der blutigen Farbe der Kardi¬
1880 1955 3187 2037 Verse gezwängt, aber doch nur wie ein witziger Einfall, wie eine epigram¬
593 1992 1893 2045 nalsmäntel wittern. ... Nichts davon; nur ein entzückendes Rokokobild,
1877 2005 3188 2053 matische Anekdote anmutet. Daher läßt die Szene, der wir bis zum be¬
204 2003 595 2092 nitzler, dem an
592 2030 1896 2097 das ohne dramatischen Nerv uns allein durch seine Stimmung gefangen
1877 2045 3189 2116 fremdenden Schluß mit stockendem Atem gefolgt sind, am Ende doch
216 2071 606 2140 se Stelle gebührt, da
598 2070 1898 2127 nimmt. Drei greise Kirchenfürsten speisen im Vatikan zur Nacht. Die
1880 2101 3184 2164 etwas kalt, und ich glaube, selbst die Kunst eines Kainz, der die Rolle des
200 2114 593 2182 Einigkeiten zu einer
600 2118 1889 2180 beiden älteren blicken voll naiven Neides auf den Jüngsten, einen Sech¬
1876 2137 3176 2205 Kaufmanns kreiert hat, konnte über diesen toten Punkt der sonst sinn¬
219 2148 594 2224 drei Jahren an die
588 2162 1881 2240 ziger. „Erst sechzig grüne Jahre; das ist der volle Lenz!“ Aus einem
1879 2174 3191 2248 berückenden Dichtung nicht hinweghelfen. Neben Roberts kraftvollem
213 2203 599 2262 ist neben „Literatur“
580 2205 1895 2284 politischen Wortwechsel, der mit dem Friedenskusse beigelegt wird, geht
1883 2220 3183 2275 Simone blieben Frl. Nähr und Herr Gerdes bescheiden im Hinter¬
214 2246 600 2308 Spiegel jener laxen
593 2250 1889 2321 die Unterhaltung in — Liebesbekenntnisse über. Die Alten schwelgen in
1879 2269 3183 2355 grunde, zum Teil auch durch die Schuld des Dichters, der dem Liebes¬
203 2284 600 2360 dernen Wienertums
592 2296 1885 2363 dem Glück der Erinnerung, dem einzigen Paradiese, aus dem wir nie
1880 2311 2971 2383 paar zu Anfang wenigstens eine Szene hätte geben müssen.
247 2332 593 2401 wirklich zu — so
593 2340 1893 2407 vertrieben werden können. Der Dreiundsiebziger war einst ein gefähr¬
1949 2357 3180 2438 Im Grunde genommen, behauptet einmal Alfred von Berger, han¬
207 2374 600 2444 sten Ravenstein, und
601 2382 1879 2465 licher Raufbold, den auch in der Liebe nur die Eroberung reizte; der
1880 2383 3184 2481 deln Schnißlers Theaterstücke samt und sonders nur von drei Din¬
211 2427 604 2487 Erhältnisse“ mit weni¬
590 2429 1398 2491 Sechziger singt eine Hymne auf den Esprit:
1869 2446 3173 2515 gen: vom Lieben, vom Sterben und vom Tomödiespielen. In Schnitz¬
210 2469 599 2524 r Graf schon seit bald
649 2469 1674 2545 Die Lieb' ist nicht Bravour; vor allem ist sie Geist
1864 2492 3182 2574 lers „Letzten Masken“ haben wir alle drei beisammen: Eros,
214 2496 610 2573 nicht vom Hochadel,
660 2514 1817 2596 Das Schwert bekämpft den Mann, und schön ist's, ihn bekriegen.
1880 2534 3180 2613 Thanatos und Dionysos. Der Inhalt des feinen Dramolets ist hier be¬
230 2556 604 2619 drollig, wie Graf
666 2552 1714 2631 Der Ger., vermag noch mehr: er lehrt das Weib besiegen.
1879 2575 3186 2631 kannt. Sein Held ist, wie man sich erinnern wird, ein armer, der Auf¬
217 2591 614 2669 heiraten will) um
659 2602 1882 2682 Zuletzt nimmt der Senior das Wort und erzählt von einer Liebe, die
1883 2621 3176 2681 lösung entgegensehender Journalist, der nach einem Leben voll Bitternis
212 2639 616 2712 ht, während dieses
594 2645 1879 2721 allzu früh der Tod getrennt. Damals ist auch er der Welt abgestorben,
1874 2663 3167 2740 und Demütigungen seinen früheren Freund, einen schalen Emporkömm¬
219 2687 601 2752 Vater ist und mit
597 2701 1886 2763 und aus der irdischen Sehnsucht erwuchs ihm die himmlische. Die Hörer
1877 2716 3184 2799 ling, durch ein einziges Wort vernichten will, dieses Wort des Hasses
218 2733 596 2802 igen Sohn verfügt.
588 2744 1888 2816 können sich der Tränen nicht erwehren, und die Frage drängt sich ihnen
1871 2754 3179 2829 dann aber mit in die Ewigkeit hinübernimmt: „Was geht mich sein
222 2775 601 2837 t, trifft an einem
598 2793 1880 2854 auf: „Hätt' von uns drei'n nur er, was Liebe ist, gewußt?!“ Dieses
1882 2794 3172 2874 Glück,“ sind seine letzten Worte, „was gehen mich seine Sorgen an?
212 2813 606 2883 Grafen zusammen:
598 2829 1880 2900 poetische Stücklein wird von dem ganzen Abend manchen am meisten an¬
1882 2845 3175 2918 Was hat ein Sterbender mit den Leuten zu schaffen, die morgen noch
210 2858 604 2936 biederen Fiaker, die
2354 2870 2451 2940 a0
593 2882 1871 2944 gesprochen haben. Die Regie hatte es in allen Teilen wundervoll abge¬
1871 2886 2396 2941 auf der Welt sein werden?“
2421 2903 3168 2958 — Dieser Einakter ist, wie Wildes „Sa¬
220 2910 599 2980 h gar nicht gesehen
594 2926 1879 2986 tönt, und so fiel es eigentlich gar nicht auf, daß die Darsteller ihrer Natur
1867 2933 3182 3005 lome“, ein rundes Meisterwerk, das auch gestern seine starke Wirkung
198 2937 606 3017 Wlientag! Er erhält
584 2958 1880 3031 nach gar nicht an ihrem Platze waren. Denn bei aller Delikatesse des
1870 2978 3181 3052 tat. Nur hatte ein Teil des Publikums zum Schluß offenbar das üb¬
205 3002 1890 3072 esse Mizzi sich an= Spiels ließ Herr Perlberg, der auch seine monotone Deklamation
1875 3021 3172 3095 liche Satyrstück erwartet und hielt sich nun an dieser kleinen Tragödie
204 3039 3178 3112 ie Hand zu reichen, noch etwas auffrischen müßte, doch zu wenig den verflossenen spanischen schadlos, indem es sie wie eine Animierposse aufnahm und behandelte.
209 3087 3180 3180 Flichen Freund, Hidalgo erkennen, ebenso wenig wie Herr Förster schon äußerlich der Herr Schönemann, der den „komischen“ Mimen mimte, hat dazu
215 3117 3185 3229 orten verabschiedet Typus eines durch Geist berauschenden Franzosen ist. Herr Robert] übrigens nicht die geringste Veranlassung gegeben, führte die Rolle im
210 3171 3177 3223 nd Kinder!“ Alsowirkte hier besonders durch seine vorzügliche Maske, sprach aber zu leise, Begenteil ebenso taktvoll wie charakteristisch durch und ließ uns wieder
224 3223 3172 3310 erschen Reigen nicht worüber in diesem kleinen Theater überhaupt oft geklagt wird. Die In¬ einmal bedauern, daß ein so sympathischer Künstler dem allgemeinen
