3484 4224
265 146 459 232 21.
2443 116 2884 210 box 26/1
436 122 2301 229 Kontesse Mizz 1oder der FaniLientag
1359 1308 2068 1384 —Ageschento settcn  —
333 1313 3321 1412 einwenden ließe, wenn nicht wichtige wirt= große Inanspruchnahme von Gemeindemitteln hätte aller deutschen Volksverlielr dieser in Kicneute
1327 1377 3325 1460 namentlich für die Grundbesitzer große Umlagen= wie wirtschaftlicher Richtung gleich hochwichtigen
334 1409 1328 1466 schaftliche Bedenken der Errichtung zweier
1327 1423 3256 1510 leistungen zur Folge, während tief eingreifende Aen= Angelegenheit zum endlichen Siege zu verhelfen.
334 1454 1336 1524 solcher kleiner unselbständiger Gerichtsbezirke entge¬
337 1490 598 1570 genständen,
1320 1495 2337 1558 derungen in sozialer und auf die landwirkschaftlichen
430 1524 1335 1603 Schon vor fast zwei Dezennien, zur Zeit der
1334 1536 2331 1601 Betriebsverhältnisse rückwirkender Richtung die Be¬
1320 1595 1394 1675 8250
2388 1630 3330 1713 Der Prager Schriftsteller ist Herr Jakob
1332 1653 2333 1708 unternehme. Gedankenvoll hören Wolfgang und das
2317 1693 3325 1749 [Fürth, sein Einakter trägt den Titel „Wilde
1128 1671 1256 1759 0
1336 1691 2330 1757 Publikum zu. Dann geht Wolfgang auf die Ter¬
623 1689 1147 1800 Vier Einakter.
2318 1736 3331 1799 [Ehe“. Ein Vorfall aus dem Leben des Offizier¬
1326 1736 2328 1794 rasse, seine Flöte ertönt, und Adalbert sinkt in einen
2323 1768 3320 1834 standes soll behandelt werden. Der Hauptmann
1334 1789 2320 1836 Traumschlaf, der durch den widerspenstigen, ver¬
423 1783 1273 1874 (Im Deutschen Landestheater.)
2315 1821 3331 1869 Gustav Mohr will nach fünfjährigem Verlöbnis
1338 1824 2325 1885 staubten, knarrenden Gazevorhang angedeutet wird.
2313 1858 3326 1915 endlich seine Braut Fräulein Marie Bauer, heiraten.
1343 1869 2334 1930 Hinter diesem Traumschleier sieht Adalbert, wie
416 1861 1344 1929 Man hat gestern in Prag vier Einakter zur
2326 1894 3324 1947 Sein Vetter, der Oberlentnant Ertl, hat thm ange¬
1334 1895 2324 1965 aus der dickgepolsteten Schlafzimmertür, mit dank¬
336 1921 1342 1965 ersten Aufführung gebracht: Das frostige Gelegen¬
2323 1928 3325 2003 kündigt, daß aus einer Familienerbschaft. 20.000 Mk.
1333 1949 2323 2007 baren Huldigungen, in weißem Anzug Fedor tritt.
336 1950 1342 2027 heitsstück eines literarischen Technikers, der einst als
2319 1985 3328 2034 ihm zufollen. Sie sollen die Hälfte der Heirats¬
1339 1998 2322 2048 Er läßt eine Rose fallen und schleicht hinaus in den
331 2000 1351 2064 großer Bühnendichter galt, eine kleine Possenszene
2321 2023 3338 2086 kaution bilden. Die anderen 20.000 Mk. gibt Marie,
1338 2025 2321 2087 Garten. Zu Adalbert, der erwacht, stöhnt und
334 2043 1343 2098 aus dem ältesten Motivbestand der Franzosen, ein
2319 2068 3335 2122 die in tapferer Entbehrung lange gespart hat. Die
1335 2071 2325 2133 schreit, eilt Wolfgang, der sich seine Gedanken macht,
334 2081 1347 2157 Stück eines Prager Schriftstellers und ein neues
2314 2109 3334 2183 frohe Möglichkeit soll gefeiert werden. Doch als der
1341 2117 2321 2175 aber sie ihm vorenthält und ihn noch einmal be¬
332 2129 1348 2187 Werk von Schnitzler. Wahlloser oder auch freier in
1337 2148 3336 2215 ruhigt. Wachend bleibt Adalberi zurück. Plötzlich jugendlich ungeduldige Hauptmann die Szene ver¬
339 2174 1348 2228 der Wahl zu sein, erscheint bald unmöglich. Konnte
1345 2187 3329 2256 erneuert sich die Szene von vorhin. Aber diesmal läßt, um mit seiner entsagenden Braut unter der
334 2216 1339 2265 nicht zu Schnitzler die „Tiefe Natur“ von Bahr
326 2266 3330 2310 und vielleicht etwas Auernheimer oder Salten ge¬kuarrt die Traumgaze nicht, es ist Wirklichkeit. In Bewachung ihrer Vermieterin, der „Frau Haupt¬
2321 2273 3337 2332 mann", ein Zimmersouper zu arrangieren, naht
336 2282 2332 2362 geben werden, damit die Stimmung nicht allzu oftl aller Wirklichkeit flieht der weiße Fedor aus der
2327 2316 3325 2370 Emil, Mariens Bruder, der ihr Geld in Händen
1337 2327 2331 2387 Kammer, eine wirkliche Rose entsinkt seinen müden
334 2336 1358 2402 zerfiel? Und wird man nicht wenigstens nachträg¬
2319 2356 3324 2416 hatte, mit einer Unglückspost. Er hat es unter¬
1348 2372 2319 2426 Händen. Adalbert ist zuerst gelähmt, dann tobt er.
341 2380 1350 2440 lich eins der vier Repertoirestücke ausscheiden, um
2532 2404 3337 2456 Die Hauptmannsbraut verzweifelt.
2321 2409 2559 2469 schlagen.
1335 2414 2340 2470 Umsonst nimmt Wolfgang die Rose vom Boden.
336 2419 1349 2480 die Vorstellung auf das übliche Maß herabzusetzen?
1337 2451 3332 2512 Die geöffnete Tür ist ein untrüglicher Beweis für Erst die „Frau Hauptmann“ die anfangs etwas ver¬
417 2461 1341 2531 Das Gelegenheitsstück stammt von Ludwig
1336 2481 3331 2555 das Geschehene. Da entsinnt Wolfgang sich eines dächtige Betriebsamkeit zeigt, dann jedoch zur Ver¬
334 2499 1344 2565 Fulda, ist im vorigen Winier in Hamburg, nie
2313 2523 3337 2583 treterin der im Stück enthaltenen Tendenzmoral
1334 2545 2332 2591 letzten Mittels. Er hypnotisiert den Freund und
329 2540 1349 2606 in Berlin gegeben worden und heißt „Der Traum
2327 2584 3328 2625 wird, tröstet das Mädchen. Sie entdeckt ihm, daß
1339 2579 2325 2641 schenke ihm tiefen Schlummer, aus dem er erinne¬
334 2590 1350 2658 eines Glücklichen“. Es ist in unpersönlicher
2322 2614 3334 2683 sie sie selbst mit ihrem verstorbenen Offizier nur in
343 2609 2331 2684 Prosa gehalten und nützt im Grunde einen Variété=rungslos morgen erwachen wird, ohne daß sein Glück
2315 2651 3338 2720 „wilder Ehe“ geleht hat, weil sie beide kein Geld
1333 2667 2334 2720 zerstört ist. Man sieht, daß Fulda ein Symbol
334 2675 1355 2742 effekt aus, wie sie viel kurzweiliger in Librettis für
1333 2700 3335 2756 wollte, aber die niedere Spannung, mit der er hatten. Marie läßt sich überzeugen. Und als ihr
346 2713 1351 2772 „Solonummern“ schon versucht worden sind. Nur
1344 2732 3336 2808 arbeitet, verwehrt es ihm Schal geht die Anekdote Bräutigam, der den Verlust erfährt, mit ihr sterben
345 2767 1346 2820 die Namen und die Einkleidung haben Fuldas laue,
2315 2781 3335 2856 will, schließt sie ihn stürmisch in ihre Arme, um
1341 2783 2331 2846 uns ein, und einige Momente, die die Krise in
339 2798 1337 2871 sehr laue Romantik, die in der Zeit der Mär¬
2329 2825 3338 2880 ohne Segen mit ihm zu leben. Das ickchen hat
1347 2841 2329 2887 Adalbert noch steigern sollen, enttäuschen dann um
333 2823 1339 2908 chendramen ihm auflog. In berauschender Sommer¬
2320 2867 3329 2919 in der Mitte eine Paufe, in der die Zühne leer
1343 2883 2333 2935 so mehr, als man merkt, daß alles blinder Alarm
338 2886 1357 2947 nacht kommt Adalbert in seine Villa, begleitet von
2318 2899 3323 2967 bleibt, während nebenan Marie sich eine Bluse an¬
1336 2914 2337 2977 war. Hier quälte sich Herr Onno als ächzender
348 2921 1353 3001 Wolfgang, dem Flötenspieler und Hypnotiseur.
2318 2937 3330 3011 zieht. Diese Pause wollte dem Antor gestern ver¬
1336 2955 2338 3015 Träumer. Herr Faber war als magischer Hypno¬
340 2968 1342 3045 Schwärmerisch erzählt er ihm von seinem Weibe,
1337 2985 3328 3055 tiseur nur ein phlegmatischer Schemen. Sehr trug hängnisvoll werden. Im übrigen ist der Einakter
339 3010 1348 3079 von Frau Margit, die dort hinter der dickgepol¬
1339 3023 3323 3103 zur Illusion Fedor, die Traumerscheinung, bei, die nach der Technik der „Schlager“ gearbeitet, kleiner
331 3051 1355 3116 sterten Tür ruhe, und die er nicht wecken könne,
1335 3087 3326 3131 hartnäckig auf der Bühne war, wenn der Vorhang Abfall von Sudermann und minderen Göttern. Die
336 3098 1360 3169 und von Fedor, seinem Herzensfreu#de, mit dem sie
2289 3127 3342 3202 1Sprache ist die Sprache der Zeitung, die Tenden##
333 3143 1565 3207 troß heitiger Abneigung einse Spaziergänge hochging.
