3436 4480
242 91 396 193 21
900 98 973 171 M
2425 102 2854 209 box 26/1
388 130 2279 216 Kontesse Hizzi-oder der FaniLientag
2814 1174 3365 1261 allen seinen Krümmungen
1664 1185 2832 1262 schem Anstand. Der Dialog, der scheinbar so anspruchs¬
498 1221 1677 1299 Technik, mit der es uns vorgeführt wird. Drei leichte
2829 1241 3359 1310 Der Held dieses Stückes w
1669 1246 2827 1321 los dahinfließt, ist reich an gedanklichen Schönheiten und
508 1266 1677 1342 kleine Akte, und geschrien wird erst ganz am Schluß.
2828 1290 3354 1357 der Inneren Stadt und i
1669 1296 2834 1370 eindringlicher Charakteristik. Beiläufig ist es der beste
503 1319 1665 1384 Keine jähen Ueberraschungen, keine effektvollen Abgänge,
2832 1332 3362 1396 Lockungen den Rücken un
1679 1337 2837 1417 Dialog, der seit Bauernfeld auf dem deutschen Theater
501 1336 1677 1457 keine Explosionen zum Aktschluß. „Undramatisch“, hat
2843 1379 3352 1447 stadt. Da verrät sich bere
1668 1386 2834 1470 gesprochen wur e, und ein wirklicher Dialog, das heißt
513 1405 1597 1473 man gesagt: „Keine Handlung.“ Keine Handlung
2843 1427 3300 1505 Schnitzlers Schaffen,
1674 1427 2839 1514 in Worten umgesetzte Charakteristik, kein bloßes Wort¬
514 1450 1676 1532 das sagt man nämlich immer, wenn ein Stück eine ver¬
2824 1470 3359 1533 wohl auch gesellschaftsfein
1671 1486 2826 1553 geplänkel. Und noch immer nimmt uns die melancholische
511 1500 1668 1567 nünftige, eine meuschliche Handlung hat. Muß man die
2825 1528 3352 1590 Jahren immer deutlicher he
1681 1533 2836 1597 Anmut dieses kleinen Geschehnisses gefangen, diese schlichte
509 1545 1673 1620 liebe Dichtung derartigen Einwänden gegenüber wirklich
2839 1571 3338 1643 späteren Stücke machten ;
1675 1576 2826 1660 Fabel, die ganz ohne Apparat, körperlos wie eine Melodie
507 1594 1672 1669 noch in Schutz nehmen? Muß man es ausdrücklich
2834 1612 3312 1689 wie Fritz Lobheimer,
1673 1630 2824 1695 ist, aber ebenso unzerstörbar. Noch immer ergreift uns das
516 1642 1674 1714 sagen, daß Theatralik etwas anderes ist und Dramatik
2834 1661 3365 1732 weiter, bis an die Perin
1681 1670 2843 1736 Schicksal dieses armen Mädels, das so unschuldig zum
504 1673 1676 1754 etwas anderes? Untheatralisch ist die Liebelei, aber
2824 1705 3358 1777 der Reichen und Vornehl
1664 1713 2833 1793 Handkuß kommt, dessen Liebster im Duell fällt, und sie
506 1730 1681 1790 dramatisch ist sie. Wer für ein buntes, wechselvolles
2833 1754 3327 1822 Volk vorüber, durchs
1674 1763 2829 1850 weiß nicht einmal, für wen. Noch immer geht es uns
506 1774 1674 1845 Geschehen auf dem Theater schwärmt, kommt allerdings
2835 1801 3337 1873 Aristokratie. Schon der
1681 1804 2836 1883 ans Herz, wenn das demütige, verliebte Geschöpf im
506 1821 1679 1905 nicht auf seine Kosten bei diesem Stück, bei dieser Art
2832 1848 3346 1915 draußen am „Einsamen
1669 1859 2832 1917 dritten Akt in die große Klage ausbricht, in die ver¬
516 1863 1678 1943 von Stücken. Solche Leute tun aber überhaupt besser, in
2824 1898 3350 1959 Landschaft versteckt, war
1676 1901 2838 1992 zweifelte Anklage: „Und ich? Was war denn ich?“ und
503 1921 1668 1978 ein Variété zu gehen. Da finden sie ein buntes wechsel¬
2833 1951 3342 2021 des Grafen Pazmandy, i
1680 1944 2841 2025 auf die Straße hinausläuft, in den Tod. ... Wienerisch
512 1949 1678 2033 volles Geschehen: Alle zehn Minuten eine neue Nummer,
2832 1994 3352 2064 ist nun vollends ein Sch
1671 2003 2835 2076 hat man diese zärtliche Ballade vom süßen Mädel
509 2012 1671 2083 und jede überraschend. Schließlich ist es ja auch wirklich
2839 2035 3362 2110 gebaut, vor dreißig Jahr
1683 2046 2838 2127 genannt. Warum eigentlich wienerisch? Es gibt eine
503 2061 1682 2131 möglich, daß diese feinere Art von Stücken niemals das
2838 2083 3351 2161 lich scheinen, daß dieser
1680 2089 2782 2171 kleine Novelle von Lascadio Hearn — Anata“ heißt sie —
518 2102 1680 2185 große Publikum anzieht. Indessen, wie die Theater heute
2836 2133 3359 2208 fliehen scheint, in sein
1675 2112 2841 2217 die einen ganz ähnlichen Frauencharakter unvergeßlich
513 2142 1671 2225 eingerichtet sind, wird ja niemand gezwungen hinein¬
2829 2177 3352 2253 Aristokratie mündet, al
1684 2187 2839 2269 rührend malt, nur daß die japanische Haru alle An¬
511 2194 1675 2289 zugehen. Und keineswegs kann es die Aufgabe der Kritik
2828 2228 3351 2300 wenn auch in einem
1684 2230 2836 2317 klagen, ihren ganzen Schmerz in ein einziges Wort:
520 2241 1678 2327 sein, auf die fehlenden Publikumsqualitäten einer Dich¬
2846 2268 3355 2349 Und es mag kurios an
1688 2278 2843 2371 „Anata!“ (du) preßt, und daß sie mit diesem ganz
513 2286 1678 2369 tung hinzuweisen. Das besorgt schon das Publikum, und
2844 2317 3358 2397 cuität einer Schlager=Miz
1685 2320 2850 2400 leichten Gepäck in den Tod hinübergeht. Es gibt eine
508 2351 1026 2433 zwar sehr nachdrücklich.
2835 2372 3341 2440 liche Vorurteilslosigkeit.
1686 2372 2840 2452 kleine Erzählung von Rudyard Kipling — „Lisbeth“ heißt
599 2357 1688 2468 Uebrigens hat dieses schlanke, schmächtige, beim ersten
2828 2388 3369 2492 wickelt. Das sieht parade
1686 2412 2844 2504 sie —, darin wird ein ganz ähnliches Frauenschicksal
513 2419 1688 2497 Anschauen wohl auch etwas dürftige Stück sich auf dem
2840 2466 3363 2536 Denn in Wahrheit ist di
1687 2460 2832 2549 nicht minder rührend entwickelt. Es gibt eine Oper von
525 2468 1690 2552 Theater viel besser behauptet als manches korpulente
2829 2507 3360 2584 kratie weit geringer, als
1680 2526 2842 2582 Puccini — „Butterfly“ heißt sie —, da greift uns schuld¬
529 2527 1680 2590 Theaterstück der alten Schule, das es dazumal, vor zehn,
2842 2554 3373 2629 kratie. Die Jungfer und
1690 2564 2842 2643 loses Leiden, das demütig getragen wird ganz ebenso
519 2561 1685 2667 zwölf Jahren, an die Wand drückte. Die „Liebelei“ ist jetzt
2845 2610 3347 2676 denselben Dialekt; nur
1682 2615 2833 2690 unmittelbar an die Seele. Da habt ihr die Schwestern
517 2614 1675 2686 über die Bühne des Vol stheaters gegangen, und niemand
2834 2648 3361 2723 bürgerlichen Gäste des H
1686 2661 2838 2727 Christinens: Haru, Lisbeth, Butterfly. Wienerisch ist nur
531 2665 1678 2731 hat bemerkt, daß sie älter geworden wäre. Das ist ein
2835 2699 3367 2773 reinen Hochdeutsch. Und
1694 2704 2842 2779 das Kleid des Stückes; aber der Leib, den es birgt,
520 2702 1686 2777 Vorzug der Schlankheit. Gerade, wenn man die „Liebelei“
2842 2744 3348 2818 im Dialekt zu sprechen,
1684 2751 2836 2837 der arme zuckende Menschenleib, ist völlig international, ist
522 2743 1688 2821 mit ihren theatralisch viel sichereren, frühreifen Alters¬
2832 2778 3340 2876 gewissen gesellschaftlichen
520 2789 1696 2870 genossinnen vergleicht, mit den „Müttern“ etwa oder mit
1692 2793 2841 2875 ewig, wenn man das pathetische Wort im Zusammen¬
2851 2848 3024 2926 lauben.
531 2845 1679 2921 der „Jugend“, merkt man den Unterschied. Die „Mütter“
1696 2829 2721 2952 hang mit dem Theater überhaupt gebrauchen darf.
2913 2869 3369 2959 Noch in einem ande
528 2886 1686 2985 sind trivial geworden, die allzu animalische „Jugend“ stößt
2840 2931 3360 3013 nichts als eine Weiterbi
523 2931 1635 3041 uns heute ab. Kaltgewordene Sinnlichkeit ist Ekel.
1766 2926 2840 3030 Von der „Liebelei“ zur Komtesse Mizzi“ ist ein
2840 2984 3370 3060 Liebeleigedankens. Jene
530 2955 1688 3080 Die „Liebelei“ allein hat ihren Reiz erhalten. Das macht:
1681 2989 2845 3088 weiter Weg, aber von der Terrasse des gräflichen Schlosses,
2827 3035 3365 3107 Christine nämlich, we
521 3030 1704 3106 ihre Jugend ist mit Geist gemischt, und Geist, das ist
1691 3029 2849 3128 das irgendwo draußen, in der Gegend des Lainzer
529 3075 1705 3152 ewige Jugend. Wohl sprechen die Personen wienerisch,
529 3132 3371 3238 aber es in ein Wienerisch von feinster Zucht und literari¬ Tiergartens gelegen sein muß, überblickt man ihn in hältnis war — de
