3436 4384
697 178 839 248 D S S
938 179 1158 249 M12Z
2434 176 2887 271 box 26/4
240 177 2277 277 21. Kont1oder der Fanilientag
981 847 1384 922 Zeitungs-Ausschnitte
487 908 1285 981 WIEN I, CONCORDIAPLATZ 4
726 971 1069 1043 Vertretungen:
316 1020 1434 1096 in Berlin, Basel, Budapest, Chicago, Cleveland, Christiania,
324 1076 1432 1129 Genf, Kopenhagen, London, Madrid, Mailand, Minneapolis,
323 1106 1419 1178 New-Vork, Paris, Rom, San Francisco, Stockholm, St. Peters¬
726 1154 1026 1208 burg, Toronto.
614 1175 1141 1253 (Quellenangabe ohne Oewähr.)
323 1240 789 1333 Ausschnitt aus:
492 1299 1324 1395 16. □K Tufali Zunbeetaesgesenen Samer
330 1336 498 1414 vom:
833 1368 1267 1468 nkfurt a. M.
1426 1539 3319 1655 färbte Dialog wirkte auf das Publikum wie ein förmlich an den Worten des Dialogs festgesogen
668 1533 1282 1653 Schnitzler und Ransen.
1421 1586 3322 1696 Schlafmittel und sowohl Herr Bauer als Grafso daß die perlenden Akte träge und langweilig dahin
449 1616 1411 1699 Komtesse Mizzi, Komödie in einem Akt von
1421 1625 2378 1713 wie Herr Bolz als Fürst taten nichts dazu, die
2373 1673 3326 1729 flossen. Fräulein Fuchs versuchte mit Aeußer
453 1665 1412 1756 AArthur Schnitzler. — Eine glückliche Ehe, Lust¬
1421 1672 2368 1756 unbehagliche Ruhe zu stören. Die überreife Gräfin
2373 1713 3324 1777 lichkeiten ihrer Aufgabe nahe zu kommen. Aber
512 1726 1373 1792 spiel in vier Aufzügen von Peter Nansen.
1417 1727 2369 1802 Mizzi gab Fräulein Lißl sehr routiniert, aber
2369 1758 3312 1827 sowohl das nervöse Strampeln auf dem Divan, wie
1419 1771 2366 1846 ohne jeden markanten Strich. Innerlich lebendig
445 1756 1403 1863 Erstaufführungen im Frankfurter Schauspielhause.
2370 1799 3323 1874 das unsympathische dem Hausfreund Auf=den=Pelz¬
1424 1815 2371 1892 geworden ist der Darstellerin die Figur nicht. Ihre
501 1828 1416 1908 Die Zusammenstellung des feinen Wiener
2371 1840 3316 1918 rücken, hatte nichts von der Feinheit, mit der der
1419 1857 2364 1929 Worte und Handlungen hatten so gar keinen Zu¬
2361 1884 3322 1959 Dichter die kleine Frau Nancy ausgestattet hat.
439 1860 1409 1954 Lebensschilderers mit dem elegantesten Dichter Däne¬
1415 1898 2364 1975 sammenhang. Fräulein Irmen war ein liebes
449 1925 1411 2000 marks, der seit einigen Jahren unter die Verleger
2364 1927 3316 2015 Das war nicht die niedliche Kopenhagenerin, die
1409 1949 2362 2015 naives Theatermädel, das mit einer Selbstverständ¬
2365 1974 3310 2044 ihren schwerfälligen Gatten mit berückendem An¬
449 1984 1408 2044 gegangen ist, war eine glückliche Ehe. Beide
1413 1988 2355 2059 lichkeit über die Klippen des Lebens tänzelt, die
2366 2017 3310 2090 stand betrügt, das war ein häßliches Liebeln und
447 2023 1406 2073 Dichter, Arthur Schnitzler und Peter Nansen, be¬
1417 2034 2364 2088 Lebenssünden sympathisch und die Moral philiströs
444 2059 1403 2118 rühren sich in ihren Ideenkreisen insofern, als sie
2361 2050 3308 2126 Animieren, wie es in einer ganz anderen Sphäre
1412 2078 2355 2142 erscheinen läßt. Herr Janßen, der den heim¬
432 2100 1409 2168 das Weib in seinen ursprünglichen Empfindungen
2356 2082 3315 2175 Brauch ist. Vorzüglich waren die beiden Herren
1419 2119 2350 2193 lichen Sohn des Fürsten und der Komtesse Mizzi
2367 2147 3317 2229 v. d. Becke, der den betrogenen Gatten, und Herr
442 2140 1401 2208 zeichnen, nur sind ihre Objekte grundverschieden.
1404 2149 2352 2241 spielte, hatte nichts von dem brausenden Uebermut
2360 2187 3308 2251 Lengbach, der den ersten Hausfreund spielte.
440 2187 1400 2258 Die Wienerin Schnitzlers sündigt mit dem Tem¬
1407 2218 2362 2283 eines mit Auszeichnung entlassenen Abiturienten.
432 2231 1399 2299 perament und rangiert sich mit dem Verstand, die
2356 2235 3315 2300 Fräulein Einzig fiel durch die lebensvolle Na¬
1408 2249 2345 2330 So hatte die kleine Komödie einen recht geringen
435 2281 1410 2352 Kopenhagenerin sündigt mit dem Verstand und
2355 2279 3319 2366 türlichkeit auf „mit der sie das Dienstmädchen der
1407 2282 1565 2353 Erfolg.
435 2317 1158 2393 rangiert sich mit dem Temperament.
2364 2321 3219 2395 Frau Nancy realistisch auf die Füße stellte.
1448 2335 2343 2431 Auf ganz ähnliche Weise totgespielt wurde das
2408 2363 3300 2444 Auch Peter Nansen errang naturgemäß nicht
492 2363 1396 2457 Im Familientag, wie der Untertitel von Kom¬
1411 2380 2346 2467 seine Lustspiel Peter Nansens, das mit einem
2358 2402 3308 2494 den Erfolg, den sein feines Kunstwerk verdiente.
430 2410 1393 2490 tesse Mizzi heißt, führt uns Schnitzler in eine
1398 2446 2348 2524 skeptischen Humor das dreieckige Verhältnis als
2353 2459 3298 2530 Es verließen sogar schon vor dem Schluß Zu¬
429 2469 1394 2533 grafliche Familie, die bloß aus Vater und Tochter
1399 2493 2343 2555 das einzigste Glück der modernen Ehe preist.
2351 2490 2996 2577 schauer gelangweilt das Theater.
426 2521 1396 2576 besteht. Die Zeit der Abrechnung mit den
3107 2516 3289 2581 F. R.
1403 2532 2351 2606 Wenn die Kopenhagener jungen Männer mit
424 2558 1399 2620 Jugendsünden ist gekommen. Die gräfliche Ge¬
1391 2568 2353 2655 Ueberzeugung erklären, daß sie keine Kopenhage¬
429 2607 1394 2665 liebte, eine richtige Theaterlolo, hat ihn verab¬
1404 2622 2353 2700 nerin heirateten, weil sie nicht treu sein können,
424 2642 1392 2715 schiedet und will heiraten. Die Jugendsünde der
2349 2627 3291 2726 Sn
1399 2654 2341 2746 so gibt Peter Nansen, der bewährte Frauen¬
420 2675 1387 2747 Tochter ist ein 17jähriger junger Mann, der eben
1390 2705 2347 2769 kenner, in seinem Lustspiel ein typisches Bild von
416 2725 1391 2794 seine Maturitätsprüfung bestanden hat und ihr
1393 2750 2361 2823 einer solchen Kopenhagenerin. die zwischen Tivoli
417 2769 1392 2842 von dem Genossen ihrer Jugendsünde, dem Fürsten
1393 2791 2353 2870 und Klampenborg jedem Mann zulächelt, der ihr
420 2811 1382 2876 Ravenstein, zugeführt wird. Der Fürst hat ihn
1391 2840 2355 2907 begegnet. Aber das feine Instrument des däni¬
423 2858 1390 2931 adoptiert und will nun auch die Komteß Mizzi
1389 2889 2354 2959 schen Poeten zerbrach in der harten Hand des
421 2896 1383 2972 heiraten, damit der junge Abiturient, ohne es zu
1393 2925 2348 3012 Frankfurter Regisseurs, der statt eines zauherisch
418 2932 1375 3015 ahnen, seine wirkliche Mutter bekommt. Mizzi
1383 2976 2351 3032 poetischen Schäferstündchens eine drastische
416 2986 1376 3054 ziert sich anfänglich ein wenig, dann wird sie ver¬
1386 3006 2344 3099 Courtisanenszene spielen ließ. Die süperben Details,
419 3029 1379 3110 nünftig und schenkt den Vorstellungen ihres Vaters
1382 3054 2345 3129 das liebenswürdig Süße dieser kleinen Frau, die
423 3079 1375 3148 Gehör, der natürlich von den inneren Zusammen¬
1386 3108 2346 3171 gewissermaßen aus Naturanlage einen Mann nach
420 3102 1381 3196 hängen keine Ahnung hat. Man wird nach Ostende
1379 3140 2339 3221 dem andern in ihre Turteltäubchenliebe einspinnt.
408 3138 1010 3225 reisen und sich dort verlöben.
1378 3181 2348 3276 ging völlig verloren. Derb und breit war diese
465 3202 1371 3269 Die Darstellung der peinlich verwickelten Fa¬
1377 3228 2342 3311 Regie, schwankhaft knallig wurden die tändelnden
414 3245 1381 3323 milienverhältnisse war schleppend und außerordent¬
1376 3269 2351 3347 Pointen des feinsten Kopfes Jungdänemarks
398 3284 2346 3388 lich schwerblütig. Die Exposition wollte kein Ende  unterstrichen. Dabei war kein Fortschreiten der
411 3354 2341 3454 ehmen. Der zäh dahinfließende, wienerisch ge= Handlung sichtbar. Die Darsteller hatten sich
