3436 4224
232 100 403 192 21
2424 77 2861 173 box 26/2
400 117 2266 211 Konlesse Mizzi oder der FaniLientag
1917 181 2816 291 Wirwekstulhet och 1.det aigerande wonen.
1929 265 2837 354 tet med en verksam sammandragning af
1935 330 2822 406 viljekraften. Hr de Wahl fick tillfälle
1937 354 2852 463 till en upprörd lyrisk scen. Däremot (
1943 430 2842 517 lyckades ej hr Palme afvinna mannens!
1894 469 1948 513 a
1922 472 2849 571 roll den artistiska själsro och öfverläg¬
1934 537 2616 620 senhet som situationen kräfver.
1973 587 2855 674 Det tredje stycket Pä Gröna papego-
1926 644 2855 727 jan' (Der grüne Kakadu) är en originell:
1916 709 2840 787 dramatisk tanke och ett talangfullt sce¬
1911 773 2844 861 „niskt experiment med massor. Diktaren!
1928 829 2826 900 utgär ifrän den uppfattningen, att lifvet
1926 884 2838 958 knappast uppdrar nägon bestämd gräns
1940 933 2827 1007 mellan verklighet och förställning och
1928 994 2824 1056 latt tillvaron är ett flytande kompositum
1930 1050 2829 1129 laf skädespel och natur. Han tar som
1030 1050 1933 1179 Meuter Sell Masik.
1939 1093 2821 1179 bakgrund ett historiskt ögonblick frän
1932 1159 2819 1224 revolutionstiden, stunderna innan Bastil¬
1212 1162 1850 1265 Dramatiska teatern.
1924 1208 2819 1289 Ijen stormades, och lyckas fä fram en nä¬
1240 1240 1805 1341 Ett Schnitzlerprogram.
1931 1257 2813 1333 stan ohygglig ironi genom att mot hvar¬
1941 1317 2814 1405 andra ställa skädespelare, som pä Pros¬
1107 1327 1944 1412 Dramatiska teaterns sista program be¬
1949 1379 2813 1459 pères värdshas spela förbrytare för att
1036 1360 1101 1456 1.
1093 1400 1946 1467 stär af tre enaktsstycken, författade af
1943 1436 2823 1520 skaffa adelsmännen en sensationell för¬
1074 1443 1943 1537 jen af ung-wienarnas främste representan¬
1938 1480 2825 1561 Inöjelse, och de förnäma kroggästerna,
1036 1514 1956 1583 1 Iter Artur Schnitzler — pä vära
1957 1553 2817 1629 som moraliskt äro hvad aktörerna en¬
1063 1549 1941 1641 Iscener förut känd genom det förtjusande
1945 1597 2814 1684 dast föreställa. Det är brokiga, färgstar¬
1030 1617 1956 1692 IdramatLiebelei'' (Alskog) och den in¬
1060 1656 2824 1742 Itressanta renässansfantasien ?Paracel.]ka bilder, lif och handling, sinnesrörelse,
1949 1715 2818 1796 och stämning, folkgruppstyper, historisk
1032 1732 1938 1801 n-Isus''. De nu pä Dramatiska teatern
1948 1764 2810 1851 intuition, nägot pä en gäng tragiskt, ko¬
1091 1781 1943 1869 gifna smä styckena stä icke alls i nägot
1952 1823 2809 1891 miskt och tragikomiskt. Detta egendom¬
1103 1844 1943 1925 trilogiskt förhällande till hvarandra men
1041 1872 1094 1925 lu
1101 1884 2806 1968 utgöra i sin skenbart godtyekliga sam-liga stycke, hvars häftiga lifsrörelse nä¬
1025 1921 1092 1977 a,
1031 1935 2805 2010 o-manställning ganska representativa proflgot erinrar om en veristisk operatext,
1091 1993 2815 2084 pä omfänget af och egendomligheten jsvar förträffligt iscensatt af hr
1094 2048 2820 2127 författarens Pramatiska framställnings-Linden och framfördes medryckande
1030 2095 1097 2136 18
1920 2087 2816 2179 Ihr Hedqvists eldiga och tempera¬
1036 2125 1242 2201 alkonst.
1935 2147 2475 2241 imentsfulla framställning.
1118 2160 1945 2253 Den första enaktaren Släktingar''
1961 2202 2866 2290 Publiken var pä grund af Svenska tea¬ #
1071 2199 1949 2305 (Comtezze Mizzi) är en scenisk novell
1939 2255 2861 2353 terns samtida premiär icke fulltalig men #
1066 2293 1942 2368 „om hemlig erotik med en hel serie af
1945 2319 2378 2409 mycket intresserad.
1052 2338 1939 2413 5-pikanta uppdaganden och öfverrasknin¬
2539 2342 2794 2446 S. 8—n.
1072 2401 1970 2459 gar. Den innehäller sannolikt realistiskt)
2770 2447 2889 2521 mhh
1085 2456 1953 2530 fattade eller skädade typer och fall ur
1084 2504 1968 2581 Wiens aristokratiska lif, men de äro sam¬
1021 2559 1968 2628 ##manförda med en ironisk afsiktlighet,
1027 2622 1970 2680 i-som förtar nägot af verklighetsintrycket.
1043 2667 1999 2747 1 Författarens reflexionslyrik och skepsis,
1030 2726 2011 2809 Uhans pä en gäng melankoliska och kailalz
1027 2802 2007 2868 lesuppfattning af kärlekskänslornas förän-g.
1046 2831 2019 2911 alderlighet och resignationens nödvändig-u.
1058 2900 2024 2991 het framträda här med utsökt finess 1g
1060 2949 2006 3045 Men stycket äger af drama föga mer än
1070 3012 2008 3095 den dislogiska formen. Af de spe-st
1074 3077 2014 3151 lande framträdde hr Fredrikson,in
1076 3129 2007 3207 som fortlarande visar en förvänande vi-h“
1041 3146 2006 3245 Igör, äfven dä det gäller att inöfva en nyfre
1030 3238 2011 3314 groll, och hvars eleganta och distinkta v
1073 3285 2008 3357 replikföring alltjämt kan tjäna somist
1070 3342 2008 3418 Imönster för de yngre skädespelarne, frö-ff.
1038 3403 1999 3480 ken Borgström, hvars kvinnofram- ##
1039 3452 2007 3517 oställningar alltid äga on feminin not aflb
1071 3500 2008 3593 psykologiskt intresse, samt hrr E. och G.s
1085 3567 1375 3644 Hillberg.
1134 3606 2000 3699 Damen med dolken?' (Die Frau mitld
1042 3671 2000 3757 (dem Dolche) visar en annan sida #f#f.
1046 3717 2000 3806 Schnitzlers sceniska skildringsform. Stof-la
1049 3795 2020 3887 Ifet är denna gäng högdramatiskt och ijk
