3436 4384
1051 278 1525 338 S
1695 318 2563 392 characters in both plars had caught the
893 327 1716 403 The programmethe Stage Society's
1711 357 2106 418 atmosphere“ of
2098 367 2318 423 the piece
2349 376 2576 437 It was a
858 368 1707 432 performance at the Aldwych Theatre yes¬
1721 394 2564 464 curious, puzzling afternoon; and on the schole
861 425 1702 490 terday afternoon consisted of two strongly
1711 439 2563 503 it left rather a bitter taste behind it. After
864 458 1489 519 contrasted works of the
1526 467 1700 516 Viennese
1714 481 2542 526 al, is such a piece as“ Comtesse Mizzi
862 495 1469 558 dramatist, Arthur Schnitzler.
1477 498 1707 555 The first
1714 516 2548 594 wonth writing? Does it make men’s hearts
851 537 1880 616 was the onc-act play,“ Comtesse Mizzi,?’ rejoice?
2544 557 2640 622 Be
859 573 1708 635 translated into English by Mr. H. A.
2282 585 2655 673 H. M. W. an¬
843 602 1701 674 Hertz, and a masterpiece of delicate in¬
2536 649 2673 709 the
845 648 1692 707 delicacy. At one moment sive persons
857 695 1691 757 were on the stage: Count Arpad Paz¬
2548 696 2658 741 Ro
1703 685 2538 780 LONDON SVMPHONY ORCHESTRA
2553 724 2652 779 Wa
850 723 1700 789 mandy, a widower, whose prolonged
1728 752 2665 817 The new work by Glazounov, produced bytric
846 756 1689 826 liaison with the actress, Lolo Langhuber,
730 789 847 854 Vales
1702 794 2647 858 the London Symphony Orchestra at theithi
849 815 1692 871 has just come to an end through that
1703 838 2550 901 Oucen’s Hall last night, proved to be of but
2553 851 2636 897 Mi
843 833 1695 900 damsel having decided to settle down and
1709 882 2642 946 moderate importance. It is called a sym- Bl:
843 890 1690 942 marry in her own class; Mizzi, the Count's
1697 914 2554 978 phonic pieture, with the descriptive title
844 933 1696 979 charming unmarried daughter, aged thirty¬
1694 945 2560 1006 * Spring. As a matter of fact, it is an
841 966 1692 1020 seven, who, unknown to her father, has,
721 967 839 1045 sty's
1694 1002 2555 1056 early work, Op. 34, and the music seems to
846 1000 1692 1058 eighteen vears before, had a liaison with a
2546 1034 2643 1084 ane
1703 1032 2531 1096 euggest a mensure of immaturity. But not
841 1035 1695 1099 certain Prince Egon von Ravenstein; the
2542 1078 2646 1124 Di¬
1695 1077 2535 1128 so much in the ideas as in the treatment.
844 1080 1683 1132 Prince himself, vcho has come to call on
2550 1109 2642 1164 SCC
1688 1098 2545 1168 The thematic material has great charm; it
838 1110 1688 1174 his old friend, the Count, and at the same
706 1107 823 1186 Iry
1699 1145 2639 1211 is the working-out which lacks interest and mu
838 1163 1688 1220 time has brought his naturai son, Philip,
2542 1195 2641 1248 tra
1695 1191 2552 1268 grip. The mere suggestion of a springlike
852 1201 1686 1255 with him, to introduce him to his mother,
706 1207 812 1290 ae
2541 1232 2649 1287 ext¬
1695 1233 2540 1287 mood in the music will not, of course,
847 1228 1694 1292 Mizzi; tne boy Philip, who chats charm¬
2537 1273 2647 1320 Per
1688 1265 2529 1330 balance the want of coherence of design;
843 1274 1677 1324 ingly to his mother without knowing his
1695 1304 2527 1367 one had in this work beginnings of things,
2536 1310 2639 1361 bet
836 1318 1677 1364 relationship to her: and Lolo, who has
1694 1342 2529 1408 fresh and pleasing, but too little was made
2549 1352 2636 1398 sel:
839 1351 1675 1401 come to say farewell to her old lover, and
2548 1388 2647 1440 :: S.
1690 1386 2547 1462 of them, and the picture, so to speak, was
835 1391 1677 1451 is welcomed warmly by the daughter, who
1684 1421 2528 1501 not held steadily and persistently enough be¬
2536 1429 2658 1487 rec.,
832 1411 1677 1488 whispers presently in her shell-like ear
1690 1457 2023 1513 fore one’s eyes.
2525 1463 2640 1513 con
830 1455 1684 1528 that she, too, Mizzi, has also“ had her
2529 1501 2635 1560 Wal
836 1502 993 1557 fling.“
1704 1497 2535 1569 The conductor last night was M. Wassili
1027 1505 1678 1568 And when four of these have
700 1497 839 1576 larden
1692 1519 2632 1603 Safonoff, and although the orchestra’s play-#the
831 1543 1679 1604 Kone, and Mizzi is left alone, there creeps,
692 1586 802 1646 tet
1689 1574 2629 1643 ing was rather ragged at times there was nol#ol
832 1594 1678 1649 rather stealthilv, into the garden a certain
2544 1620 2629 1673 6
695 1625 790 1670 lle
1689 1617 2552 1682 doubting the exhilarating nature of some of
833 1619 1678 1677 Professor Windhofer for a short talk with
1683 1657 2527 1720 the interpretations. It is, perhaps, question¬
836 1666 1670 1714 her; and lo and behold, we soon learn
2539 1663 2636 1714 par
1686 1693 2519 1756 able whether, technically, Safonoff gets the
2539 1707 2620 1751 the
827 1705 1677 1759 that her fling?' has by no means ended
1684 1729 2529 1799 best effects hv dispensing with the bäton;
2534 1741 2640 1802 SyHE
835 1724 1674 1788 with Prince Egon, and that Windhofer is
1686 1777 2531 1822 on the other hand, it is not every conductor
831 1776 1669 1834 only the latest of the pretty spinster's
1683 1810 2535 1876 who can get such emotional impulse out of
816 1803 1668 1875 many lovers. All this is set forth with the
2535 1810 2646 1879 thef
1680 1842 2638 1917 the orchestra. One would not lose that to#trag
827 1863 1677 1914 grace and wit of a crowned and completed
1679 1891 2626 1958 gain greater precision. Smctana's“ Ver- beg.
831 1901 1672 1949 civilisation; a settled and wise order of
1679 1926 2643 2004 kaufter Braut'' Overture was taken at as butt
825 1923 1670 1998 life. A more repulsive tangle is scarcely
1657 1964 2529 2032 Itremendous pace; too quickly, really, for
830 1973 1660 2041 concelvable; and yet nothing jars; there is
2519 1976 2640 2037 pres
1662 2005 2525 2054 iclearness, but the effect was extremely brac¬
824 2011 1662 2067 nougliness.“ Every onc is good-hearted,
2523 2016 2636 2072 I.),
1674 2040 2622 2108 ing in spirit. The 5-4 movement and thef in
826 2052 1665 2106 well-bred, and utterly immoral; and every
1674 2080 2634 2152 march in the Tchaikovsky symphony showed Nig
821 2078 1668 2144 little dilficulty seems soluble with a smile.
1669 2118 2625 2189 the conductor at his best (and orchestra, too). chaf
814 2115 1664 2181 The play is among the most graceful an
1665 2155 2528 2238 In both the rhrthms were swayed by an
828 2167 1665 2228 ihe most corrupt we have ever seen, 3
2518 2171 2559 2217 a
1671 2190 2517 2267 einotional feeling rarely heard. In che first
822 2205 1654 2265 masterpiece, as we have said, of delicate
2523 2196 2644 2261 dras
1664 2229 2633 2315 movement the phrasing of the sccond sub- aud:
816 2253 1642 2299 indelicacy, a thoroughly dangerous play—
660 2229 800 2310 pera
1661 2265 2280 2342 ject was remarkably expressive.
822 2286 1667 2350 to those who accept it as a faithful pie¬
824 2313 1071 2379 ture of life.
664 2353 820 2418 mance)
1209 2356 1302 2430 **
657 2398 780 2446 lace
2505 2382 2615 2449 Ma,
1665 2389 2520 2488 The Things That Matter
854 2406 1666 2477 The second was the cne-act plav of the
2517 2437 2624 2485 zest
2518 2470 2638 2523 * S4
818 2464 1656 2507 French Revolution,“ Der Grüne Kakadu!
1747 2450 2522 2532 The agitation to buy the Crystal
815 2503 1667 2560 (" The Green Cockatoo''), translated into
2513 2508 2619 2566 to 4
1699 2498 2507 2595 Palace for 4230,000 still gocs on; and
800 2534 1665 2602 English by Miss Penelope Wheeler. It is
639 2526 797 2606 NN.
2512 2554 2659 2617 ratis
1702 2559 1959 2625 meanshile—
815 2579 1669 2633 the night of July 14, 1789, and the streets
2506 2592 2618 2648 the
818 2617 1672 2686 of Paris are echoing withthe guns that are
1735 2603 2627 2693 Really beautisul and priceless things Ition¬
649 2647 807 2711 ree-act
819 2658 1667 2716 battering down the gates of the Bastille. In
1695 2660 2617 2732 are either being destroyed or are being.)of e
812 2697 1668 2752 the cellar of the Cockatoo tavern, however,
688 2695 806 2747 Vice¬
1706 2705 2637 2780 taken out of the country. The cost #f appe
816 2734 1668 2787 a group of careless, heedless aristocrats have
691 2736 808 2785 Very
1702 2742 2627 2821 the ugly Crystal Palace would preser#e# tals:
819 2777 1667 2828 assembled to sec the dramas which the land¬
655 2769 819 2825 ayne's
1710 2770 2639 2872 many of tuem. Also #e hare no ##¬####
658 2795 1653 2871 gester- lond produces mightly with the help of the
2539 2831 2618 2880 Tt
647 2848 1668 2903 iterial-Ptatterdemalion and corrupt crew of male and
1700 2837 2504 2904 ships. This sum—deseribed as
2495 2864 2624 2925 hard
645 2883 1661 2931 Fanner Pfemale flotsam and jetsam sho haunt the
1722 2886 2495 2954 paltry—ould purchase si#r first¬
2504 2904 2629 2963 1107
650 2927 1658 2981 onable place, Presently they find that onc of these
1704 2924 2503 3006 class airships. True, the one thing
2508 2951 2616 2992 basse
801 2954 1658 3018 dramas is setting forth the murder of a cer¬
641 2964 801 3012 nodern
1703 2973 2491 3045 would be paid sor out of rates, und the
2510 2981 2608 3042 latig
655 3001 1652 3053 enness # tain Duc de Cadignan bv one Henri, posing
2509 3021 2620 3075 Thel
1700 3025 2504 3094 others out of taxes; but both rates and
643 3044 1664 3094 on thelas a wronged and jealous husband; and
2500 3056 2612 3116 peac
1691 3055 2499 3126 taxes mean the public pocket. I'e
647 3071 1663 3139 leasant  they find Henri’s performance eveselingly
2493 3105 2613 3156 horn
810 3115 1664 3184 convineing. Suddenly the Duc himsell ap¬
1691 3096 2505 3183 have no# in France, and will probably
646 3116 809 3166 his in¬
2495 3142 2620 3205 strin
815 3149 1656 3213 pears, and Henri rushes at han and stabs
660 3155 810 3208 a far
1679 3152 2606 3237 have immecliately in Germany, an the
645 3180 1648 3250 festive- him in the back so that he falls dend. At
1688 3195 2596 3272 erample of genuine seis-sacrisice onthe
633 3227 1652 3285 ent-dag #that the aristocrats feel slightl disturbed.
1683 3243 2626 3316 the part of the individual eitisen for hapt
799 3255 1648 3326 However, they have enjoyed“a new sensa¬
684 3275 798 3321 man
1683 3283 2493 3357 the public good; but there is abso¬
2488 3295 2592 3354 in
811 3306 1641 3364 tion,?' so thev are not seriously affected;
679 3307 787 3361 find
1697 3324 2490 3401 lutelv no sign that the average
2490 3332 2624 3389 theit
807 3342 1654 3411 and finally they return to the carriages
688 3352 790 3401 and
1685 3369 2614 3447 Englishman is prepared to make anz havi¬
807 3381 1646 3435 which are no deubt awaiting them outside,
634 3383 787 3440 udgery
795 3409 1638 3477 and a wild-eved Citizen leaps upon a table
2495 3418 2603 3470 this
1689 3418 2499 3492 saerisice for anything, except amuse¬
626 3421 800 3480 eal bis
805 3457 1637 3509 and proclaims that the People are King!
2495 3457 2604 3512 since
1690 3465 1834 3521 ment.
1825 3466 2483 3532 It has not happened in my
803 3493 1651 3554 Such is an outline of the more obvious part
2487 3497 2614 3563 larl.
620 3499 790 3558 It is a
1683 3510 2501 3580 time that the individual eitisen has
800 3531 1658 3601 of the storv; but there is a great deal more
622 3536 791 3592 nd it is
1682 3555 2503 3622 been required to make a real sacrisice
802 3565 1638 3629 in it that is not quite so clear—at anv rate,
622 3577 1640 3661 trongly at a first hearing. The picture, however, of
1678 3601 2500 3661 of anz kind. Dur generalion has had
2517 3595 2605 3665 Tk.
620 3619 673 3665 I8
779 3639 1648 3713 a licentious and morbid aristocracy, and a
1679 3644 2481 3708 a pery easy time. In these circum¬
2490 3644 2619 3701 crud¬
623 3659 1643 3747 d with#o less depraved and desperate mob, is
2482 3694 2574 3742 the
1674 3693 2481 3749 stances the average man really must
612 3695 798 3754 zince in
787 3727 1646 3791 suflicientlr vividto leave the spectator rather
2486 3732 2579 3778 the
1668 3729 2476 3801 try to rediscover the true proportion of
635 3743 1634 3827 repre-surprised, in the end, that the Vicomtes and
2477 3760 2588 3820 the
1674 3774 2471 3848 things, and decide, for example,
603 3772 1635 3856 ve girl, Marquises should have been allowed to
2490 3805 2598 3856 mac
1676 3820 2475 3887 zehether a protecied home, or an
617 3811 1650 3890 ie crlist ##escape. Probably Viennese taste would not
2478 3842 2608 3909 sing.
613 3852 1648 3946 her life have submitted to such a massacre of
1670 3874 2481 3945 unprotected Crystal Palace, is his most
2488 3887 2582 3938 did
614 3888 791 3944 to love
797 3894 1026 3955 aristocrats.
1680 3913 2275 3975 urgent need at the moment.
2484 3908 2603 3969 mak
613 3918 783 3978 ness to
1159 3940 1270 4021 *
2483 3963 2602 4021 ing.
636 3965 796 4028 e, who
1726 3964 2472 4033 W'e can easily afford to have bothk;
2487 4005 2599 4055 chor
600 3995 794 4065 ne, cast
825 3996 1635 4074 In each play the acting was polished and
1674 4011 2480 4080 the decenev to be observed is, eohich
2480 4041 2599 4092 cihe
600 4046 797 4109 aint of
790 4031 1644 4110 effective. The oaly fault that could be sound
1662 4048 2109 4120 #e are to have first.
2470 4074 2597 4132 The
782 4086 1647 4153 with the Mizzi of Miss Ketberine Pele was
2085 4085 2605 4176 Frnsor Yonxe. clost
754 4192 1628 4270 What cnused these intersecting wrinkles 10
1627 4229 2590 4296 the mountain refuse of the lce Ages; the The¬
765 4250 2548 4340 appear on the brow of the great land plat-mountains themselves are built ofthe organic is
591 4206 753 4331 Ar.
765 4296 2266 4359 #fermof the Old Werld? The iden that i and inorganic dust of the seas.
2468 4325 2580 4363 mon
