<?xml version="1.0" encoding="UTF-8" standalone="yes"?>
<PcGts xmlns="http://schema.primaresearch.org/PAGE/gts/pagecontent/2013-07-15" xmlns:xsi="http://www.w3.org/2001/XMLSchema-instance" xsi:schemaLocation="http://schema.primaresearch.org/PAGE/gts/pagecontent/2013-07-15 http://schema.primaresearch.org/PAGE/gts/pagecontent/2013-07-15/pagecontent.xsd">
    <Metadata>
        <Creator>prov=University of Rostock/Institute of Mathematics/CITlab/Gundram Leifert/gundram.leifert@uni-rostock.de:name=ONB_Newseye_GT_M1+(htr_id=10810)::::v=2.4.2
prov=University of Rostock/Institute of Mathematics/CITlab/Tobias Gruening/tobias.gruening@uni-rostock.de:name=de.uros.citlab.module.baseline2polygon.B2PSeamMultiOriented:v=2.4.2
prov=University of Rostock/Institute of Mathematics/CITlab/Tobias Gruening/tobias.gruening@uni-rostock.de:name=/mnt/transkribus/LA/DEA/URO/LA_news_onb_att.pb:de.uros.citlab.segmentation.CITlab_LA_ML:v=2.4.2
Transkribus</Creator>
        <Created>2019-10-07T11:18:58.661+02:00</Created>
        <LastChange>2019-10-08T03:57:43.014+02:00</LastChange>
        <TranskribusMetadata docId="223967" pageId="9496911" pageNr="230" tsid="16500430" status="IN_PROGRESS" userId="40391" imgUrl="https://files.transkribus.eu/Get?id=GJKVJQQAEBQFZQQIYTTKYPBK&amp;fileType=view" xmlUrl="https://files.transkribus.eu/Get?id=FWMMXMPGDNQYQMRVXYWNXEMT" imageId="6187138"/>
    </Metadata>
    <Page imageFilename="223967_0230.jpeg" imageWidth="3344" imageHeight="4352">
        <ReadingOrder>
            <OrderedGroup id="ro_1711440144493" caption="Regions reading order">
                <RegionRefIndexed index="0" regionRef="r1"/>
                <RegionRefIndexed index="1" regionRef="r2"/>
            </OrderedGroup>
        </ReadingOrder>
        <TextRegion orientation="0.0" id="r1" custom="readingOrder {index:0;}">
            <Coords points="170,155 170,314 331,314 331,155"/>
            <TextLine id="r1l1" custom="readingOrder {index:0;}">
                <Coords points="155,263 216,271 236,288 258,282 266,292 294,290 300,297 309,288 318,297 345,299 350,199 313,194 289,202 277,189 249,197 241,190 213,192 172,227 157,226"/>
                <Baseline points="170,255 196,256 223,256 250,257 277,258 304,260 331,264"/>
                <TextEquiv>
                    <Unicode>21.</Unicode>
                </TextEquiv>
            </TextLine>
            <TextEquiv>
                <Unicode>21.</Unicode>
            </TextEquiv>
        </TextRegion>
        <TextRegion orientation="0.0" id="r2" custom="readingOrder {index:1;}">
            <Coords points="346,202 346,3558 2775,3558 2775,202"/>
            <TextLine id="r2l1" custom="readingOrder {index:0;}">
                <Coords points="920,252 938,248 948,254 981,253 987,247 1008,246 1006,188 988,189 982,183 976,183 958,187 943,202 918,200"/>
                <Baseline points="935,249 964,245 993,247"/>
                <TextEquiv>
                    <Unicode>2</Unicode>
                </TextEquiv>
            </TextLine>
            <TextLine id="r2l2" custom="readingOrder {index:1;}">
                <Coords points="330,307 2626,265 2790,247 2789,168 328,201"/>
                <Baseline points="346,274 467,272 588,271 710,269 831,268 953,267 1074,266 1196,265 1317,264 1439,262 1560,261 1681,259 1803,257 1924,255 2046,252 2167,250 2289,246 2410,242 2532,237 2653,232 2775,226"/>
                <TextEquiv>
                    <Unicode>Kontesse Mi#z1oder der Fanilientag box 26/3</Unicode>
                </TextEquiv>
            </TextLine>
            <TextLine id="r2l3" custom="readingOrder {index:2;}">
                <Coords points="1457,987 1539,972 1615,988 1633,973 1715,991 1770,967 1855,973 1855,928 1825,931 1801,912 1682,915 1640,930 1524,902 1457,908"/>
                <Baseline points="1472,961 1498,961 1524,961 1550,962 1577,962 1603,962 1629,963 1656,963 1682,963 1708,963 1734,963 1761,963 1787,963 1813,962 1840,961"/>
                <TextEquiv>
                    <Unicode>Bühne und Welt.</Unicode>
                </TextEquiv>
            </TextLine>
            <TextLine id="r2l4" custom="readingOrder {index:3;}">
                <Coords points="927,980 957,984 990,1006 1002,997 1030,988 1036,991 1045,982 1066,986 1067,931 1052,931 1028,918 1013,930 1001,927 994,933 982,933 970,920 949,932 943,926 928,925"/>
                <Baseline points="942,971 969,972 996,972 1023,972 1051,974"/>
                <TextEquiv>
                    <Unicode>468</Unicode>
                </TextEquiv>
            </TextLine>
            <TextLine id="r2l5" custom="readingOrder {index:4;}">
                <Coords points="921,1099 2397,1062 2396,1001 2280,991 920,1023"/>
                <Baseline points="935,1082 1007,1081 1079,1080 1151,1079 1224,1078 1296,1077 1368,1076 1441,1075 1513,1074 1585,1072 1658,1071 1730,1070 1802,1069 1874,1067 1947,1066 2019,1064 2091,1063 2164,1062 2236,1060 2308,1059 2381,1057"/>
                <TextEquiv>
                    <Unicode>vom Satirischen zum Unvornehm=Witzblattmäßigen auf dem Schreibtische</Unicode>
                </TextEquiv>
            </TextLine>
            <TextLine id="r2l6" custom="readingOrder {index:5;}">
                <Coords points="924,1146 2409,1128 2408,1083 2277,1066 923,1097"/>
                <Baseline points="939,1130 1011,1130 1084,1130 1156,1130 1229,1129 1302,1128 1374,1128 1447,1126 1520,1125 1592,1124 1665,1122 1738,1121 1810,1119 1883,1118 1956,1116 2028,1115 2101,1114 2174,1113 2246,1112 2319,1111 2392,1110"/>
                <TextEquiv>
                    <Unicode>Lothar Schmidts zu finden gleichfalls nicht erwartet hätte. Ueberhaupt</Unicode>
                </TextEquiv>
            </TextLine>
            <TextLine id="r2l7" custom="readingOrder {index:6;}">
                <Coords points="925,1185 2401,1176 2351,1113 924,1145"/>
                <Baseline points="941,1181 1013,1181 1085,1180 1157,1180 1230,1179 1302,1178 1374,1177 1447,1176 1519,1175 1591,1174 1664,1173 1736,1171 1808,1170 1880,1169 1953,1167 2025,1166 2097,1164 2170,1163 2242,1161 2314,1160 2387,1158"/>
                <TextEquiv>
                    <Unicode>befolgt das Autorenpaar keinesfalls die Voraussetzung der Groteske, die</Unicode>
                </TextEquiv>
            </TextLine>
            <TextLine id="r2l8" custom="readingOrder {index:7;}">
                <Coords points="931,1232 2404,1211 2339,1161 930,1183"/>
                <Baseline points="945,1231 1017,1231 1089,1230 1161,1230 1233,1229 1306,1228 1378,1227 1450,1226 1522,1225 1594,1224 1667,1222 1739,1221 1811,1219 1883,1218 1955,1216 2028,1215 2100,1213 2172,1211 2244,1209 2316,1208 2389,1206"/>
                <TextEquiv>
                    <Unicode>da lautet: Irgendeinem bekannten Milieu, einem gangbaren Berufskreise</Unicode>
                </TextEquiv>
            </TextLine>
            <TextLine id="r2l9" custom="readingOrder {index:8;}">
                <Coords points="934,1285 2383,1272 2400,1211 933,1233"/>
                <Baseline points="949,1282 1020,1280 1092,1278 1164,1276 1236,1275 1308,1273 1380,1272 1452,1271 1524,1271 1596,1270 1668,1269 1739,1269 1811,1268 1883,1268 1955,1267 2027,1266 2099,1265 2171,1264 2243,1262 2315,1261 2387,1259"/>
                <TextEquiv>
                    <Unicode>sind Komplikationen, Verstrickungen abzusehen, die durchaus möglich sind</Unicode>
                </TextEquiv>
            </TextLine>
            <TextLine id="r2l10" custom="readingOrder {index:9;}">
                <Coords points="924,1346 2409,1295 923,1297"/>
                <Baseline points="939,1331 1011,1330 1084,1328 1157,1326 1230,1325 1303,1323 1375,1322 1448,1321 1521,1320 1594,1318 1667,1317 1739,1316 1812,1315 1885,1314 1958,1313 2031,1312 2103,1311 2176,1310 2249,1309 2322,1308 2395,1307"/>
                <TextEquiv>
                    <Unicode>und doch ein komisches Gesicht zeigen. So was machten side iuree der</Unicode>
                </TextEquiv>
            </TextLine>
            <TextLine id="r2l11" custom="readingOrder {index:10;}">
                <Coords points="929,1375 2411,1350 2410,1295 929,1339"/>
                <Baseline points="944,1379 1016,1378 1089,1377 1161,1376 1234,1375 1307,1374 1379,1372 1452,1371 1524,1369 1597,1368 1670,1367 1742,1365 1815,1364 1887,1363 1960,1362 2033,1360 2105,1359 2178,1358 2250,1357 2323,1356 2396,1356"/>
                <TextEquiv>
                    <Unicode>Deutsche Gerhart Hauptmann und der Franzose Georges Courteline. So</Unicode>
                </TextEquiv>
            </TextLine>
            <TextLine id="r2l12" custom="readingOrder {index:11;}">
                <Coords points="940,1440 2080,1431 2404,1408 2404,1365 939,1379"/>
                <Baseline points="954,1428 1025,1427 1097,1425 1169,1424 1241,1423 1312,1422 1384,1421 1456,1420 1528,1419 1599,1418 1671,1416 1743,1415 1815,1414 1886,1413 1958,1412 2030,1411 2102,1410 2173,1408 2245,1407 2317,1406 2389,1404"/>
                <TextEquiv>
                    <Unicode>was machen auch Lothar Schmidt und H. Ilgenstein in einzelnen Punkten</Unicode>
                </TextEquiv>
            </TextLine>
            <TextLine id="r2l13" custom="readingOrder {index:12;}">
                <Coords points="941,1484 2408,1466 2407,1408 941,1441"/>
                <Baseline points="957,1478 1028,1476 1100,1475 1172,1473 1244,1472 1316,1471 1387,1469 1459,1467 1531,1466 1603,1465 1675,1464 1746,1462 1818,1461 1890,1460 1962,1458 2034,1457 2105,1456 2177,1455 2249,1454 2321,1453 2393,1452"/>
                <TextEquiv>
                    <Unicode>ihres Schlußaktes, wenn der vermeintliche Tote erwacht und die Kritik</Unicode>
                </TextEquiv>
            </TextLine>
            <TextLine id="r2l14" custom="readingOrder {index:13;}">
                <Coords points="940,1543 2395,1518 2413,1466 940,1485"/>
                <Baseline points="955,1527 1027,1526 1099,1524 1171,1523 1243,1522 1316,1520 1388,1519 1460,1518 1532,1517 1604,1515 1677,1514 1749,1513 1821,1512 1893,1511 1965,1509 2038,1508 2110,1507 2182,1506 2254,1505 2326,1504 2399,1502"/>
                <TextEquiv>
                    <Unicode>der Verfasser freier und vornehmer wird. Vorher aber ist die Satire</Unicode>
                </TextEquiv>
            </TextLine>
            <TextLine id="r2l15" custom="readingOrder {index:14;}">
                <Coords points="930,1586 2373,1583 2414,1500 929,1547"/>
                <Baseline points="945,1582 1017,1580 1090,1577 1163,1575 1235,1572 1308,1570 1381,1568 1453,1566 1526,1564 1599,1562 1672,1561 1744,1559 1817,1558 1890,1557 1962,1556 2035,1555 2108,1555 2180,1555 2253,1555 2326,1555 2399,1556"/>
                <TextEquiv>
                    <Unicode>grobklecksig, neuruppinerisch: — ich denke an die Bilderbogenfabrikation</Unicode>
                </TextEquiv>
            </TextLine>
            <TextLine id="r2l16" custom="readingOrder {index:15;}">
                <Coords points="945,1637 969,1633 1003,1651 1075,1622 1139,1639 1182,1626 1206,1634 1248,1627 1248,1600 1187,1574 1153,1590 1105,1579 1020,1580 983,1593 944,1585"/>
                <Baseline points="959,1625 984,1624 1009,1623 1034,1622 1059,1621 1084,1621 1109,1620 1134,1620 1159,1620 1184,1619 1209,1619 1234,1620"/>
                <TextEquiv>
                    <Unicode>dieser Stadt.</Unicode>
                </TextEquiv>
            </TextLine>
            <TextLine id="r2l17" custom="readingOrder {index:16;}">
                <Coords points="1031,1674 2404,1667 2403,1591 1030,1631"/>
                <Baseline points="1047,1673 1114,1672 1181,1671 1248,1670 1315,1669 1382,1667 1449,1666 1516,1664 1583,1663 1650,1661 1718,1660 1785,1658 1852,1657 1919,1655 1986,1654 2053,1652 2120,1651 2187,1650 2254,1649 2321,1648 2389,1648"/>
                <TextEquiv>
                    <Unicode>Der Regisseur der Aufführung, den der Theaterzettel verschweigt,</Unicode>
                </TextEquiv>
            </TextLine>
            <TextLine id="r2l18" custom="readingOrder {index:17;}">
                <Coords points="940,1743 2410,1695 2315,1655 939,1658"/>
                <Baseline points="955,1725 1030,1724 1106,1723 1182,1722 1257,1721 1333,1719 1409,1718 1485,1716 1560,1715 1636,1713 1712,1711 1788,1710 1863,1708 1939,1706 2015,1705 2091,1703 2166,1702 2242,1700 2318,1699 2394,1698"/>
                <TextEquiv>
                    <Unicode>hatte amüsante Spielzeugschachtelfarben und einen frech und laut karikie¬</Unicode>
                </TextEquiv>
            </TextLine>
            <TextLine id="r2l19" custom="readingOrder {index:18;}">
                <Coords points="936,1772 2215,1775 2412,1756 2412,1716 935,1729"/>
                <Baseline points="951,1774 1023,1773 1095,1772 1167,1771 1240,1770 1312,1769 1384,1768 1456,1766 1529,1765 1601,1763 1673,1762 1745,1760 1818,1759 1890,1757 1962,1756 2034,1755 2107,1753 2179,1752 2251,1750 2323,1749 2396,1747"/>
                <TextEquiv>
                    <Unicode>renden Ausdrucksstil gewählt. Darstellerische Aufgaben waren nicht zu</Unicode>
                </TextEquiv>
            </TextLine>
            <TextLine id="r2l20" custom="readingOrder {index:19;}">
                <Coords points="936,1838 2418,1809 2416,1754 2316,1750 934,1771"/>
                <Baseline points="949,1822 1021,1821 1094,1821 1166,1820 1239,1819 1312,1818 1384,1817 1457,1815 1530,1814 1602,1813 1675,1811 1748,1810 1820,1809 1893,1807 1966,1805 2038,1803 2111,1802 2184,1800 2256,1798 2329,1795 2402,1794"/>
                <TextEquiv>
                    <Unicode>lösen. Immerhin zeigten die Leistungen der Herren Retzbach (Polizei¬</Unicode>
                </TextEquiv>
            </TextLine>
            <TextLine id="r2l21" custom="readingOrder {index:20;}">
                <Coords points="945,1877 2236,1864 2421,1854 2420,1806 944,1838"/>
                <Baseline points="959,1873 1031,1871 1103,1870 1176,1869 1248,1868 1320,1866 1393,1865 1465,1864 1537,1862 1610,1861 1682,1860 1754,1858 1827,1857 1899,1855 1971,1854 2044,1852 2116,1851 2188,1849 2261,1847 2333,1846 2406,1844"/>
                <TextEquiv>
                    <Unicode>präfekt), Paschen (der Mörder=Graf) und Ziegel gute Simplicissimus¬</Unicode>
                </TextEquiv>
            </TextLine>
            <TextLine id="r2l22" custom="readingOrder {index:21;}">
                <Coords points="951,1928 2400,1918 2417,1853 950,1885"/>
                <Baseline points="967,1919 1038,1919 1110,1918 1182,1917 1254,1916 1325,1914 1397,1913 1469,1912 1541,1910 1612,1908 1684,1907 1756,1905 1828,1904 1899,1902 1971,1901 2043,1900 2115,1899 2186,1899 2258,1898 2330,1898 2402,1899"/>
                <TextEquiv>
                    <Unicode>Allüren. Und Fräulein Wüst hatte sehr naturalistische Akzente für die</Unicode>
                </TextEquiv>
            </TextLine>
            <TextLine id="r2l23" custom="readingOrder {index:22;}">
                <Coords points="937,1993 2313,1978 2437,1954 2436,1894 935,1917"/>
                <Baseline points="951,1968 1024,1968 1098,1968 1171,1967 1245,1966 1318,1964 1392,1963 1465,1961 1539,1959 1612,1958 1686,1955 1759,1954 1833,1952 1906,1951 1980,1950 2053,1949 2127,1949 2200,1949 2274,1950 2347,1951 2421,1953"/>
                <TextEquiv>
                    <Unicode>Zeichnung einer Figur, deren unverkennbaren „Strich“ man sicher schon</Unicode>
                </TextEquiv>
            </TextLine>
            <TextLine id="r2l24" custom="readingOrder {index:23;}">
                <Coords points="951,2032 1929,2017 1927,1959 1869,1939 1830,1964 950,1978"/>
                <Baseline points="967,2015 1014,2016 1061,2016 1108,2016 1156,2016 1203,2016 1250,2015 1297,2014 1345,2014 1392,2013 1439,2011 1486,2010 1534,2009 1581,2007 1628,2006 1675,2005 1723,2004 1770,2003 1817,2002 1864,2001 1912,2000"/>
                <TextEquiv>
                    <Unicode>auf einer Zeichnung Heinrich Zilles gesehen hat.</Unicode>
                </TextEquiv>
            </TextLine>
            <TextLine id="r2l25" custom="readingOrder {index:24;}">
                <Coords points="1047,2077 2420,2064 2418,1970 2315,2008 1046,2022"/>
                <Baseline points="1061,2062 1128,2062 1195,2063 1262,2063 1329,2062 1397,2061 1464,2060 1531,2059 1598,2057 1665,2055 1733,2053 1800,2051 1867,2050 1934,2048 2001,2047 2069,2045 2136,2044 2203,2044 2270,2044 2337,2044 2405,2045"/>
                <TextEquiv>
                    <Unicode>Aber Alfred Halm scheint der Werbekraft dieser Satire nicht recht</Unicode>
                </TextEquiv>
            </TextLine>
            <TextLine id="r2l26" custom="readingOrder {index:25;}">
                <Coords points="950,2137 2401,2114 2427,2044 949,2088"/>
                <Baseline points="963,2116 1035,2116 1108,2114 1180,2114 1253,2113 1325,2111 1398,2110 1470,2109 1543,2107 1615,2106 1688,2105 1760,2103 1833,2102 1905,2101 1978,2099 2050,2098 2123,2096 2195,2095 2268,2094 2340,2093 2413,2092"/>
                <TextEquiv>
                    <Unicode>zu trauen; denn er hat sich zur Unterstützung seines älteren und am</Unicode>
                </TextEquiv>
            </TextLine>
            <TextLine id="r2l27" custom="readingOrder {index:26;}">
                <Coords points="955,2168 2367,2156 2421,2109 954,2135"/>
                <Baseline points="969,2165 1040,2164 1112,2163 1184,2162 1256,2161 1328,2160 1400,2158 1472,2157 1544,2155 1616,2154 1688,2153 1759,2151 1831,2150 1903,2149 1975,2148 2047,2146 2119,2145 2191,2144 2263,2144 2335,2143 2407,2142"/>
                <TextEquiv>
                    <Unicode>eigenen häuslichen Herde gemachten Repertoirestückes („Wer hat dich,</Unicode>
                </TextEquiv>
            </TextLine>
            <TextLine id="r2l28" custom="readingOrder {index:27;}">
                <Coords points="952,2217 2353,2208 2428,2151 952,2175"/>
                <Baseline points="969,2213 1041,2213 1113,2213 1185,2212 1257,2211 1329,2210 1401,2209 1474,2207 1546,2206 1618,2204 1690,2202 1762,2200 1834,2198 1906,2197 1979,2195 2051,2193 2123,2192 2195,2191 2267,2190 2339,2190 2412,2190"/>
                <TextEquiv>
                    <Unicode>du Heiligenwald, aufgebaut so hoch da droben?“), den dreiaktigen</Unicode>
                </TextEquiv>
            </TextLine>
            <TextLine id="r2l29" custom="readingOrder {index:28;}">
                <Coords points="956,2261 2386,2250 2425,2198 955,2219"/>
                <Baseline points="972,2267 1047,2264 1123,2263 1199,2260 1274,2259 1350,2257 1426,2255 1502,2254 1577,2252 1653,2251 1729,2250 1805,2249 1880,2248 1956,2246 2032,2245 2108,2244 2183,2243 2259,2242 2335,2240 2411,2239"/>
                <TextEquiv>
                    <Unicode>Schwank „Das Familienkind“ verschrieben, das jüngste Kind aus der</Unicode>
                </TextEquiv>
            </TextLine>
            <TextLine id="r2l30" custom="readingOrder {index:29;}">
                <Coords points="958,2313 2432,2308 2403,2242 958,2271"/>
                <Baseline points="974,2318 1046,2315 1118,2313 1190,2311 1262,2309 1334,2307 1406,2305 1478,2303 1550,2302 1622,2301 1695,2299 1767,2298 1839,2297 1911,2296 1983,2295 2055,2294 2127,2294 2199,2293 2271,2293 2343,2292 2416,2292"/>
                <TextEquiv>
                    <Unicode>rastlos sich vermehrenden, kaninchenhaft anwachsenden Familie Fritz</Unicode>
                </TextEquiv>
            </TextLine>
            <TextLine id="r2l31" custom="readingOrder {index:30;}">
                <Coords points="952,2379 2397,2354 2421,2304 950,2312"/>
                <Baseline points="965,2366 1037,2363 1109,2361 1181,2359 1253,2357 1325,2355 1397,2353 1469,2352 1541,2350 1613,2349 1686,2347 1758,2346 1830,2345 1902,2344 1974,2343 2046,2342 2118,2341 2190,2339 2262,2338 2334,2338 2407,2336"/>
                <TextEquiv>
                    <Unicode>Friedmann=Fredrichscher Lustspiele, die heute, wo das Theaterpublikum</Unicode>
                </TextEquiv>
            </TextLine>
            <TextLine id="r2l32" custom="readingOrder {index:31;}">
                <Coords points="950,2428 2420,2389 2358,2341 949,2376"/>
                <Baseline points="966,2416 1037,2412 1109,2409 1181,2407 1253,2406 1325,2404 1397,2402 1468,2401 1540,2400 1612,2399 1684,2398 1756,2397 1828,2396 1900,2395 1971,2394 2043,2393 2115,2391 2187,2390 2259,2388 2331,2386 2403,2384"/>
                <TextEquiv>
                    <Unicode>mit dem Theater lieber durch Dünn als durch Dick und Dünn geht,</Unicode>
                </TextEquiv>
            </TextLine>
            <TextLine id="r2l33" custom="readingOrder {index:32;}">
                <Coords points="960,2478 2424,2437 2423,2389 2292,2388 959,2427"/>
                <Baseline points="976,2465 1047,2462 1119,2459 1191,2457 1262,2455 1334,2453 1406,2452 1477,2450 1549,2449 1621,2447 1693,2446 1764,2445 1836,2444 1908,2443 1979,2441 2051,2440 2123,2439 2194,2438 2266,2437 2338,2435 2410,2434"/>
                <TextEquiv>
                    <Unicode>jeder Direktor gern auf Lager nimmt. Die Wirkungen des neuesten</Unicode>
                </TextEquiv>
            </TextLine>
            <TextLine id="r2l34" custom="readingOrder {index:33;}">
                <Coords points="954,2513 2351,2501 2426,2454 953,2477"/>
                <Baseline points="969,2514 1041,2511 1113,2509 1185,2507 1257,2505 1329,2503 1401,2502 1474,2501 1546,2499 1618,2498 1690,2497 1762,2495 1834,2494 1906,2493 1979,2491 2051,2490 2123,2488 2195,2486 2267,2484 2339,2481 2412,2478"/>
                <TextEquiv>
                    <Unicode>F. F. F. — ich glaube, man wird, da wohl noch zahlreiche Nachliefe¬</Unicode>
                </TextEquiv>
            </TextLine>
            <TextLine id="r2l35" custom="readingOrder {index:34;}">
                <Coords points="964,2576 2382,2552 2414,2482 962,2515"/>
                <Baseline points="978,2563 1049,2561 1120,2559 1191,2556 1262,2555 1333,2553 1404,2551 1475,2549 1546,2548 1617,2546 1689,2545 1760,2543 1831,2542 1902,2541 1973,2540 2044,2539 2115,2538 2186,2538 2257,2537 2328,2537 2400,2536"/>
                <TextEquiv>
                    <Unicode>rungen der gleichen Fabrikationsmarke bevorstehen, diese „Auszeichnung“</Unicode>
                </TextEquiv>
            </TextLine>
            <TextLine id="r2l36" custom="readingOrder {index:35;}">
                <Coords points="965,2614 2433,2611 2431,2554 2346,2537 964,2566"/>
                <Baseline points="980,2610 1051,2609 1123,2606 1195,2605 1267,2603 1339,2601 1411,2599 1483,2597 1555,2596 1627,2594 1699,2592 1770,2591 1842,2589 1914,2588 1986,2587 2058,2586 2130,2585 2202,2584 2274,2583 2346,2582 2418,2582"/>
                <TextEquiv>
                    <Unicode>ein für allemal akzeptieren können — sind übrigens wesentlich be¬</Unicode>
                </TextEquiv>
            </TextLine>
            <TextLine id="r2l37" custom="readingOrder {index:36;}">
                <Coords points="968,2670 2435,2633 2221,2589 967,2616"/>
                <Baseline points="982,2659 1057,2657 1133,2654 1209,2652 1284,2650 1360,2649 1436,2647 1512,2645 1587,2644 1663,2643 1739,2642 1815,2640 1890,2639 1966,2638 2042,2637 2118,2635 2193,2634 2269,2633 2345,2631 2421,2629"/>
                <TextEquiv>
                    <Unicode>schaulichere und liebenswürdigere als die jener „Vergnügungsreise", von</Unicode>
                </TextEquiv>
            </TextLine>
            <TextLine id="r2l38" custom="readingOrder {index:37;}">
                <Coords points="968,2723 2398,2694 2433,2632 966,2669"/>
                <Baseline points="982,2709 1053,2706 1125,2705 1197,2703 1269,2702 1341,2700 1413,2699 1484,2697 1556,2696 1628,2694 1700,2693 1772,2692 1844,2690 1916,2689 1987,2687 2059,2686 2131,2685 2203,2683 2275,2681 2347,2679 2419,2677"/>
                <TextEquiv>
                    <Unicode>denen ich bereits an dieser Stelle sprach, und die, für meinen Geschmack</Unicode>
                </TextEquiv>
            </TextLine>
            <TextLine id="r2l39" custom="readingOrder {index:38;}">
                <Coords points="965,2764 2432,2730 2431,2678 964,2704"/>
                <Baseline points="980,2756 1051,2754 1123,2753 1195,2752 1267,2750 1339,2749 1410,2747 1482,2746 1554,2744 1626,2742 1698,2741 1769,2740 1841,2738 1913,2737 1985,2735 2057,2734 2128,2733 2200,2732 2272,2731 2344,2730 2416,2730"/>
                <TextEquiv>
                    <Unicode>wenigstens, eine Mißvergnügensreise war. Auch hier darf man gewiß,</Unicode>
                </TextEquiv>
            </TextLine>
            <TextLine id="r2l40" custom="readingOrder {index:39;}">
                <Coords points="963,2813 2409,2788 2435,2727 962,2770"/>
                <Baseline points="977,2803 1049,2803 1121,2802 1193,2801 1265,2800 1338,2799 1410,2797 1482,2796 1554,2794 1626,2792 1699,2791 1771,2789 1843,2788 1915,2786 1987,2784 2060,2783 2132,2782 2204,2781 2276,2780 2348,2779 2421,2779"/>
                <TextEquiv>
                    <Unicode>wenn einem die (verzeihen Sie das harte Wort) „Grundidee“, die Ge¬</Unicode>
                </TextEquiv>
            </TextLine>
            <TextLine id="r2l41" custom="readingOrder {index:40;}">
                <Coords points="965,2862 2414,2850 2437,2780 964,2813"/>
                <Baseline points="981,2854 1053,2853 1125,2851 1197,2850 1269,2848 1341,2847 1413,2845 1485,2844 1557,2842 1629,2841 1702,2839 1774,2838 1846,2836 1918,2835 1990,2834 2062,2833 2134,2832 2206,2830 2278,2830 2350,2829 2423,2829"/>
                <TextEquiv>
                    <Unicode>schichte von dem Ehepaar, das seinen bereits vollzogenen Ringwechsel</Unicode>
                </TextEquiv>
            </TextLine>
            <TextLine id="r2l42" custom="readingOrder {index:41;}">
                <Coords points="963,2907 2400,2893 2444,2835 962,2864"/>
                <Baseline points="979,2905 1051,2904 1124,2902 1196,2901 1269,2899 1341,2897 1414,2896 1486,2894 1559,2893 1631,2891 1704,2890 1776,2888 1849,2887 1921,2886 1994,2884 2066,2883 2139,2882 2211,2880 2284,2879 2356,2878 2429,2877"/>
                <TextEquiv>
                    <Unicode>mehrere Jahre lang vor der Familie verbirgt, vorgestellt wird, mit</Unicode>
                </TextEquiv>
            </TextLine>
            <TextLine id="r2l43" custom="readingOrder {index:42;}">
                <Coords points="964,2958 2434,2932 2433,2887 2336,2879 963,2907"/>
                <Baseline points="978,2952 1050,2951 1122,2951 1194,2950 1266,2948 1338,2947 1410,2945 1482,2944 1554,2942 1626,2940 1698,2938 1770,2937 1842,2935 1914,2933 1986,2932 2058,2931 2130,2929 2202,2929 2274,2928 2346,2928 2418,2928"/>
                <TextEquiv>
                    <Unicode>lächelndem Protest versichern: „Verzeihung, aber ich kenne Sie schon sehr</Unicode>
                </TextEquiv>
            </TextLine>
            <TextLine id="r2l44" custom="readingOrder {index:43;}">
                <Coords points="966,3008 2427,2982 2426,2939 2268,2930 965,2966"/>
                <Baseline points="981,3001 1052,3000 1124,2998 1195,2997 1267,2996 1338,2994 1410,2992 1481,2991 1553,2989 1624,2988 1696,2987 1767,2985 1839,2984 1910,2982 1982,2982 2053,2980 2125,2979 2196,2979 2268,2978 2339,2977 2411,2977"/>
                <TextEquiv>
                    <Unicode>lange!“ Aber der Schüler Kadelburgs dämpft dann den Unwillen der¬</Unicode>
                </TextEquiv>
            </TextLine>
            <TextLine id="r2l45" custom="readingOrder {index:44;}">
                <Coords points="963,3059 2433,3053 2432,2983 962,3008"/>
                <Baseline points="977,3053 1049,3050 1121,3049 1193,3047 1265,3045 1337,3043 1409,3042 1481,3040 1553,3039 1625,3038 1697,3036 1769,3035 1841,3034 1913,3032 1985,3032 2057,3030 2129,3029 2201,3028 2273,3027 2345,3026 2417,3025"/>
                <TextEquiv>
                    <Unicode>jenigen, die wie die Gallier der Cäsarzeit auch auf dem Theater „nach</Unicode>
                </TextEquiv>
            </TextLine>
            <TextLine id="r2l46" custom="readingOrder {index:45;}">
                <Coords points="962,3112 2401,3095 2443,3018 961,3060"/>
                <Baseline points="977,3100 1049,3099 1122,3097 1194,3096 1267,3094 1339,3093 1412,3091 1484,3090 1557,3089 1629,3087 1702,3086 1774,3085 1847,3083 1919,3082 1992,3081 2064,3080 2137,3079 2209,3077 2282,3076 2354,3075 2427,3074"/>
                <TextEquiv>
                    <Unicode>neuen Dingen begehrlich“ sind, so geschickt durch einen k. k. Oberleutnant,</Unicode>
                </TextEquiv>
            </TextLine>
            <TextLine id="r2l47" custom="readingOrder {index:46;}">
                <Coords points="969,3159 2424,3138 2445,3080 969,3110"/>
                <Baseline points="985,3149 1057,3147 1129,3145 1201,3144 1273,3142 1346,3141 1418,3140 1490,3138 1562,3137 1634,3136 1707,3135 1779,3134 1851,3133 1923,3132 1995,3131 2068,3129 2140,3128 2212,3128 2284,3126 2356,3125 2429,3124"/>
                <TextEquiv>
                    <Unicode>der auf der Bühne einen Apfelstrudel backt, durch einen „Lehmann“ be¬</Unicode>
                </TextEquiv>
            </TextLine>
            <TextLine id="r2l48" custom="readingOrder {index:47;}">
                <Coords points="971,3192 2448,3190 2447,3133 2346,3119 971,3156"/>
                <Baseline points="986,3196 1058,3195 1130,3195 1203,3194 1275,3193 1347,3191 1420,3190 1492,3188 1564,3186 1637,3185 1709,3182 1781,3181 1854,3179 1926,3177 1998,3176 2071,3175 2143,3174 2215,3173 2288,3172 2360,3172 2433,3173"/>
                <TextEquiv>
                    <Unicode>namsten dressierten Hund und ähnliche Anleihen bei den Kapitalbeständen</Unicode>
                </TextEquiv>
            </TextLine>
            <TextLine id="r2l49" custom="readingOrder {index:48;}">
                <Coords points="969,3246 2208,3245 2378,3236 2438,3174 968,3201"/>
                <Baseline points="985,3245 1056,3244 1128,3244 1200,3243 1272,3242 1344,3240 1416,3239 1488,3238 1560,3237 1632,3235 1704,3233 1775,3232 1847,3230 1919,3228 1991,3227 2063,3225 2135,3224 2207,3222 2279,3220 2351,3219 2423,3217"/>
                <TextEquiv>
                    <Unicode>der Gastronomie, Zoologie usw., daß ich ihm und seiner harmlos=freund¬</Unicode>
                </TextEquiv>
            </TextLine>
            <TextLine id="r2l50" custom="readingOrder {index:49;}">
                <Coords points="972,3309 2215,3295 2436,3278 2435,3218 971,3249"/>
                <Baseline points="987,3296 1058,3295 1130,3294 1202,3292 1273,3290 1345,3289 1417,3287 1488,3285 1560,3283 1632,3282 1704,3280 1775,3278 1847,3276 1919,3275 1990,3274 2062,3272 2134,3271 2205,3270 2277,3270 2349,3269 2421,3269"/>
                <TextEquiv>
                    <Unicode>lichen Gewandtheit seine Aussicht, die Reise um achtzig Bühnen zu machen,</Unicode>
                </TextEquiv>
            </TextLine>
            <TextLine id="r2l51" custom="readingOrder {index:50;}">
                <Coords points="973,3350 2410,3335 2448,3279 972,3302"/>
                <Baseline points="988,3345 1060,3344 1132,3341 1205,3340 1277,3338 1349,3336 1422,3335 1494,3334 1566,3332 1639,3331 1711,3330 1783,3329 1856,3327 1928,3326 2000,3325 2073,3323 2145,3322 2217,3321 2290,3319 2362,3317 2435,3315"/>
                <TextEquiv>
                    <Unicode>nicht verkümmern will. Herr Eugen Burg, der als, aber, bitte sehr,</Unicode>
                </TextEquiv>
            </TextLine>
            <TextLine id="r2l52" custom="readingOrder {index:51;}">
                <Coords points="977,3403 2411,3395 2446,3330 976,3354"/>
                <Baseline points="992,3395 1064,3393 1136,3391 1208,3389 1280,3387 1352,3385 1424,3384 1496,3382 1568,3380 1640,3379 1712,3377 1784,3376 1856,3374 1928,3373 2000,3372 2072,3371 2144,3371 2216,3370 2288,3370 2360,3370 2432,3370"/>
                <TextEquiv>
                    <Unicode>schon ganz außerordentlich echter Oberleutnant meine Gedanken bis zu</Unicode>
                </TextEquiv>
            </TextLine>
            <TextLine id="r2l53" custom="readingOrder {index:52;}">
                <Coords points="975,3455 2448,3417 2274,3369 974,3401"/>
                <Baseline points="989,3437 1061,3437 1133,3437 1205,3437 1277,3436 1350,3435 1422,3434 1494,3433 1566,3431 1638,3429 1711,3428 1783,3426 1855,3424 1927,3423 1999,3421 2072,3420 2144,3419 2216,3418 2288,3417 2360,3417 2433,3417"/>
                <TextEquiv>
                    <Unicode>Arthur Schnitzlers „Leutnant Gustl“ trieb und meine Lippen zwang,</Unicode>
                </TextEquiv>
            </TextLine>
            <TextLine id="r2l54" custom="readingOrder {index:53;}">
                <Coords points="977,3507 2456,3465 2455,3416 976,3455"/>
                <Baseline points="993,3487 1065,3488 1137,3488 1210,3488 1282,3488 1354,3487 1427,3485 1499,3484 1571,3482 1644,3481 1716,3479 1788,3477 1861,3476 1933,3474 2005,3472 2078,3471 2150,3470 2222,3469 2295,3468 2367,3467 2440,3467"/>
                <TextEquiv>
                    <Unicode>sich stereotyp zum „Deutschmeister=Marsch“ zu spitzen; Frau Carli</Unicode>
                </TextEquiv>
            </TextLine>
            <TextLine id="r2l55" custom="readingOrder {index:54;}">
                <Coords points="982,3580 2452,3534 2450,3473 2292,3462 980,3507"/>
                <Baseline points="998,3546 1073,3547 1149,3547 1225,3547 1300,3546 1376,3545 1452,3544 1528,3542 1603,3540 1679,3537 1755,3535 1831,3532 1906,3530 1982,3527 2058,3524 2134,3521 2209,3519 2285,3516 2361,3514 2437,3512"/>
                <TextEquiv>
                    <Unicode>Bozenhard aus Hamburg, die man sich für eine moderne Tante¬</Unicode>
                </TextEquiv>
            </TextLine>
            <TextEquiv>
                <Unicode>2
Kontesse Mi#z1oder der Fanilientag box 26/3
Bühne und Welt.
468
vom Satirischen zum Unvornehm=Witzblattmäßigen auf dem Schreibtische
Lothar Schmidts zu finden gleichfalls nicht erwartet hätte. Ueberhaupt
befolgt das Autorenpaar keinesfalls die Voraussetzung der Groteske, die
da lautet: Irgendeinem bekannten Milieu, einem gangbaren Berufskreise
sind Komplikationen, Verstrickungen abzusehen, die durchaus möglich sind
und doch ein komisches Gesicht zeigen. So was machten side iuree der
Deutsche Gerhart Hauptmann und der Franzose Georges Courteline. So
was machen auch Lothar Schmidt und H. Ilgenstein in einzelnen Punkten
ihres Schlußaktes, wenn der vermeintliche Tote erwacht und die Kritik
der Verfasser freier und vornehmer wird. Vorher aber ist die Satire
grobklecksig, neuruppinerisch: — ich denke an die Bilderbogenfabrikation
dieser Stadt.
Der Regisseur der Aufführung, den der Theaterzettel verschweigt,
hatte amüsante Spielzeugschachtelfarben und einen frech und laut karikie¬
renden Ausdrucksstil gewählt. Darstellerische Aufgaben waren nicht zu
lösen. Immerhin zeigten die Leistungen der Herren Retzbach (Polizei¬
präfekt), Paschen (der Mörder=Graf) und Ziegel gute Simplicissimus¬
Allüren. Und Fräulein Wüst hatte sehr naturalistische Akzente für die
Zeichnung einer Figur, deren unverkennbaren „Strich“ man sicher schon
auf einer Zeichnung Heinrich Zilles gesehen hat.
Aber Alfred Halm scheint der Werbekraft dieser Satire nicht recht
zu trauen; denn er hat sich zur Unterstützung seines älteren und am
eigenen häuslichen Herde gemachten Repertoirestückes („Wer hat dich,
du Heiligenwald, aufgebaut so hoch da droben?“), den dreiaktigen
Schwank „Das Familienkind“ verschrieben, das jüngste Kind aus der
rastlos sich vermehrenden, kaninchenhaft anwachsenden Familie Fritz
Friedmann=Fredrichscher Lustspiele, die heute, wo das Theaterpublikum
mit dem Theater lieber durch Dünn als durch Dick und Dünn geht,
jeder Direktor gern auf Lager nimmt. Die Wirkungen des neuesten
F. F. F. — ich glaube, man wird, da wohl noch zahlreiche Nachliefe¬
rungen der gleichen Fabrikationsmarke bevorstehen, diese „Auszeichnung“
ein für allemal akzeptieren können — sind übrigens wesentlich be¬
schaulichere und liebenswürdigere als die jener „Vergnügungsreise", von
denen ich bereits an dieser Stelle sprach, und die, für meinen Geschmack
wenigstens, eine Mißvergnügensreise war. Auch hier darf man gewiß,
wenn einem die (verzeihen Sie das harte Wort) „Grundidee“, die Ge¬
schichte von dem Ehepaar, das seinen bereits vollzogenen Ringwechsel
mehrere Jahre lang vor der Familie verbirgt, vorgestellt wird, mit
lächelndem Protest versichern: „Verzeihung, aber ich kenne Sie schon sehr
lange!“ Aber der Schüler Kadelburgs dämpft dann den Unwillen der¬
jenigen, die wie die Gallier der Cäsarzeit auch auf dem Theater „nach
neuen Dingen begehrlich“ sind, so geschickt durch einen k. k. Oberleutnant,
der auf der Bühne einen Apfelstrudel backt, durch einen „Lehmann“ be¬
namsten dressierten Hund und ähnliche Anleihen bei den Kapitalbeständen
der Gastronomie, Zoologie usw., daß ich ihm und seiner harmlos=freund¬
lichen Gewandtheit seine Aussicht, die Reise um achtzig Bühnen zu machen,
nicht verkümmern will. Herr Eugen Burg, der als, aber, bitte sehr,
schon ganz außerordentlich echter Oberleutnant meine Gedanken bis zu
Arthur Schnitzlers „Leutnant Gustl“ trieb und meine Lippen zwang,
sich stereotyp zum „Deutschmeister=Marsch“ zu spitzen; Frau Carli
Bozenhard aus Hamburg, die man sich für eine moderne Tante¬</Unicode>
            </TextEquiv>
        </TextRegion>
    </Page>
</PcGts>
