3484 4480
274 141 468 232 21.
2461 144 2805 234 box 26
457 182 2306 251 Kontesse Mizz 1oder der FaniLientag
416 737 982 817 Prager Tagblatt Nr. 6
364 836 1367 910 nach dessen Geburt weg, um es fremden Leuten
368 909 1363 955 zu übergeben. Als er Witwer geworden, bot er
368 940 1362 1006 Mizzi seine Hand. Sie schlug sie aber aus; freilich
371 991 1358 1039 hatte sie inzwischen Trost gefunden, und der Zeichen¬
373 1034 1363 1100 professor erfreut sich, trotzdem er Familienvater ist,
375 1084 1366 1132 eben ihrer Gunst. Nun steht Mizzi plötzlich ihrem
375 1129 1358 1177 siebzehnjährigen Sohne gegenüber. Sie bilden
1122 1161 1365 1227 auf dem
369 1171 1132 1229 Alle eine „Familie“, die sich zufällig
1018 1199 1363 1270 ein eigenartiger
370 1207 957 1271 Schlosse eingefunden haben,
371 1250 1366 1306 „Familientag“. Die gute Mizzi will den ahnungs¬
365 1287 1354 1350 losen Vater von dem Kummer um Lolos Verlust
376 1334 1349 1389 befreien und beschließt, mit ihm nach Ostende zu
364 1379 1355 1434 reisen. Gleichzeitig fahren aber auch der Fürst und
374 1423 1351 1469 sein Sohn dorthin. Der Dichter schließt mit dem
369 1460 1346 1533 Ausblick, daß Mizzi sich nunmehr entschließen
371 1510 1015 1576 werde, den Fürsten zu heiraten.
2470 1511 2843 1599 Telephon 12.801.
472 1541 1359 1616 Dieses mit feiner Ironie und vielen Humor
359 1588 1346 1647 gezeichnete Sittenbild aus der österreichischen Hoch¬
359 1640 1352 1693 aristokratie fand beim Publikum lauten und starken
1922 1659 2621 1754 = „ODSEIVER
363 1689 1347 1741 Beifall, für den der Dichter durch persönliches Er¬
375 1718 1365 1795 scheinen danken konnte Thaller spielte den alten
1753 1730 2856 1817 I. österr. behördl. konz. Unternehmen für Zeitungs-Ausschnitte
359 1766 1350 1814 Kavallerieoffizier mit feiner Ueberlegenheit. Sein
358 1807 1360 1864 Töchterchen Mizzi wurde von Frl. Galafrés
1894 1794 2730 1892 Wien, I., Concordiaplatz 4.
355 1855 1353 1899 mit Verve degagiert, aber doch mit einem leisen An¬
2079 1876 2533 1950 Vertrefungen
377 1900 1359 1959 flug von Sentimentalität dargestellt. Frau Glöck¬
1762 1923 2857 1991 in Berlin, Budapest, Chicago, Christiania, Genf, Kopen¬
369 1943 1349 2008 ner war eine vortreffliche Partnerin des Grafen
1760 1982 2847 2033 hagen, London, Madrid, Mailand, Minneapolis, New-York,
365 1993 1354 2062 und die H. Kramer und Edthoser vervoll¬
1800 2013 2815 2065 Paris, Rom, San Francisco, Stockholm, St. Petersburg.
359 2027 1080 2086 ständigten das gute Zusammenspiel.
2108 2059 2524 2122 (Quellenangabe ohne Gewähr).
475 2055 1343 2130 Vor dem neuen Einakter wurde die altbe¬
1746 2067 2962 2194 Ausschnitt aus: sminer Börsen Courier, Berlin
361 2110 1352 2183 währte Komödie Schnitzlers „Liebelei“ zum
365 2146 1359 2219 erstenmal im Volkstheater dargestellt. Im Jahre
2311 2161 2747 2245 Morgenausgabe
362 2192 1354 2259 1895 hat sie die Urpremière im Burgtheater erlebt
1757 2191 2238 2279 vom: 6—-grine:
357 2246 1355 2291 und seither ging sie über mehrere Wiener Bühnen.
361 2296 1362 2337 Der große Erfolg von einst blieb ihr auch heute treu,
358 2336 1347 2384 wiewohl die Darstelbing nicht auf der Höhe war.
1877 2344 2875 2408 Im Wiener Deutschen Volkstheater amüsierte
363 2373 1346 2432 Nur Frl. Hegemann, welche die Christine gab,
1830 2392 2815 2463 gestern die Uraufführung von Arthur Schuitler
370 2411 1377 2491 fand innige, ergreifende Töne. Das Publikim.
1823 2430 2897 2485 einaktiger liebenswürdig frivoler und uverals
371 2458 912 2537 akklamierte Schnitzler laut.
1826 2469 2635 2538 witziger Komödie „Comtesse Mizz
2759 2489 2880 2540 ein
1816 2508 2863 2591 Wiener Aristokraten=Milieu mit sehr eigentüm¬
1825 2558 2837 2608 lichen Familienverhältnissen satyrisch entrollend —
726 2554 1018 2641 Kunst.
1810 2594 2875 2667 ganz außerordentlich. Fräulein Galafres gab die
490 2628 1345 2694 2— Klub deutscher Künstlerinnep“ Morgen,
1823 2641 2872 2715 Titelrolle mit feiner Zurückhaltung. Schnitzler wurde
371 2677 1346 2728 Donnerstag, wird nach den Weihngchtsferien das
1807 2687 2856 2740 wiederholt lebhaft gerufen. Vorher wurde „Liebelei“
366 2721 1362 2781 Klubleben durch Veranstaltung eines Teeabends
1816 2726 2860 2779 gegeben worin Frl. Hannemann die Christine mit
1808 2766 2865 2823 tiefergreifender Innerlichkeit spielte. Sie wurde durch
369 2765 1351 2824 mit besonders ausgesuchtem Programm wieder auf¬
1811 2790 2878 2884 stürmischen Beifall ausgezeichnet und mit Schnitzler
369 2807 1351 2858 genommen. Eine bekannte Prager Klaviervirtuosin
1808 2848 2174 2916 oftmals gerufen.
366 2845 1353 2918 hat ihre Mitwirkung zugesagt und eine junge sym¬
360 2888 1346 2948 pathische Sängerin, Frl. Ottenweller, absol¬
367 2931 1351 3002 vierte Schülerin von Frau Gerl=Benetti wird Lie¬
365 2976 1358 3048 der zu Gehör bringen. — Die Generalversamm¬
373 3026 1209 3082 lung des Klubs findet am 24. d. M. statt.
489 3059 1352 3114 — Kunstgewerbliches Museum. Die Ausstellung
362 3098 1360 3168 vonl Photographien der kgl. preuß. Meßbild=Anstalt
358 3151 1342 3193 für Denkmal=Aufnahme wird heute, Mittwoch, den
370 3182 1348 3230 6. Jannax., um 10 Uhr vorm. eröffnet. Dieselbe ist in
360 3212 1346 3267 zwei Parterresälen des Museumsgebäudes unterge¬
365 3250 1351 3297 bracht und enthält im Ganzen 119 Blätter. Die Aus¬
370 3282 1355 3347 stellung wird bis 24. Januar währen und ist täglich
364 3320 1129 3381 von 10 bis 3 Uhr unentgeltlich geöffnet.
564 3346 1345 3411 Freiwilliger Tod eines Künstlers. In
380 3398 1353 3446 Stockholm hat sich der als Marinemaler bekannte
369 3487 1344 3549 Atelier erhängt. Eines seiner bekannten Ge¬
368 3529 1350 3581 mälde ist die im königl. Schloß in Berlin befindliche
382 3577 1346 3629 „Flottenparade in Kiel bei Einweihung des Kaiser
368 3615 1343 3675 Wilhelm=Kanals.“ Ein Stockholmer Hafenbild er¬
364 3650 1342 3714 warb der König von Rumänien. Sillen, der für
368 3707 1339 3757 seine künstlerische Wirksamkeit die schwedische Aus¬
359 3748 1344 3811 zeichnung Litteris et artibus erhielt, hatte als jün¬
366 3784 1337 3847 gerer Mann eine Studienreise ins Ausland ge¬
372 3823 1350 3896 macht, so nach Berlin, wo er Schüler von Hans
375 3868 1348 3937 Gude war. Eu#ff 1857 geboren und trat 1876 in
365 3915 1354 3979 den Flattendienst. Als Grund für seinen Selbstmord
376 3972 1340 4021 win#Nervosität infolge von Ueberanstrengung an¬
348 4001 563 4076 ##gehen.
737 4081 968 4159 Mesal
