3436 4480
1599 51 1686 98 We
1361 45 1532 103 Peeenn
1000 84 1977 153 #on und deshalb auch derjenige, dessen
1003 135 1982 193 Werke am wenigsten gespielt und am meisten
1012 178 1982 241 verrissen werden. Einen schlagenderen Beweis
1011 224 1987 305 hiefür wie die Aufführung der „Liebelei“
974 331 1965 412 kann man sich nicht vorstellen; man sah bei
987 391 1961 450 jeder Szeue wie dieses lebenswahre, geist¬
989 442 1962 494 sprühende Werk eines echten Dichters seine tiefe
992 492 1960 544 Wirkung auf das sehr blasierte Publikum eines
983 515 1964 586 Premierenabends im Volkstheater ausübte, es
979 577 1966 638 gab sogar Applaus wie bei der Entdeckung
986 628 1962 682 eines neuen Talentes, und am nächsten Tage
972 688 1965 745 konnte man aus den Zeitungen erfahren, daß
971 725 1961 790 die „Liebelei“ den Herrn, der Schönthau lobt,
972 770 1961 825 antiquiert anmutet. Glücklicherweise ist Schnitzler
970 828 1959 888 über Lob und Tadel erhaben. Der Dichter hatte
974 874 1964 936 diesmal, soweit die weibliche Seite in Betracht
985 924 1954 967 kommt, eine ganz mustergültige Garde zur Ver¬
984 962 1966 1030 fügung, die nicht nur mit Lust und Liebe bei
978 1009 1964 1074 der Arbeit war, sondern auch tiefes Verständuis
977 1074 1961 1129 mitbrachte. Frl. Waldow als Mizzi Schlager
981 1114 1949 1179 bewies in dieser ihr fast auf den Leib geschrie¬
979 1171 1960 1215 benen Rolle, daß sie nicht nur eine sehr ver¬
978 1216 1955 1264 wendbare Kraft, sondern auch eine selbständige
978 1262 1955 1329 Schauspielerin ist, der man ruhig schwierigere
971 1315 1953 1377 Aufgaben anvertrauen kann. Frl. Hanne¬
969 1363 1963 1413 mann als Christine gab sich redliche Mühe
973 1411 1965 1464 und erzielte im Höhepunkte der Handlung durch
966 1455 1966 1528 ihre tiefinnerliche Darstellung starke Wirkung.
964 1514 1958 1564 Einigermaßen störend wirkte nur der Mangel
968 1561 1951 1610 an Kenntnis des wienerischen Dialektes. Herr
977 1603 1967 1670 Kramer war nicht in seinem Element, aber
971 1660 1960 1717 gut. Herr Edthofer versagte in seiner gewiß
972 1704 1687 1771 sehr schwierigen Rolle vollständig.
1701 1702 1948 1764 Die Sen¬
980 1741 1955 1819 sation des Abends war eigentlich ein Einakter:
965 1807 1945 1858 „Komtesse Mizzi“ oder „Der Familien¬
978 1845 1949 1911 tag“, eine fein ausgedachte Geschichte, die in
972 1894 1955 1962 Buchform stark wirkt, aber auf der Bühne durch
969 1948 1942 1999 die Unwahrscheinlichkeit der Verhältnisse einiger¬
969 1996 1958 2043 maßen befremdet. Herr Thaller gab mit
971 2039 1958 2110 ehrlichem Humor einen stark magyarisierenden
960 2080 1955 2159 Grafen, der seit langen Jahren ein Verhältnis
957 2146 1942 2199 mit einer Balleteuse hat, die sich nun verheiraten
959 2197 1945 2256 will. Vorher verabschiedet sie sich von ihrem
969 2247 1947 2310 langjährigen Freunde und macht ihm bei dieser
957 2291 1956 2356 Gelegenheit einen Besuch auf seinem Landsitze.
962 2328 1949 2405 Da kommt nun die ganze Familie zusammen:
962 2390 1957 2455 Empfangen wird die einstige Balleteuse von der
966 2436 1951 2507 Tochter des Grafen, einem achtunddreißigjährigen
973 2481 1942 2550 Fräulein, das mit ihrem Professor ein Ver¬
968 2532 1947 2595 hältnis hat, aber in ihrer Jugend mit dem
963 2583 1931 2631 besten Freunde ihres Vaters, dem Fürsten Raven¬
955 2630 1937 2689 stein, einen Buben hatte, um den sie sich bis
963 2678 1950 2737 heute nicht gekümmert hat; nun wird er von
970 2714 1943 2797 seinem Vater, der ihn adoptiert hat, vorgeführt,
963 2771 1945 2847 nachdem er die Matura glücklich bestanden hat.
962 2819 1936 2876 Der Fürst macht auch der Komtesse einen
953 2865 1941 2938 neuerlichen Heiratsantrag, aber sie nimmt vor¬
950 2920 1941 2992 läufig noch nicht an. Diese merkwürdige Kom¬
952 2976 1943 3036 tesse mit Vergangenheit und Gegenwart wurde
960 3021 1938 3085 von Frl. Galafrés entzückend und ver¬
950 3075 1947 3141 führerisch gegeben. Herr Kramer gab den
953 3128 1945 3187 Fürsten in sehr eleganter Manier und Herr
959 3170 1943 3229 Edthofer schuf, gleichsam um das Publikum
955 3221 1941 3273 mit seinem früheren Spiel zu versöhnen, eine
950 3272 1939 3338 köstliche Figur mit dem jungen Fürsten, den er
958 3310 1924 3377 in seiner halb knabenhaften Frechheit und Früh¬
947 3369 1936 3422 reifheit lebensgetreu auf die Bühne stellte. Das
962 3415 1934 3484 Stück enthält außer dem selbstverständlich stets
956 3470 1938 3535 geistvollen Dialog so manche scharfe Bemerkung,
954 3522 1939 3582 so manche graziöse und auch kecke Wendung, die
952 3566 1929 3615 ihre Wirkung auf das Publikum nicht ver¬
958 3609 1935 3676 fehlten. Und so wurde es denn ein ehrlicher
946 3665 1935 3720 Erfolg, der uns umsomehr freuen kann, da wir
942 3713 1949 3772 uns kaum erinnern können, wann auf diesen
956 3752 1931 3822 Brettern ein echtes Wiener Talent zur Sprache
953 3812 1930 3872 getemmen ist. Schnitzler ist aber gewiß das
948 3845 1945 3943 erste Talent der Jung=Wiener, wenn nicht ihr
952 3898 1141 3970 einziges.
