3436 4224
248 79 2266 180 21. Kontesse Mizzi-oder der FaniLientag
1455 366 2133 466 Tre Schnitzlerstycken
1578 436 2318 539 à Dramatiska Teatern.
1472 514 2309 609 Ur synpunkten av önskvärdheten att fá
1443 593 2316 669 läng livslängd ät teaterprogrammen hade
1450 643 2313 707 vederbörande kanske handlat finurligare,
1446 693 2311 767 om de pä ett par olika program fördelat de
2306 738 2361 793 1
1437 742 2305 817 tre stycken av Arthur Schnitzler
1434 790 2380 859 som de nu fört ihop till program för en ochbsi
2310 833 2380 892 1
1431 830 2308 919 samma kväll. Det vare dock deras ensak.
1441 884 2298 947 Likasä vore det kanske för alla intresserade
2305 883 2361 950 4
1439 943 2313 991 parter behagligare och förmänligare, om
2301 977 2371 1053 8
1436 989 2303 1049 herrar teaterchefers kollegialitet toge till
2299 1036 2384 1106 1
1434 1032 2304 1103 prüncip att försöka underkasta sin konkur¬
1439 1083 2299 1155 rensiver det tvivelsutan mycket ansträn¬
1440 1131 2302 1206 gande kraftprovet attej nödvändigt köra i
2291 1176 2371 1242 4
1432 1175 2307 1252 hop med twá premiärer pä en och samma
1443 1230 2297 1295 kväll. Men det mä vara med-bäde det ena
2288 1226 2366 1299 1
2292 1279 2374 1349 1
1433 1272 2298 1356 och det andra hur som helst. Schnitzler¬
1437 1316 2300 1392 programmet hade till sina olika beständs¬
1432 1377 2301 1441 delar mycket av intresse att erbjuda, och
1428 1412 2308 1486 skiftande ochbrokigt; sammansatt som
2289 1467 2369 1536 1
1428 1470 2298 1538 det var av sina tre enaktare, var det även
1437 1531 2295 1586 ganska representativt ochnbelysande, för
1426 1572 2363 1638 arten och omfattningen av Arthur Schnitz-
1430 1622 2302 1671 lers författarskap. Det första stycket pä
1413 1654 2343 1730 programmet, Släktingar“, hade Hämtät sitt
1429 1722 2297 1778 ämne frän samma värld varifrán Schnitz¬
1429 1769 2294 1828 ler med sädan förkärlek #och främgäng
1425 1812 2295 1883 hämtat sina motiv och som'kan kallas hans
1437 1861 2302 1933 egen självständiga dramatiska nyodling,
1432 1900 2302 1984 även om tekniken därvidlag haft franska
1424 1957 2297 2027 förebilder. Det är nämligen det erotiska
1428 1994 2293 2059 vivörlivet i den glada Donaustaden. Däri¬
1425 2037 2288 2124 frän var även hämtat ämnét-för dét stycke,
1439 2099 2299 2183 Aiskog“ varigenom Schnitzler blev först
1425 2128 2287 2221 och bäst bekant för svensk publik.’Släk¬
1418 2187 2308 2278 tingar“ är ett underhällande stycke med
1417 2242 2289 2322 fyndig intrig och hälles i en spefullt ironisk
1422 2286 2300 2364 ton samt kom pä det hela taget väl till sin
1418 2346 2298 2413 rätt i utförandet, som var överlämnat ät
1419 2387 2287 2474 fröken Borgström, hrr Fredrikson, Emil ooh
1428 2436 1829 2504 Gösta Hillberg etc.
1441 2481 2283 2550 Nr 2 pä programmet, skädespelet'Da¬
1415 2529 2288 2608 men med dolken“ yar ock delvis förlagt till
1413 2574 2283 2655 det erotiska Wien, mnen gick i en helt annan
1415 2631 2288 2703 tonart och.var behandlat med en teknik, som
1416 2669 2283 2757 icke var fransk eller hans vanliga, wienska
1413 2732 2288 2794 specialisering därav, utan som erinrade om
1413 2786 2275 2859 den Hauptmanns' Elga“, utan att jag därför
1415 2825 2275 2890 tror pä nägon inbördes imitation. Somi en
1419 2872 2272 2950 drömbild förläggas, nämligen handlingen
1419 2925 2271 2980 och personerna mitt i stycket nägra ärhun¬
1416 2973 2279 3039 draden tillbaka, för att sedan äter försättas
1416 3021 2281 3093 till nutiden pä nytt, om än under andra för¬
1404 3065 2272 3138 hällanden genomleva vad de nyss i ett
1404 3130 2276 3182 avlägset förflutet upplevat. Stycket är mät¬
1409 3167 2269 3224 tat med mycken lidelse, som dock kanske
1408 3220 2062 3280 icke alltid kom fullt tillsin rätt.
1432 3262 2271 3331 Slutpjäsen, ’Pá gröna papegojan“, be¬
1405 3287 2283 3382 nämnes av författaren 'grotesk“ och är för¬
1401 3358 2274 3427 Jagd till Paris samma dag som folket reser
1403 3416 2263 3484 sig och stormar bastiljen. Nägot ditét ut¬
1412 3458 2274 3518 dragen i början, blir denna grotesk senare
1399 3507 2262 3560 desto mer spännande, fängslande och färg¬
1404 3554 2264 3620 rik.Gröna papegojan“ är ett värdhus,
1393 3605 2260 3672 som hälles av en f. d. teaterdirektör, som
1395 3652 2258 3720 läter sina förra komedianter där agera bo¬
1403 3689 2262 3767 var och slinkor, ju värre dess bättre. Där¬
1386 3734 2258 3820 igenom lockas nämligen till lokalen en hei
1384 3794 2266 3865 mängd förnäma dagdrivare av bäda könen,
1390 3854 2213 3909 som i bovarnas berättelser och även
1395 3894 2255 3960 skällsorden och hotelserna mot dem själva
1393 3932 2257 4000 finna en behagligt gafflande kittling för sina
1394 3997 2257 4052 slappa nerver. Det verkar sä naturligt,
1388 4039 2245 4094 men är, veta de, ändä bara spel. Men sä
2280 3389 2334 3467 S
2252 3580 2337 3645 4
2282 2805 2354 2864 1
2263 2880 2341 2948 0
2429 72 2869 173 box 26/2
