3436 4192
2491 81 2952 194 box 26/1
790 115 974 176 88e
699 113 799 178 te
972 94 1047 174 M
302 102 2355 216 21. Konnizz1 oder der Fanilientag
1417 1832 2407 1908 werfen wird. Es ist seine gestorbene Jugend¬
2415 1844 3412 1915 sich nach Belieben lösen und das Spielzeug
631 1744 1220 1955 Feuilleton.
1423 1885 2403 1945 liebe, mit der er heute nichts mehr zu tun hat.
2410 1885 3407 1946 fallen lassen konnten. Ein Blatt im Wind,
1421 1939 2411 1994 Und er wird mit dem halben Lächeln, das man¬
2412 1939 3398 2002 das ein paar Monate lang sich schau¬
1421 1976 2404 2040 chen Dichtern so gut steht, noch einmal seine
2408 1993 3405 2065 keln und liebkosen ließ, um dann ge¬
407 1889 1259 2086 Das süße Mädel.
1420 2034 2417 2101 Jugend überdenken und sich freuen, daß er in
2409 2029 3399 2093 räuschlos in die Tiefe zu fallen. Und
425 2064 1422 2157 (Anläßlich des samstägigen Schnitzlerabends
1413 2072 2402 2160 ihr nicht stecken geblieben, sondern über sie em¬
2391 2066 3407 2155 ich finde es begreiflich, daß das süße Mädel
1420 2132 1799 2204 vorgestiegen ist.
712 2128 1102 2206 im Stadtthea####
2405 2136 3414 2204 nicht immer süß und liebenswürdig war, daß
1516 2153 2407 2247 Lieber Gott, das süße Mädel war eigent¬
2411 2185 3408 2253 es manchmal trotzig und verdrießlich wurde,
685 2175 1182 2281 Von Ludwig Winder.
1420 2229 2402 2302 lich ein armseliges Ding. Nicht das süße
2405 2223 3406 2304 aufbegehrend und aufbrausend: zwanzigjähri¬
526 2248 1416 2333 Zur Zeit, da der Dichter des „süßen Mä¬
1422 2270 2405 2327 Mädel Arthur Schnitzlers; das nahm immer
2410 2277 3407 2346 ges Blut rollt rasch. Und ich finde es selbst¬
431 2303 1421 2372 dels“ mit dem Grillparzerpreis geehrt wurde,
1423 2322 2405 2381 etwas von der vornehmen Ausgeglichenheit
2417 2333 3403 2406 verständlich, daß das süße Mädel nicht immer
436 2365 1419 2432 ist der Typus des süßen Mädels im Sterben
1421 2374 2411 2423 und entzückenden Liebenswürdigkeit seines
2414 2372 3408 2441 schön aussah, sondern manchmal häßlich in
430 2418 1416 2478 begriffen. Ich könnte daher einen rührenden
1418 2413 2404 2489 Dichters an. Aber das süße Mädel, das an
2408 2422 3402 2500 seiner Aermlichkeit, bedauernswert in seiner
425 2454 1422 2528 Nekrolog schreiben, voll bedauernden Senti¬
1409 2475 2403 2530 weichen Sommerabenden auf den Bänken
2402 2476 3399 2530 Hilflosigkeit, bedrückend in seiner uneingestan¬
421 2508 1419 2577 ments, schmerzlicher Erinnerung und ehrlicher
1420 2510 2406 2578 der Ringstraße oder des Stadtgartens saß
2406 2519 3411 2583 denen Traurigkeit. Dies wollte Schnitzler in
429 2558 1419 2634 Ergriffenheit; oder ich könnte einfach eine Tat¬
1418 2564 2400 2635 und geduldig arf einen Schatz wartete, mit
2406 2572 3411 2653 seiner Liebe zum süßen Mädel nicht sehen, und
429 2606 1423 2676 sache konstatieren, ein bischen „von oben hin¬
1423 2609 2402 2669 den ungesprochenen Schmeichelworten auf den
2408 2615 3211 2683 wir wollen ihm dafür dankbar sein.
3189 2625 3403 2684 Er hat
419 2647 1420 2726 ab“ wie einer, der einem Begräbnis zusieht,
1414 2660 2404 2730 Lippen, die Schnitzler so schön ausgesprochen
2411 2663 3400 2724 uns mit Sehnsucht nach dem süßen Mädel er¬
423 2682 954 2775 das ihn nichts angeht.
1415 2710 2401 2770 hat, mit der dämmernden, verhaltenen Leiden¬
2407 2719 3404 2795 füllt und wir fanden dieser Sehnsucht Erfül¬
516 2731 1418 2818 Arthur Schnitzler wird sich aus dem Ende
1425 2760 2407 2812 schaft, in deren Erkennen Schnitzler Meister
2409 2764 2755 2843 lung und Ziel.
432 2801 1421 2874 des süßen Mädels wenig machen. Elegant
1418 2800 2405 2878 war. Das süße Mädel war ein armseliges
2498 2797 3403 2881 Eine grenzenlose Unbekümmertheit hat in
431 2855 1417 2915 wie immer, mit tadelloser Grazie, wird er
1420 2861 2402 2916 Ding. Es hatte immer die Lust zum Leben
2402 2851 3403 2932 dem süßen Mädel gesteckt. Eine Hingabe, die
424 2898 1417 2950 beim Begräbnis erscheinen und sich nachdenk¬
1419 2908 2402 2966 und niemals die Vorbedingungen dazu; es
2409 2908 3403 2970 unbezahlbar war, eine Zärtlichkeit, die sich
425 2949 1419 3011 lich die Stirne streichen. Ich bin überzeugt,
1404 2947 2401 3020 war immer voll Sehnsucht nach Glück und
2407 2951 3401 3042 nicht aufhalten ließ. Sie wurde trotzdemsauf¬
421 2993 3401 3069 daß ihm die Hand sogar ein wenig zittern Liebe und wurde niemals glücklich und geliebt. gehalten, brutal, rücksichtslos, tändelnd im
433 3052 3392 3119 wird, die ein Stäubchen Erde in die Grube Ein Spielzeug war es herrischer Hände, die Spiel. Und das Spielzeug war gax kein
