3436 4384
338 88 2369 211 21. Kontesse Mizzj oder der Fani 1ientag
1809 704 2530 869 — 2A.3. Bfund.
1580 882 2079 1088 Theater
1312 1077 1421 1145 0lto
1297 1137 1418 1205 ber¬
1419 1164 2082 1258 Schnitzler und Molnár
1712 1236 2305 1342 im Akademietheater
1300 1272 1420 1335 idar
1452 1325 2265 1408 Komtesse Mizzi. — „Das Veilchen:
1442 1374 2307 1481 Diese wahrhaft österreichische Komödie von
1303 1389 1413 1476 #eb.
1405 1436 2301 1514 Arthur Schnitzler zeigt die einstige Welt der
1392 1479 2161 1553 Fürsten, Grafen, Husarenoffiziere,
2170 1500 2302 1559 Leib¬
1311 1499 1393 1556 n
1402 1529 2175 1603 komtessen, Barone und Leibflaker,
2191 1536 2307 1593 wie
1407 1573 2300 1651 sie sich im milden Antlitz eines Dichters
1318 1586 1414 1659 bei
1417 1615 2302 1688 spiegelt. Herzlichen Händedruck Arthur
1401 1643 2297 1740 Schnitzlers für jeden seiner feudalen Herren
1407 1700 2294 1773 und ein freundliches: Servus kommt zu¬
1405 1751 2298 1811 rück. Sanft und gütig umweht sie alle, die da
1316 1752 1399 1842 in.
1405 1781 2300 1867 bunt durcheinander lieben, die besänftigende
1392 1812 2291 1903 Cottageluft solcher Liebelei. Nichts ist ernst
1390 1886 2306 1949 genug, um ernsthaft zu sein, Problematisches
1399 1922 2285 2001 wird auf gepllegten Konversationswegen er¬
1387 1938 2292 2032 ledigt, aus adrett zurechtgeschnittenen geisti¬
1387 1989 2291 2083 gen Alleen spazieren Gedanken mit Allonge¬
1391 2044 2284 2115 perücken von 1900. Arthur Schnitzlers „Kom¬
1328 2043 1383 2108 65
1392 2081 2298 2151 tesse Mizzi“ ist heute schon historisches Genre¬
1391 2134 2302 2206 bild eines Meisters, der unvergänglich nament¬
1300 2141 1382 2201 99:
1388 2169 2448 2278 lich dort, wo er österreichische Luft malt, öster- S
1305 2194 2284 2290 ht Treichisches Wetter, Wolken und Sonne. In zärt¬
1305 2238 1395 2327 in
1385 2256 2279 2331 lichem Spott und in inniger Liebe. Keine Spur
1387 2299 2282 2384 von: Lernet Holenia. Noch immer: Lernet
1384 2336 1625 2402 Schnitzler.
1273 2309 1387 2460 12
1412 2393 2281 2462 Die Burgtheaterschauspieler früherer Zeiten
1386 2405 2274 2499 sind noch immer den Grafen und Fürsten weit
1314 2465 1383 2537 3.
1373 2476 2266 2548 ähnlicher, als den anderen weniger erlauchten
1382 2515 2270 2589 Menschen. Kann der Fürst Egon ein nobleres
1377 2542 2285 2636 Antlitz haben und mehr tenue als Devrient,
1380 2595 2286 2680 gibt es einen echteren Arpad Pazmandy als!
1384 2651 2275 2730 den Willi Thallers? Den Philipp spielt Herr
1375 2687 2268 2770 Albach hell und freundlich, Herr Zeska gibt
1290 2722 1376 2790 16.
1363 2725 2264 2806 dem Professor Windhofer die Haltung eines
1370 2772 2262 2858 Komtessen-Adonis, Mayrhofer spielt den Was¬
1370 2802 2265 2872 ner ins traditionell Gemütliche des Fiakers¬
1372 2861 2278 2929 schen, Frau Medelsky die Lolo ins Gemüt
1287 2892 1375 2960 3:
1370 2897 2276 2978 der vom Ballett. Und Frau Retty hat für
1376 2942 2274 3015 die Komtesse Mizzi den Scharm jener wieneri¬
1288 2876 1364 3047 1
1375 2981 2273 3060 schen Gotha-Geschöpfe parat, für die die
1359 3022 2272 3112 Liebe ein aristokratisches Gesellschaftsspiel,
1364 3062 2265 3155 in dem drei oder auch vier beim Bett sitzen
1365 3109 1535 3187 dürfen.
1307 3119 1362 3168 lit
1287 3146 1372 3211 11
1402 3167 2273 3237 „Das Veilchen“, von Franz Molnär bringt
1364 3184 2258 3268 Theater aufs Theater und den Schauspielerin¬
1367 3239 2261 3332 nen die Freude, sich über sich selbst lustig
1353 3276 2264 3364 machen zu können. Alle die kleinen Perfidien
1294 3325 1363 3392 5:
1363 3336 2249 3406 und Gemeinheiten des Metiers klatschen ko¬
1340 3379 2248 3451 misch nieder, das Aufgeblasene, Wichtigtu¬
1353 3426 2243 3492 Verische des Völkchens entpuppt sich als gut¬
1362 3468 2251 3547 mütig harmloser Spaß im Spiel. Franz Molnar
1357 3502 2436 3596 demonstriert hier wieder einmal das Sport-jderen 1.
1356 3544 2254 3631 liche des Theaters, die Passion, mit der alle
2296 3580 2434 3643 spie
1294 3583 1366 3640 ad
1354 3591 2420 3702 ihm Nahestehenden darauf bedachts sind, dab Au
1333 3622 2240 3705 Ider schöne falsche Schein la nicht ordinäres,
2227 3674 2423 3743 richtigen
1335 3655 2413 3777 richtiges Leben werdo. Die kleinen Existenzen Bestürzt
1332 3707 2227 3794 hinter den Kulissen werden vorgeführt, unter
2224 3753 2422 3825 Schausp
1338 3745 2227 3834 ihnen auch der Direktor, dessen Bedarf an
2235 3799 2416 3869 zum Zei
1343 3799 2224 3877 Amüsement so sehr gedeckt ist, daß er nur.
2237 3854 2406 3903 stopfen.
1339 3848 2227 3917 mehr Choristinnen will, die ihn nicht wollen.
2235 3897 2418 3961 weil sie
1338 3893 2234 3951 Aber Herr Höbling ist ein schöner Direktor
1325 3918 2408 4002 und so entdeckt ihn das erotisch geschulte #giorte :
1266 3937 1346 4007 1.
1339 3979 2409 4056 Auge der kleinen Schauspislerin zum Schlug) bekannt
1261 3995 1343 4040 #r
1256 4014 2402 4083 #doch. Die Verkleidung als gewöhnlicher Mensch#sich in
1283 4067 2401 4122 #hat ihm nichts genützt. Herr Heim spieltVereigner¬
2518 104 2965 197 box 26/4
