3344 4352
2515 211 2933 316 box 26/3
333 238 2359 339 21. Komtesse Mizz ioder der Fani Lientag
2766 557 2858 598 —
525 603 1288 710 Dr. Max Goldschmiit
2162 661 2763 762 Theater und Musik.
683 695 1146 768 25 Burcau für 8#
2029 738 2954 821 [„Komtesse Mizzi,“ Komödie in 1 Akt
652 755 1162 847 Zeitungsausschnitte
1965 802 2204 868 von Artur
2383 805 2956 874 4Zu den beiden Einaktern,
463 822 778 915 Berlin N. 24
1043 838 1331 913 Telaphon III 1051.
1971 835 2944 917 die lürglich Mider=Sanme“=Parodie einen Thea¬
481 864 1341 961 —
1959 911 2951 979 terabend fillten, gesellte sich gestern, als Novität
729 948 1087 1039 Ausschnitt aus
1960 958 2955 1017 für Teplitz, Schnitzler's einaktige Komödie „Kom¬
1965 1015 2948 1072 tesse Mizzi,“ ein Stück, das zwar seinem ganzen We¬
1973 1057 2949 1114 sen nach als eine interessante Plauderei betrachtet
486 1034 1465 1167 Meoldienburgische Zeitung, Schwerin
1969 1111 2951 1191 werden kann, aber seinem Inhalte nach auf einem
1967 1156 2955 1219 starken dramatischen Fundamente ruht. Dazu
1966 1205 2954 1281 kommt die geistvolle Art, mit der Schnitzler den
1972 1257 2952 1316 Stoff behandelt, der liebenswürdige Humor, der
1964 1302 2960 1378 über einzelne Szenen gebreitet ist und die seine
1975 1356 2956 1422 Satire, die aus manchem der Gespräche hervorleuch¬
1963 1411 2953 1469 tet. Die Handlung hat eine ziemlich heikle Vor¬
804 1408 1144 1508 E3 Z 912
1964 1459 2951 1515 geschichte. Die einzige Tochter des Grafen Poz¬
1971 1513 2963 1583 mandy hat in früher Jugendzeit mit des Vaters
421 1475 1441 1627 Duba Jhmun gMich
1969 1560 2959 1615 bestem Freunde, dem Fürsten Ravenstein, Beziehun¬
1966 1608 2961 1657 gen gepflogen, die nicht ohne Folgen geblieben sind.
452 1598 1515 1684 tim letztere handelt es sich auch in einem vom
1968 1662 2956 1712 Diese intime Bekanntschaft blieb der Offentlichkeit
413 1670 1511 1734 Lessing=Theater gebrachten Einakter Arthur
1969 1711 2952 1769 ein Geheimnis, das zu bewahren beide Teile guten
386 1693 1509 1783 Schnitzlers: „Komtesse Mizzi“. Ein kapri¬
405 1754 1510 1821 ziöses und geistvolles Stückchen, das ein heikles Thema
1968 1758 2951 1829 Grund hatten, umsomehr, als der Fürst verheiratet
404 1798 1512 1853 mit tänzelndem Humor feinsinnig durchführt. Warum
1965 1805 2965 1872 war. Fürst Egon hat seinen illegitimen Sohn unter
404 1844 1509 1901 sich Karl Schönherrs schwerblülige „Erde“ an¬
1976 1860 2966 1936 angenommenem Namen am Lande erziehen lassen,
398 1886 1516 1943 schloß, ist unerfindlich. Das hier an anderer Stelle
1970 1909 2958 1977 ohne der Komtesse=Mama hievon Mitteilung zu
406 1924 1509 1985 oft gegebene Werk mußte unter dem koketten Getändel
1974 1960 2962 2025 machen, die ihrerseits an ihren Fehltritt nicht er¬
400 1971 1516 2028 des Anfangsspiels verlieren, umsomehr, als Dar¬
1970 1999 2960 2074 innert werden will und sich im Laufe der Jahre
407 2019 1515 2078 stellung und Regie viel, recht viel zu wünschen übri¬
1976 2066 2964 2126 ohnedies bei anderen Männern schadlos gehalten
404 2066 580 2136 ließen.
1967 2103 2952 2158 hat. Nun führte der Fürst, der mittlerweile Witwer
1968 2156 2965 2222 geworden ist, den zum Jüngling herangewachsenen
1968 2221 2956 2281 Sohn der nunmehr 37jährigen Komtesse zu, die,
1873 2214 1960 2289 I
1979 2256 2961 2334 anfangs darüber entsetzt, so plötzlich an ihre Ver¬
647 2296 1020 2381 Augschunt ans
1978 2315 2960 2378 gangenheit erinnert zu werden, später an dem
1974 2361 2969 2424 Jüngling, — der seinerseits keine Ahnung hat, wem
1882 2327 1948 2439 7
558 2279 730 2481 84
1975 2406 2958 2481 er sich gegenüber befindet — Gefallen findet. Eine
742 2284 1408 2509 Maeled Zelen
1974 2457 2926 2510 gemeinsame Badereise des Grafen Pozmandy —
1972 2500 2974 2564 der dringend eine Zerstreuung braucht, weil ein
762 2492 1040 2630 3 42.
1976 2546 2961 2624 altes „Verhältnis“ sich von ihm gewendet, um zu
1969 2592 2967 2662 heiraten — und der Komtesse mit dem Fürsten und
1971 2659 2963 2725 seinem Sohne eröffnet schließlich die Aussicht, daß
1970 2705 2960 2774 aus dem Fürsten Egon und der Komtesse Mizzi
1984 2754 2959 2811 doch noch ein Paar wird und der junge Philipp
1981 2800 2961 2872 dann auch erfahren wird, wer seine Mutter ist.
529 2759 1409 2882 Theater und Musik
1974 2856 2956 2916 Das reizende Stück, das bei entsprechender Dar¬
440 2855 1491 2936 Schönherr und Schnitzler-Im- Leilingtheater
1986 2899 2961 2972 stellung im Schnitzler'schen Stile und bei Aufrecht¬
426 2939 1571 2989 Zwei illustre Namen! Zwei illustre Stücke! Diese „Komteß
1985 2962 2963 3017 haltung des richtigen Milieus einen dramatischen
347 2964 1568 3055 [Mizzi“ gehört zu den besten Schöpfungen des flotten Wiener
1982 3018 2962 3069 Genuß feinster Sorte bieten müßte, fiel nahezu ab,
362 3030 1574 3070 Schnitzlers. Ein Akt nur — und es ziehen achtzehn Jahre
366 3054 1569 3106 vorbei! Komteß Mizzi hat einst mit dem Freunde ihres Vaters,
1972 3051 2962 3126 weil die Darstellung schleppend und uninteressant
362 3092 1568 3156 dem Fürsten von Ravenstein, angebandelt — und daraus ist ein
1976 3107 2967 3162 und die Charakterisierung der einzelnen Figuren
370 3133 1568 3192 Sohn entsprungen, der von dem Geheimnis seiner Geburt keine
1972 3157 2960 3224 total verfehlt war, und sonach eine Stimmungslosig¬
373 3180 1573 3229 Ahnung hat. Er hat infolgedessen auch keine Ahnung, daß die
1978 3214 2960 3277 keit hervorgerufen wurde, die es wünschenswert er¬
374 3207 1574 3274 schöne elegante vornehme Dame, zu der sein Vater ihn führt
377 3267 1580 3308 und mit der er so keck=allerliehst und angeregt plaudert, seine
1979 3247 2960 3320 scheinen ließ, daß man solchen, eine eigenartige
683 3290 1568 3338 Komteß Mizzis Vater hat sich die Jahre über.
366 3301 626 3356 Mutter ist.
1978 3303 2961 3353 Wiedergabe bedingenden Stücken lieber aus dem
364 3323 1580 3390 mit seiner lieben Lolo vom Ballett getröstet. Von dieser muß
1985 3358 2960 3422 Wege gehen sollte. Frl. Proß als Komtesse Mizzi
373 3374 1588 3429 er nun Abschied nehmen, denn Lolo will ebenso liebewütig wie
1979 3398 2965 3473 erregte sympathisches Interesse; sie war gewandt
367 3426 1545 3470 ##eyrsam und tugendhaft“ einen Fuhrwerksbesitzer heiraten ...
365 3451 1568 3510 Es findet also quasi ein heimlicher „Familientag“ im Grafen¬
1977 3450 2965 3513 und graziös im Dialog, aber es fehlte ihrem Spiel
369 3493 1574 3560 hause statt. Das Publikum war entzückt und enthusiasmiert davon.
1983 3498 2960 3566 der leichte und doch diskrete Ton, der hier das
382 3528 1582 3583 Irene Triesch mit ihrem Andeuten, mit ihrem graziösen
1985 3545 2960 3613 Charakteristische der Figur der Komtesse ausmacht.
370 3569 1570 3622 Hinweghuschen über so vieles Heikle, mit dem wunderfeinen Ver¬
1987 3606 2962 3669 Ihre Darstellung ließ eine höhere Tragik ahnen,
372 3606 1568 3665 mögen, auch unausgesprochen etwas sagen zu können, war eine
1073 3639 1573 3702 diese elegante, schöne
371 3652 968 3713 meisterhafte „Komteß Mizzi“
1984 3641 2967 3716 als der Dichter in sein Werk hineingelegt hat und
377 3688 1580 3740 „Mittedreißigerin". Mathilde Sussin, die man sehr
1974 3703 2767 3784 seine Heldin über ihr Schjcksal empfindet.
371 3709 1507 3775 mit Unrecht immer ins zweite Treffen stellt, denn sie
374 3747 1577 3822 eine erstklassige Künstlerin, bot eine gleichwertige Lolo. Der
381 3791 1582 3857 Hauptgewinn des Abends, der junge kecke Gesell, war Erich
2254 3799 2682 3887 „Der Rosenkavalier.“
382 3833 1445 3899 Wolter als der heimliche Sohn der schönen Komteß.
456 3844 1579 3935 Schönherrs „Erde“ ist vom Hebbeltheater bekannt. Ein
1974 3866 2975 3943 Musikalisches Lustspiel in 3 Akten von Richard
371 3905 1587 3972 knorriges, wurzelechtes Stück, eine urwüchsig=gesunde Lebens¬
1971 3916 2964 3989 Strauß. Text von Hugo v. Hoffmannstal.
383 3950 1569 4017 bejahung, der das gebildete Publikum des Lessingtheaters seltsam
2272 3958 2458 4028 F
2526 3970 2859 4031 un- Wiealutt
375 3991 1568 4059 fremd mit kühlem Unverständnis gegenüberstand! Und es spielte
386 4033 1572 4087 eine Elfe Lehmann mit! Und es gab Emanuel Reicher
386 4066 1584 4141 den alten Grutz, der dem Tod immer wieder so sieghaft ein
396 4117 884 4195 Schnipchen schlägt! ...
