3344 4352
2327 112 2747 219 box 26/3
127 150 2173 247 21. Kontesse Mizz ioderderPani Lientag
59 1089 566 1206 ain Mantag, Berlin
80 1345 391 1447 N5 2 P
695 1420 3104 1495 leicht beschwipsten Sekigesellschaft so eiwas wie Eitbein mit zu ihrem Lobe sagen kann. Man kennt den zauberhaften Duft,
49 1320 602 1549 nd mnt.
713 1481 3101 1548 Sauerkohl zumutet. Nun ist Eisbein mit Sauerkohl ganz ge=der die Kinder dieses klugen, weichen, verwöhnten und eleganten
702 1523 1898 1588 wiß eine schöne und redliche Sache. Es soll sogar Momenie geben,
1887 1519 3104 1587 Geistes in guten Stunden umwittert. Man kennt seine Heiter¬
72 1534 538 1633 nd Schönherr.
704 1572 1903 1622 in denen man allen Sekt und alle Austern stehen läßt, wenn man
1890 1575 3095 1623 keiten, seine Melancholie, sein fast nachlässiges Behorchen mensch¬
703 1609 3103 1668 dafür ein anständiges Stück Eisbein haben kann. Aber daß die licher Zusammenhänge, seine graziöse Art, halbgeahnte Dinge
85 1611 371 1686 igtheater.)
715 1655 1896 1709 Sehnsucht unserer Gourmands während eines Soupers bei Vor¬
1893 1664 3104 1710 durch Schleierhüllen schimmern zu lassen, seine Weltmannsüber¬
99 1651 610 1732 „Komtesse Mizzi“
600 1642 704 1727 und
704 1697 1888 1767 chardt gleichzeitig um die kulinarischen Genüsse eines Vierzehntel¬
1893 1709 3095 1757 legenheit, seine Frackphilosophie, seine Frivolität und sein un¬
128 1703 708 1772 . Die Zusammenstellung war
712 1753 1560 1803 Topps kreist, habe ich noch niemals gehört.
1879 1743 3102 1800 merkliches Spötteln. Man weiß, wie er die Silbouetten liebens¬
71 1761 704 1827 chen aus der melancholisch heiteren
776 1780 3096 1860 Damit wäre der wunde Punkt dieses Theaterabends gekenn= würdiger Sybarithen zu umreißen versteht, wie er geschmack¬
70 1795 728 1876 roßstadimenschen, und ein Klang
707 1829 3095 1909 zeichnet. Von Schnitzler wurden unsere Gegenwartsnerven zuvolle Zeitgenossen über alte Amouren plandern läßt, wie er sich
78 1842 715 1898 nstinktwelt primitiver und stark¬
719 1884 3107 1947 sehr gelitzelt, zu lange von einer weichen, schwermütigen Grazie selbst und seine Art nicht sonderlich ernst nimmt, und wie ####
78 1886 718 1945 t da um Gegensätze in der Welt¬
723 1925 3090 1994 gefächelt, um die hart gehämmerten Akkorde der „Erde“ noch in allen Geschehnissen dieses Lebens den matten Schimmer einer ge¬
82 1929 724 1998 Willen nicht zu überbrücken sind.
1892 1973 3094 2038 nießerisch wehmütigen Einnlichkeit (im Dreivierteltakt) gibt.
717 1978 1885 2031 ihrer ganzen primitiven Wucht nachfühlen zu können. Und
75 1983 711 2034 ziertheiten blaßblütiger Verfalls¬
1896 2011 3091 2074 Man kennt das alles und hat es mehr als einmal mit dank¬
76 2027 719 2087 ner Reibe brutaler und fesselloser
1897 2059 3081 2112 barer Fröhlichkeit entgegengenommen. Und man wäre auch dies¬
705 2060 1886 2125 dem Schnitzlerschen Geplauber nachträglich etwas Feminines,
80 2076 708 2120 an Leises, Kulturloses an Kultur¬
1886 2094 3085 2166 mal wieder mit der Erinnerung an ein erlesenes halbes Stünd¬
712 2114 1890 2160 Weichliches, Depravierendes. Kurz und gut: Der eine richtete
75 2117 705 2168 an die unruhig nitternde Nuance,
1886 2132 3094 2208 schen nach Hause gekommen — —, wenn nicht eben die unbegreif¬
717 2157 1883 2211 den anderen zu Grunde, und das Ende vom Liede war eine im
83 2159 710 2212 sie unseres Zeitalters erscheint zu¬
709 2193 3103 2270 Hörer aufkeimende tiefe Beunruhigung, die keine bedingungs=liche Kurzsichtigkeit des Lessingtheaters in letzter Stunde alles
95 2202 713 2262 animalischen Triebkraft halbver¬
78 2234 2401 2315 Entwickkungsprozeß, den der Kunst= lose Hingube an den einen oder den anderen Parteigänger ge= zuschanden gemacht hätte.
1947 2264 3089 2335 Schnitzler wurde von Irene Triesch, von Monnard,
78 2273 881 2362 „Linie" und „Fleck“ abzugrenzen stattete.
1875 2303 3103 2384 [Reicher und Walter entzückend gespielt. Dagegen stand die
87 2328 721 2391 schiedene Arten des künstlerischen
766 2338 3093 2388 Nach dieser Feststellung darf man getrost bemerken, daß Darstellung der „Erde“ unter keinem glücklichen Stern. Einen
91 2382 707 2434 ist er ignoriert, hier ist er glatt¬
702 2368 3094 2450 beide, Schnitzler wie Schönherr, in ihrer Atmosphäre, und jeder abgerundeten Eindruck gab mir nur das drollige Eishofbäuerlein
80 2424 713 2475 den. Einen Bauer in Lodenjoppe
716 2432 1885 2485 für sich genommen, sehr ernsthafte Werte bedeuten. Das Schön¬
1883 2444 3100 2536 des Herrn Forest, das Totenweibele der Frau Albrecht
77 2466 1883 2531 ln hatte man in einen mondänen herrsche Bauerndrama wird von einer so grandios erfaßten
1881 2492 3044 2572 und der Knödel fressende Großknecht des Herrn Ziener.
82 2513 1893 2569 hts weiter an ihm auffiel als sein Komik getragen, von einer so starken künstlerischen Unerschrocken¬
2566 2530 3087 2636 Arthur Westphal“.
88 2557 710 2611 echten Manieren und seine ganze
694 2557 1955 2637 heit und von einer so unsentimentalen und gradlinigen Art
1941 2567 2019 2654 an
92 2599 705 2668 inkommensurable Größen hatte
701 2603 1915 2651 die Dinge anzusehen, daß der Vergleich mit Anzengrubex=kot¬
83 2644 711 2692 tbringen wollen. Und die einzige
711 2644 1909 2706 wendig heran muß. Freilich ist nicht alles im spezifisch dkamati¬
95 2691 711 2754 um den besten Teil ihres Wesens
700 2689 1908 2757 schen Sinne bewältigt. Manches wird über Gebühr verschleppt
693 2719 1903 2805 und verzettelt, und immer wieder finden sich tote Pupkte, über
100 2775 1908 2839 diese Anordnung nicht begreife. die man bei aller Konzentrationskrat nicht hinwegkommt. Aber
706 2821 1902 2892 das sind Fehler, die durch die unerbittliche Wahrhafigkeit im
103 2829 710 2877 hätte doch verlangt, daß man
87 2870 1904 2914 hern und dann die Schnitzlerschen Erfühlen und Gestalten zehnfach aufgewogen werden. Wnd was
91 2909 1905 2974 kommen ließ. Das wäre zum vor drei Jahren bei der ersten Begegnung mnt der „#rde“ zu
83 2956 1903 3021 gewesen, über die sich hätte reden sagen war, darf heute noch einmal wiederholt werden: ie ist
92 2990 1906 3051 hren scheint mir ein vollkommener keine letzte Erfüllung, aber ein honoriges und hoffnungsgolles
98 3036 1038 3102 ehrlichen Kerl aus den Tiroler Versprechen. —
82 3084 713 3147 nheit der Salonathmosphäte ver¬
761 3064 1912 3148 Die „Komiesse Mizzi“ ist bester und echtester Schnitzler
100 3137 1905 3190 m Gaumen einer angeregten und vom Scheitel bis zur Sohle. Das ist eigentlich alles, was man
