3436 4384
199 131 406 182 atening to
188 159 404 217 ze children
204 205 409 254 is utterly
215 243 411 295 does not
203 281 414 341 sister has
192 315 406 373 ie rontine,
195 359 405 406 ment. So
200 395 401 447 attractive
214 437 409 490 about it
207 470 404 532 Iinsulting
215 515 405 569 be is, of
204 552 407 609 is nothing
206 593 404 644 lodgings,
208 634 401 683 1 probably
200 670 397 725 tly cut up
203 709 397 761 s acconnt,
207 744 399 794 ##the Con¬
209 787 404 841 (king, the
204 827 404 883 act as has
202 865 401 917 naturally
220 903 403 959 fairness,
203 944 406 999 two acts,
216 983 397 1033 may be
209 1011 398 1070 ffect, two
208 1061 410 1109 ient most
202 1097 403 1152 : she may
235 1139 394 1188 mission,
218 1178 405 1225 ence has
214 1215 400 1266 uly leave
238 1256 396 1306 uind me
228 1291 398 1338 by that
220 1323 416 1383 Phyllis.
210 1366 403 1424 re Comes
235 1408 412 1458 with all
225 1443 402 1494 hundred
210 1483 410 1539 ecides to
231 1524 407 1577 to take
220 1563 404 1612 lat there
245 1603 403 1650 of Mrs.
226 1643 404 1692 e advent
234 1679 404 1735 s of his
219 1720 404 1772 1e scene
226 1758 408 1816 onfused,
266 1799 395 1851 scenes
227 1832 406 1895 he cer¬
217 1874 396 1930 Vare all
221 1915 404 1962 t is fine
237 1957 413 2005 mnot see
256 1991 405 2040 under¬
237 2030 413 2086 e would
233 2056 400 2125 ction is
250 2109 404 2161 lightly
255 2145 391 2202 f unad¬
241 2187 400 2244 a piece
272 2224 397 2277 Mona
244 2266 390 2323 for her
252 2304 393 2350 J. H.
246 2341 395 2392 k, Mr.
254 2382 398 2433 erform¬
263 2419 407 2464 Helen
260 2461 400 2513 of the
242 2498 401 2553 uching
244 2536 394 2587 nan she
249 2576 393 2630 ing to
245 2612 387 2678 of the
225 2913 399 2970 ars Mr.
221 2952 402 3019 lass of
231 2999 392 3045 a House
223 3032 401 3090 by Mr.
254 3076 404 3129 on the
231 3113 391 3169 neard at
240 3157 385 3209 seasol
243 3193 390 3249 ich the
229 3229 391 3287 #eagain
238 3268 394 3327 Society
240 3310 395 3363 iis, and
228 3341 390 3402 d upon
232 3386 390 3440 aritone
231 3418 389 3485 Fre Frau
227 3465 396 3519 und Mr.
240 3509 390 3556 s basis
251 3544 390 3596 sprach
242 3588 390 3636 0 make
233 3622 390 3681 learing
235 3665 393 3716 per im¬
257 3706 388 3751 essen¬
261 3742 387 3793 There
229 3767 397 3831 for the
228 3814 394 3863 und of
240 3854 397 3907 chestra,
241 3897 397 3944 5 parts
236 3932 395 3978 Inent—
224 3967 396 4018 1e prin¬
236 4004 408 4056 teven¬
235 4040 394 4096 hestra;
242 4084 398 4134 #tunate
261 4121 417 4178 exeen¬
421 136 1335 203 but not specially so indicated bythecharacterisation—to
427 190 1337 238 which Herr Arthur Schnitzler introduces us, scarcely
420 226 1335 278 one of the men or women has the least notior of
429 271 1338 316 morality as the word is generally understood, that the
418 306 1332 359 whole business strikes one as unreal, artificial, non¬
417 341 1343 397 human, and therefore unattractive. All along it is no
417 381 1331 440 more than playing with passion. Count Arpad, a well¬
429 424 1337 467 preserved man in the mid-fifties, has had an actress
439 459 1339 511 “ under his protection' since the death of his wife
414 498 1335 553 twenty years earlier. When the play opens the
419 535 1343 590 liaison is just ending, Lolo having decided to marry a
419 574 1343 617 wealthy carriage proprietor. The Connt tekes the
428 617 1343 658 matter philosophically, remembering that he has a
416 656 1339 714 charming daughter, unmarried, and about the same
418 708 1339 747 age as Lolo—a woman of thirty-six or so, in fact.
429 736 1337 779 What he does not know is that seventeen or
429 775 1339 815 eighteen years before this daughter, who is the Com¬
431 811 1333 853 tesse Mizzi, was in love with his intimate friend
416 853 1333 912 Egon, Prince Ravenstein; still less does the Count
422 885 1344 927 suspect that Philip, the bri, ht lad whom the Prince
423 925 1326 979 introduces as his adopted sor, is in reality his daugh¬
430 968 1333 1010 ter’s child, and thus his own grandson. This rather
426 1007 1335 1057 horrible muddle, which in any primitivo or savage
418 1045 1333 1092 community would be tragic, is here so lighily treated
421 1086 1331 1124 —for Vienna is lighter far than Paris—as to become
417 1125 1339 1170 almost comic. Even the meeting between mother and
430 1160 1333 1215 son, which ought to be full of poignancy, has no real
422 1198 1331 1262 significance, just because there is no blood, no heart
422 1234 1338 1291 in it all. And the introduction of the two womein
416 1280 1327 1329 seemed full of possibilities; yet they came to nothing.
429 1311 1304 1356 * Oh, remarks the daughter,“ I’ve had my fling!
428 1355 1333 1396 —as in truth she had, the Prince being by ne means
428 1388 1335 1437 her only partner——whereupon the mistress about to
422 1437 1331 1483 enter the bonds of holy matrimony responds joyfully:
432 1468 1339 1507 * Thank goodness for that!? There is now a bond
416 1511 1338 1555 between them. We leave these queer people—that is
418 1554 1331 1599 to say, the Count and his daughter and the Prince
422 1593 1333 1637 and his son—about to set out for Ostend, and there
422 1629 1325 1680 are nct wanting signs that Comtesse Mizzi may soon
425 1670 1336 1719 make up her mind to become Princess, as she might
410 1705 1322 1759 have been years before. What the Count will say
420 1747 1331 1794 when he learns the truth oue would like to know,
422 1776 1326 1833 but the author has stopped short of telling us thaf!
418 1812 1334 1876 The chief parts were played easily, and with as much
422 1864 1323 1902 conviction as could be expected in the circumstances,
422 1895 1331 1934 by Miss Katherine Pole (Mizzi), Miss Margaret Bussé
427 1934 1336 1988 (Lolo), Mr. Robert Horton (the Count), Mr. Athol
419 1970 1329 2019 Stewart (Prince Egon), and Mr. Godffrey Dennis,
420 2008 1054 2065 really boyish and natural as Philip.
449 2047 1314 2104 The Green Cockatoo, though marked by many
414 2092 1329 2147 touches of the true Schnitzler cynicism, is altogether
420 2129 1326 2174 out of the" Anatol'’ line. Here we have an am¬
414 2178 1335 2224 bitious and on the whole not unsuccessful attempt
415 2213 1330 2263 to give a hit of tho life of Paris at the
426 2243 1325 2298 start of the Revolution, somewhat d /a Carlyle, or,
423 2291 1324 2343 perhaps, more nearly d la Dickens. The date
422 2327 1330 2382 is July 14, 1789—the day on which the Bastille
412 2368 1325 2417 was stormed—and the scene is“ The Green Cockatoo,
424 2405 1332 2456 an underground tavern kept by one Prosper, formerly
423 2442 1332 2496 a theatre manager, who, remembering his old calling,
411 2472 1331 2530 has turned his cellar into a place of entertainment as
417 2522 1328 2562 well as of refreshment. The entertainment is of the
440 2558 1323 2616 Grand Guignol?’ variety, horrors being the chief
418 2602 1322 2636 attraction. Thus one of the“ company '’—say, the
412 2637 1320 2693 tragic, intense Henri—will arrive during ehe evening,
410 2678 1336 2735 and, when silence is secured relate with tremendons
403 2711 1329 2769 energy and every appearance of reality how he has
409 2762 1337 2810 strangled an aristocrat, his wife’s lover. It matters
416 2797 1326 2833 nothing that the story be false: what the fashionable
417 2829 1330 2882 folk frequenting the haunt require is a tbrill. So
417 2876 1327 2916 when the elegant ladies and gentlei#en—the Vicomte
414 2905 1330 2954 de This, the Marquis and Marquue de That, the
415 2950 1328 2999 Chevalier de So-and-So—hear Henri narrate his killing
414 2994 1327 3035 of the Duc de Cadignan they applaud the actor’s skill,
417 3034 1329 3069 never thinking there can be any truth in what he has
420 3066 1326 3124 said. Nor is there at the moment; but ihen the Duc
413 3111 1330 3151 appears a little later the justly jealous husband,
409 3156 1317 3198 Henri, rushes at him and stabs him to the heart. As
411 3187 1330 3228 in Pagliacci,' the play has turned inte grim reality.
416 3222 1327 3264 Then the mob surges in triumphant. The Bastille is
406 3264 1331 3314 taken and already in flames. The aristocrats make
418 3305 1320 3345 their way out as best they can, while someone remarks
409 3338 1321 3402 there is no need to detain them now, as their turn will
410 3385 1327 3430 come shortly, and they can be found when wanted. It
414 3426 1326 3465 is a strong and decidedly picturesque piece, wich
414 3460 1324 3514 something like the right atmosphere, the best
407 3505 1319 3546 moments being those when Henri—finely played by
408 3543 1328 3581 Mr. Leon Quartermaine—is to the fore. Mr. Luke
401 3574 1323 3631 Forster, as the bitterly humorous innkeeper, Mr.
402 3631 1318 3671 Norman Page, as a quaint ruffian who has murderen
408 3661 1325 3704 his aunt, Mr. Claude Rains, as Grasset, one of the
410 3709 1318 3756 mob’s many mouthpieces, Miss Caroline Bayley, as
405 3738 1323 3799 Henri’s wife, Mr. Ralph Hutton, Mr. P. Perceval
411 3780 1324 3818 Clark, Mr. H. B. Waring, and Mr. G. Dickson¬
409 3820 1318 3862 Kenwin, as noble patrons, Mr. Terence O’Brien, as
412 3852 1327 3889 Rollin the poet, and—partienlarly—Miss Violet Fare¬
415 3892 1314 3935 brother, as the Marquise de Lansac, are all well in tho
412 3933 1322 3980 picture. This piece was produced by Mr. Norman
413 3961 1169 4016 Page, and the other by Mr. Clifford Brooke.
653 4063 1051 4143 THE COLISEUM.
2361 323 2568 497 271
2633 412 2833 546 2
2616 561 2726 654 0
2012 588 2584 672 ARCH 11,/1918
2020 683 2180 744 saster,
2015 727 2173 778 rence
2009 750 2951 813 Sarng „ THE THEAIKL.
2014 848 2202 913 nd and
2012 897 2185 949 onstag
2194 883 3065 974 TWO PLAYS BY ARTHUR
2007 930 2176 979 uld gel
2019 970 2175 1014 se Mat
2401 963 2877 1061 SCHNITZLER.
2035 1004 2187 1053 There
2005 1041 2191 1088 uffered
2003 1075 2188 1124 s of the
2004 1112 2192 1167 natters
2199 1113 3097 1199 Toits already long list of foreign dramatists
2001 1154 3095 1229 ieverer whose plays have been produced under its
2001 1184 2173 1230 ie Turk
2185 1204 3100 1255 auspices, the Stage Society, yesterday after¬
2002 1221 2168 1275 round
2174 1247 3107 1313 noon, at the Aldwych, added the name
2163 1260 3082 1336 of Arthur Schnitzler. The Viennese play¬
1996 1312 3082 1380 e Turk wright was represented by two one¬
2012 1349 3092 1442 clean, act plays, differing in milieu and in
2012 1396 3084 1465 digni- mood, the first written somewhat in the
2014 1447 3083 1489 is an flippant and ironically humorous vein of the
1986 1488 3092 1545 ia, and Anatole'' dialogues, the second full of swift
1987 1509 3090 1590 is than drama and fantastic realism. Each effort re¬
1989 1546 3114 1620 ropenn veals the naturalness of conversation and
1993 1582 3104 1662 timople cconomv of dramatic means, Which make
1985 1636 3116 1699 ssessed Schnitzler so notable a dramatist, and each :
1990 1669 3098 1738 Roman in its different aspect presents a curious and
1988 1704 3102 1779 e Turk arresting picture of life. The frankly
1988 1734 3130 1806 nce de- immoral atmosphere of“ Comtesse Mizzi' is 1
1979 1790 3087 1864 greater less likely to make as ready an ippeal to an
1989 1839 3072 1895 be that English audience as" The Green Lockatoo?
1977 1876 3132 1937 ved by which followed it in yesterday’s programme. 1
1975 1902 3132 1974 tal the Comtesse Mizzi, her father, and the Prince
1970 1942 2138 1996 ture?';
2154 1940 3137 2013 Ravenstein are too definitely Viennese to besc
1979 1972 2149 2036 on the
2165 1991 3100 2068 wholly understood by an English audience—
2152 2011 3027 2094 cur social code is so essentially different.
1962 2056 2159 2119 ssion of
2183 2065 3101 2148 There is not a moral person among those
1960 2111 2153 2172 and his
2158 2111 3130 2176 who, in the comedy, reveal by conversation##
1958 2147 2048 2203 Ig.
2150 2156 3101 2217 their mode of life and the number of their
3067 2195 3111 2238 8
2151 2198 3106 2276 amours. The piece really constitutes a series
1973 2196 2145 2258 appear-
2156 2227 3094 2307 of surprises, but, as played yesterday, the
1987 2249 2145 2295 stands,
1997 2283 2134 2327 untid
2157 2271 3122 2358 greatest surprise of all was the character of!
1958 2302 2135 2367 boration
2154 2310 3124 2379 Mizzi, the daughter of Count Pazmandy.
1967 2354 2140 2398 #e neces¬
2159 2345 3088 2415 Miss Katharine Pole’s treatment of the part!
1964 2382 2134 2435 ffective.
2148 2385 3095 2450 hardiv prepared the audience for revelations!“
1956 2415 2146 2469 irs more
3053 2426 3132 2473 S
2146 2429 3122 2502 that, followed in quick succession, or for theig
1960 2462 2133 2509 es, ban¬
2147 2471 3067 2539 dhisclosure that the fair and serene ladv was
1991 2499 2132 2546 people
2146 2502 3135 2583 not only the mother of the Prince’s illegiti¬
1954 2521 2141 2589 Ito share
2138 2539 3063 2592 mate son, but had had Cher fling, as
2131 2576 3052 2643 she tells her father’s mistress, ühe married un¬
3051 2611 3127 2668 4.
2140 2626 3051 2685 prepossessing Professor, wihro had instructed
1947 2616 2136 2686 zey the
3055 2650 3125 2699 115
2155 2660 3052 2722 her im painting, being one of her lovers.
1946 2663 2132 2718 member¬
3060 2686 3122 2736 8
2143 2695 3051 2766 Mizzi is undoubtedly a surprising creation,
1943 2704 2131 2758 frst and
2140 2739 3066 2806 but we think Miss Pole's sense of character
1959 2747 2126 2796 manovo
2143 2780 3111 2845 was not strong enough to present its com¬ 8#
1955 2785 2127 2833 de could
1955 2821 2123 2873 defeats.
2140 2822 3121 2883 plexities as clearly as the author evidently ##
1946 2859 2128 2913 jed in an
2145 2854 3123 2927 intended. In any case it was difficult to 4#
1966 2900 2122 2961 up the
2139 2891 3033 2953 associate anything but motherhood and
2140 2932 3095 2996 domesticitg with ao feminine and sensible as#
2140 2971 3128 3038 woman as the Mizzi of Miss Pole’s interpre¬ A###
1934 2972 2123 3045 bossessed
2138 2999 3048 3067 tation. Mr. Athol Stewart, as the Prince,
1946 3020 2124 3078 Le was a
2143 3045 3051 3114 Mr. Godffrey Denis as the son, Mr. Robert
1947 3063 2118 3112 #e worked
2137 3083 3050 3156 Horton as the Count, and Miss Margaret
1945 3095 2114 3151 nding for
3048 3131 3125 3179 01
2135 3121 3047 3195 Bussé as the actress-mistress were ali excel¬
1932 3133 2122 3190 scame an
2137 3160 2261 3217 lent.
1946 3172 2121 3222 # day he
3025 3187 3113 3274 ##
1941 3210 2132 3254 Jend was
2185 3205 3026 3276 The Green Cockatoo,'’ a“ grotesque in
1932 3240 2117 3293 imself of
3049 3246 3105 3292 8
2136 3268 3027 3320 one act,“ reveals Schnitzler in a very dif¬
1934 3281 2115 3326 „bade the
3046 3285 3106 3329 t
2137 3289 3030 3358 ferent mood. Here the amours are of Paris
1928 3315 2118 3362 oddressed
2130 3327 3031 3392 in the täme of the Revolution, cut short by
1933 3351 2124 3399 ling, onlv
3043 3360 3106 3415 T
2134 3376 3023 3438 the sharp blow off the assassin’s knife, in a
1938 3386 2117 3435 #ing unti!
3043 3402 3105 3446 te
2134 3412 3020 3469 scene of intense excitement and passion.
1942 3424 2123 3470 Camels,
3040 3436 3115 3488 t
1994 3460 2117 3502 When
2137 3452 3033 3518 * The Green Cockatoo'' is an underground
3040 3482 3112 3529 th
1929 3480 2117 3549 Tood, and
2134 3492 3113 3582 tavern wierein the aristocrats and citizens of.
1922 3529 2108 3575 Du drink.
2134 3527 3096 3613 find their pleasure in watching the im¬ ae
1922 3564 2115 3609 Ju on and
2133 3574 3022 3624 promptu efforts of a band of actors, who, for
1921 3598 2107 3647 I denied
3036 3593 3117 3648 u4
2130 3613 3014 3669 the purposes of entertainment, simulate the
1923 3626 2106 3685 fast wage.
3038 3636 3109 3683 TI
2125 3653 3024 3714 doings of eriminals. Among these is Henri,
1924 3669 2101 3720 s heavily
3035 3676 3112 3721 ev
2119 3682 3110 3759 married to Léocadie, a minor actress, idi
1916 3705 2108 3756 ieness, 80
2129 3722 3036 3804 but beloved of Paris. For his last ap¬
1912 3730 2114 3801 frgive me,
3038 3753 3098 3795 th
2127 3768 3013 3834 pearance at the tavern—he is to take lns
1908 3775 2097 3828 ine vou?
3033 3788 3106 3854 IlI
2119 3807 3027 3858 wife to the country on tiie morrow—he enacts
1911 3813 2102 3858 der? After
1917 3844 2106 3897 ind spoke
2130 3838 3104 3926 a scene in which he murders his wife’s lover, th##
1910 3886 2112 3933 gver over¬
2120 3882 3018 3936 choosing for his wictim a well-known Duke,
1911 3921 2099 3967 Du under¬
3014 3904 3110 3969 co
2124 3925 3012 3978 who, unknown to him, in really the lover of
1907 3955 2104 4005 er remem¬
2116 3953 3108 4027 Léocadie. Even the innkeeper is carried tie
1900 3987 2103 4039 give vou;
3022 3996 3107 4047 en
2117 4001 3016 4067 away by the intensity of Henri'’s acting, and
1906 4025 2104 4086 #rst. Allah
2111 4037 3099 4108 forgetting that the whole scene is play¬ sa
3018 4074 3093 4124 pr
2107 4072 3016 4146 acting, reveals the tnuth of the woman's
3023 4104 3128 4165 ap
1903 4095 2094 4169 Stand the
2118 4108 3006 4187 infidelitg to ühe acter, wiho turns from
3013 4153 3098 4199 ce:
1902 4159 2763 4199 staat anPemannner 10 kbenger ami winnge
