3436 4224
682 108 808 187 S S
208 114 2236 224 21. Kon Mizzjoder der Fanilientag
1773 463 2153 547 Telephon 12.801.
1762 549 1950 632 Dee
1264 569 1894 690 „UBSEHTEN
1044 655 2148 763 I. österr. behördl. konz. Unternehmen für Zeltungs-Ausschaltte
1184 723 2023 828 Wien, I., Concordiaplatz 4.
1376 796 1821 879 Verfretungen
1032 846 2134 925 in Berlin, Budapest, Chicago, Christiania, Genf, Kopen¬
1043 895 2126 987 hagen, London, Madrid, Mailand, Minneapolis, New-York,
1072 933 2086 1039 Paris, Rom, San Francisco, Stockholm, St. Petersburg.
1373 989 1808 1059 (Guelienangabe ehne Gewühr).
1021 1009 1413 1102 Ausschnitt aus:
1398 1079 2080 1207 Karlsbader Badeblatf
1023 1123 1372 1191 vom: S 3.
1341 1146 1549 1240 C
1028 1266 1966 1378 Theater, Musik und Kunst.
1059 1360 2008 1435 Stadttheater. Heute Dien##ghaxleys
981 1403 2002 1470 Kante“. Schwank in 3 Akten von Brandon Thomas.
1030 1451 1997 1524 Donnerstag den 17. März: „Salome.“ Drama in
1007 1500 2010 1591 Aufzug von Oskar Wilde. Hierauf: „Komtesse
987 1535 1918 1631 Mizzi“. Komödic in 1 Alt von Arthur Schnitzler.
1046 1620 1998 1725 Karlsbader Stadttheater. Unsere heurige
969 1688 1996 1769 Wintersaison geht rapid dem Ende entgegen. Nur noch
974 1734 1990 1818 einige Vorstellungen und die Tore des Musentempels
972 1791 1980 1872 schließen sich für einige Wochen. Noch knapp vor Tores¬
971 1827 1989 1921 schluß kommen die besten Kräfte unseres Ensembles zu
976 1878 1989 1954 Worte, um in ihren Benefizabenden den Lohn (*) für
976 1936 1989 2018 ihre Bemühungen einzuheimsen, d. h. wenn ihnen die
969 1981 1985 2058 Wahl des Bühnenwerkes gut gelingt. Nach dieser Rich¬
971 2042 1995 2109 tung hin waren allerdings sowohl Frau Wohlmut
974 2086 1994 2166 und auch Herr Hernfeld nicht gerade glücklich. Die
972 2121 1984 2207 Hauptsache ist der Kasseneffelt und der blieb bei beiden
972 2170 1995 2245 Vorstellungen aus, obwohl Herr Hernfeld den ganzen
972 2230 1983 2315 Winter über als fleißiger sehr brauchbarer Schauspieler
965 2261 1994 2375 auf den Brettern stand, nie etwas verdarb und immer
970 2333 1548 2393 bestrebt war, Gutes zu leisten.
1032 2375 1985 2458 Frau Wohlmut konnte allerdings mit einem
962 2430 1976 2502 großen Publikum nicht rechnen, da sie fast nie Gelegen¬
964 2477 1984 2543 heit fand, ihre ganz annehmbaren gesanglichen Leistungen
959 2514 1992 2580 in den Vordergrund zu rücken, nachdem die heurige
954 2564 1980 2653 Spielzeit in einförmiger Abwechslung von Schau= und Lust¬
967 2613 1985 2698 spiel, Gesangskräfte nur vereinzelt in Possen verwenden
952 2668 1985 2752 konnte und auch darin wieder nur in ganz spärlicher
960 2704 1980 2798 Weise, weil fast alle Gesangsnummern gestrichen waren
961 2770 1607 2827 oder ein „Riesen=Vide“ aufwiesen
1028 2807 1972 2896 Mehr Glück wie die beiden Genannten, hatte Herr
956 2874 1969 2933 Oberregisseur Prell mit seinem Ehrenabend. Es war
951 2919 1972 2979 ihm gelungen gleich zwei Neuheiten für Karlsbad,
958 2960 1985 3079 Oskar Wilde's „Salome" und Schnitzlers
960 3011 1898 3071 „Komtesse Mizzi“ auf die Bretter zu werfen.
1032 3054 1986 3141 Durch die Vertonung des Wilde'schen Textbuches
943 3113 1977 3182 durch Richurd Strauß fand das Drama erst die Beach¬
958 3163 1979 3225 tung der großen Massen, das es eigentlich auch sonst
947 3198 1978 3297 verdient hätte. Das Verbot der Strauß'schen „Salome“
926 3317 1942 3409 in Wien, der vorhergegangene Zensorenstreit und all¬
931 3354 1960 3466 die Dinge die die geschwätzige Fama über „Salome“ in
927 3409 1950 3497 die Oeffentlichkeit trug, sorgten dafür, daß auch das
929 3493 1632 3564 Drama als solches Interesse erregte.
1015 3504 1972 3589 Auch hier konnte man bemerken, daß das Theater
940 3553 1965 3650 eine andere Physiognomie zeigte, als dies in der letzten
937 3597 1961 3708 Zeit der Fall war, daß das zahlreiche Publikum erwar¬
942 3648 1960 3738 tungsvoll und gespannt der Wiedergabe der „Salome“,
945 3709 1972 3790 die im Ganzen und Großen ganz annehmbar war, folgte.
1041 3756 1978 3832 Der Inhalt des Dramas, das eine Evisode aus der
960 3793 1969 3884 heiligen Schrift dramatisiert und die widernatürliche,
960 3840 1983 3942 grausame Wollust Salomes, sowie die, infolge übermäßi¬
963 3894 1984 3993 gen Weingenusses körperliche wie seelische Zerrültung des
972 3938 1981 4041 Judäakönigs Herodes in scharf geprägter Charakierisie¬
970 3993 1931 4094 rung schildert, darf als bekannt vorausgesetzt werden.
1045 4026 1986 4125 Die Rolle des „Herodes“ hatte sich der Benesi¬
1636 4084 1992 4143 zursche geleat und
2399 98 2851 206 box 26/2
