3436 4480
2401 116 2818 223 box 26/1
217 120 2269 231 21. Kontesse Mizz 1oder der Fani Lientag
2289 976 2890 1060 rngen, das wale die einzige
2855 1028 3343 1118 nicht der Waffen. M
558 1039 893 1108 „W  —
928 1053 2867 1125 Manger Friedenskonserenz, und Frage, mit welcher sich Gegner der Pauschalierung der Diäten
2861 1085 3326 1153 reichliches Mittagessen
444 1080 2060 1166 als gar Herr von Merey von dieser glorreichen Tätigkeitbefassen sollten ...
2867 1131 3319 1200 Feind auf den Knien,
438 1133 1674 1202 nach Wien zurückkehrte, fand er an seiner Stelle den viel¬
2868 1176 3048 1247 können.
2953 1208 3348 1291 Der Minister
436 1247 2882 1308 „Familientag“ zu den Dramen rangieren. Man nehme falsche Lob protestiere ich, mit dem willfährige Theater¬
2942 1274 3341 1339 Der Preßleit
441 1297 3346 1380 nur die „Handlung“. Aufs Gut des Grafen Pazmandy manschel und leichtfertige Berufsschreiber den form= ein durchlöchertes Schin
443 1354 3342 1401 kommt Fürst Ravenstein mit seinem natürlichen Sohn, schönen Erzähler, den geistreichen Causeur, den farben=ten Armada. Alles üb
444 1398 2872 1460 ihn seinem alten Freund vorzustellen, der nicht weiß, daß reichen Seelenmaler zum modernen Schiller hinauf¬
2854 1416 3347 1495 der den Erlös an die
440 1449 2879 1528 die eigene Tochter die Mutter des Bengels ist. Und dann polstern wollen. Unseren Schiller müssen wir nicht ver¬
2955 1472 3340 1534 Der Minister
440 1499 2883 1564 kommt seine Geliebte, sich die Villa anschauen . . . Das ballhornisieren lassen, wir haben nur einen. Und wenn
2873 1518 3351 1590 sind wir derzeit nicht#
438 1558 2884 1619 ist die Handlung. Denn daß sich diese gemischte Gesell= man mit solchem Lob auch mehr dem Schnitzler wie dem
2877 1567 3344 1642 wendig, unsere Provoka
441 1607 2877 1672 schaft in abwechselnden Dialogen alles das erzählt und Schiller schadet, selbst den unfreiwilligen Spott dürfen
2963 1621 3351 1687 Der Preßleit
442 1641 1674 1706 endlich die mütterliche Tochter verspricht, mit nach
1660 1648 2863 1717 wir an den Dichter des „Wallenstein“ und der „Räuber“
2870 1650 3333 1736 Wochen in den ewigen
450 1680 2066 1765 Ostende zu fahren um sich eventuell mit ihrem n-##evant-nicht heranlassen.
2872 1716 3332 1785 Denn ich glapbe, wenn
442 1739 1685 1792 Gemahl zu verloben, das kann man doch im Ernst nicht
1759 1760 3347 1831 Ehren wir unsere hervorragenden Geister. Tun bald der Geschichte ang
437 1800 3343 1876 dramatisch oder Handlung nennen?! Ein Plausch im wir im Ueberschwang manchmal auch etwas mehr, als übrigens noch fünf Min
451 1844 2887 1929 Freien ist das. Dagegen ist Vergas „Cavalleria“ ein dem gesunden Urteil gerade zuträglich ist. Das macht
2884 1868 3344 1945 Frist. Wollen Exzellen
441 1904 3253 1974 dramatisches Meisterwerk und Schillers rastlose, dra-nichts „wenn auch „der Becher überschäumt". Aber vor ich sie publiziere.
442 1962 2889 2034 matische Webearbeit in einem Atem mit solchem Salon=[Geschmacklosigkeiten muß man tüchtige Menschen auch
2949 1937 3348 2034 Der Ministe
447 1993 2886 2083 plausch zu nennen, dazu können sich doch wirklich nur dann in Schutz nehmen, wenn der bittere Nachgeschmack
2880 1990 3343 2097 schließen, daß man uns
446 2052 2888 2126 rettungslos verschmockte „five o’elock-tea=Ploderer“ ver-gekränkter Eitelkeit die Arbeit nicht lohnt. Den Jubel
2959 2062 3354 2134 Der, Preßleit
451 2094 2901 2181 stehen. Zu weit darf man aber solche Schmockerei nicht der Menge, den rauschenden Applaus, die tränenfunkeln¬
2952 2105 3351 2181 Der Minister
448 2137 3343 2226 vorwagen lassen, sie bringt sonst wirklich das gesunde den Augen der schönen Frauen, das alles gönnen wir (Kein Geld im Hause.
449 2180 1480 2260 Urteil unter ihre literarische Korporalsfuchtel.
1668 2201 3345 2280 dem Dichter vom Herzen. Nur muß er sich nicht „ver=Affäre ziehen ... (Zun
557 2245 1677 2313 Verträgt Schnitzler die Wahrheit nicht, schlimm für
1670 2257 3351 2329 kannt“ dünken, wenn ihn die Theaterdirektoren zu wenig klärung auf: Seine Ex
457 2270 3345 2363 ihn. Seiner dichterischen Feinfühligkeit, seiner schrift aufführen. Dauernd behaupten sich auf der Bühne nur matum: Erstens habe e
458 2345 3353 2415 stellerischen Malkunst, seiner anatomischen Klarheit der Dramatiker und Herven des Geistes. Zum letzteren barten Staat zu beleid
463 2406 3351 2474 psychologischen Gliederung wird damit kein Abbruch ge¬ müßte Schnitzler erst noch heranwachsen und Dramatiker stenographischen Protok
454 2446 3349 2515 tan, wenn sich das alles in die dramatische Form nicht ist er keiner. Somit sind seine Theaterstücke für die sein, denn ein derartig
458 2493 2434 2572 ergießt, sondern Kunstwerk außerhalb der Bühne bleibt. Direktoren nur „Kaviarschnitten“.
2441 2503 3346 2590 Sie munden nur Drittens hat Seine Ex
457 2536 1674 2597 Nicht gegen die Aufführung solcher geistiger Kaviar¬
2961 2553 3341 2622 Der Preßlei
1667 2538 2654 2638 selten und dann nur empfänglichen Gaumen.
458 2589 1690 2647 schnitten wehre ich mich; im Gegenteil, ich halte derartige
2591 2582 3350 2704 Tyll red. Diplomat unserer Natich
457 2636 1703 2717 Aufführungen für eine wohltätige Abwechslung und für
2858 2646 3354 2736 daß wir die mächtigsten
461 2688 1696 2756 einen Tribut, den man den ersten, schaffenden Geistern
472 2736 1700 2830 der Zeit schuldig ist. Nur gegen das speichelleckrige,
3041 2789 3336 2879 mit vofort u
585 2817 835 2893 Au
3039 2860 3320 2940 automatisch
1631 2828 2961 3009 -Schreibmaschine, die beste!
758 2820 1326 3050 dea
3044 2930 3354 3089 Ich. S
1031 3025 1119 3101 S
3043 3058 3360 3167 Wien III., H
1682 3028 2853 3164 Grösste Durchschlagsfühigkeil! S Beste Reterenzen!
