3436 4384
739 50 1494 106 distinction of being the third ergan¬
741 85 1493 145 ization in this country to put the cyn¬
740 116 1496 189 ical and frivolous Anatol on the stage.
753 164 1496 227 Winthrop Ames set the example at the
748 203 1499 264 Little Theatre in New York and the
752 246 1498 305 Chicago Theatre Society followed suit.
746 290 1484 340 Both in New York and Chicago, how¬
738 313 1496 372 ever, five episodes were played. Wheth¬
737 350 1485 406 er prudery or a poverty of actresses
744 384 1489 443 restricted the Players’ Club to two, de¬
727 422 1175 477 ponent knoweth not.
1084 454 1227 508 * *
773 493 1499 557 Schnitzler Is a Viennese, but he does
739 524 1488 590 not write musical comedy. Therefore
733 567 1493 616 he is not qulte as famillar-to the
732 603 1494 657 casual theatre-goer as Lehar or!
739 631 1493 690 Fall. Although now he ranks at the
736 678 1496 726 very top of Austrian playwrights, his
741 713 1480 757 work is very little known in this coun¬
733 743 1486 792 try. Only Mrs. Fiske, Katherine Grey
724 775 1486 827 and Alla Nazimova have had the te¬
728 804 1476 852 merity to produce any of his work in
738 834 1489 900 this country, and the vogue which they
746 874 1382 920 sought to start never flourished.
765 899 1472 961 Amateurs and the dramatic sections
729 936 1478 987 of women's clubs, however, rush in
730 969 1473 1019 Iwhere managers fear to tread. Ittakes
708 1005 1472 1061 courage to do Schnitzler, and most es¬
719 1031 1469 1090 peclally the Anatol Cyele.“ Anatel
730 1074 1480 1119 is what the slang of the hour would
721 1103 1481 1153 deseribe as a schaser.“ Each of the
734 1126 1464 1176 seven episodes of his life pietured in
721 1149 1471 1219 the cyele has to do with a new love.
732 1202 1471 1249 Where the average youtn is an ama¬
716 1229 1477 1275 teur in the art of putting off the uld
718 1268 1474 1316 love and taking on the new, Anatol
828 1291 1141 1342 past master.
1297 1298 1468 1348 Anatol's
723 1316 1467 1377 Tmethods of pursuit and capture and
720 1367 1470 1416 his repeared disillusionment with the
737 1399 1466 1449 prize that Schnitzlen describes in the
737 1428 874 1477 eyele.
1683 1448 1732 1506 —
755 1438 1477 1521 The adventures of the gay and vola¬
726 1486 1471 1548 tile Anatol with two of the ladies he
734 1529 1464 1569 successfully pursued were what the
1467 1523 1677 1583 Dvar
728 1559 1456 1597 Players' Club divulged last night. The
1476 1570 1602 1614 Bae
729 1588 1464 1651 most amusing and the most cynical of
719 1624 1301 1674 his adventures were chosen.
750 1664 2200 1732 In the first Anatol is shown en-our local amateurs Mrs. Scott is shin¬
723 1693 2220 1762 deavering as gracefully as might be ingly orchidaceous. Po Elga shel
729 1726 2228 1795 te break off relations with one of his braught a full blown beauty, a great
726 1768 2246 1839 prizes. Mimi, the girl in this case, grace and dignity, and what we love to!
714 1793 1459 1847 forestalls him by declaring she is
1464 1817 2219 1865 call personality, witheut knowing in!
719 1820 1456 1870 tired of him and has decided to trans¬
1466 1843 2223 1897 the least what it means, If she had!
719 1864 1469 1922 fer her affections to another. That
1464 1881 2203 1932 taken to the stage when more pliant
722 1897 1324 1946 is the burden of che dialogue.
1459 1912 2199 1963 there’s no saying to what heights she
752 1918 1868 1992 In the other, The Wedding Morn-might have climbed.
714 1968 1382 2013 ling.“ Anatol has finally dscided
1724 1970 1948 2028 * * *
726 1996 1462 2044 marry. But on the way from the
1480 2010 2206 2078 Hauptmann’s Elga' is net a pleasant
723 2031 1451 2079 home of his flancee the night before
1456 2035 2198 2115 play. It is typically Hauptmann, cyn¬
708 2059 1449 2113 tho wedding he meets an old flame,
1467 2092 2220 2148 ical, eruel and faithless. Hauptmann
718 2093 1455 2146 Lona, at a ball. The morning of the
1462 2126 2205 2191 recently succeeded in roaring himself
714 2126 1444 2173 wedding finds Anatol and Lona to¬
1460 2155 2192 2208 through literature until, possiblz to
720 2164 1283 2204 gether in his apartments.
1287 2167 1446 2222 Anatol,
1456 2184 2205 2260 placate him, they gave him the Nobel
713 2200 1443 2242 whe has forgotten his wedding, gud¬
1468 2231 2203 2267 prize. In Elga“ he raises like Strind¬
715 2236 1443 2282 denly remembers it. It alse finally
1461 2259 2194 2301 berg and many others of that grim
717 2268 1441 2316 dawns on Lona what is on his mind.
1464 2295 2193 2351 school the fearsome ghost of thought
722 2301 1405 2351 There is quite a row until Max,
1459 2327 2193 2387 that maternity is a fact, paternity a
715 2330 1441 2381 Triend of Anatol’s, suggests that Lona
1462 2361 2196 2412 theory. His Elga“ is the Common al¬
719 2367 1441 2416 can revenge herself on Anatol by win¬
1453 2387 2205 2448 loy of decelt and beauty, her husband
714 2404 1339 2461 ning him away from his bride.
1442 2418 2195 2483 the commoner alloy of trust and
992 2433 1193 2484 * * *
1459 2456 2202 2523 blindness. Mrs. Scott made Elga quite
740 2463 1440 2522 And the Sorosis Club, with all the
1456 2498 2200 2549 as sirenio and dual-hearted as neces¬
705 2500 1442 2554 friends, relatives and admirers of the
1459 2526 2185 2582 sary. She was quite Nethersolish in
715 2542 1441 2590 Players, applauded these two sketches
1459 2559 2196 2611 grasping the feline nature of the
719 2571 1452 2624 to the echo. If anyone there thought
1460 2594 1623 2645 woman.
718 2604 1448 2662 of foolish things like moral points of
715 2643 1446 2693 view, they didn't mention them. 1t
1476 2654 2185 2720 Swathed in Seventeenth centurg Rus¬
713 2672 1133 2721 was very refreshing.
730 2705 1430 2753 It took Schnitzler a long time to
1450 2684 2219 2746 sian costume, the nine players in this,
705 2709 1443 2785 reach this edge of the continent, We
1449 2739 2191 2785 of whom Dion Holm was the handsom¬
702 2777 1438 2823 would like to congratulate thé Plavers“
1447 2771 2189 2819 est and Mrs. Scott the most beautiful,
708 2793 1442 2857 Glub for introducing us. Let’s have
1448 2810 2193 2859 made a succession of attractive stage
715 2824 1434 2887 more of him. He ls peculiarly interest¬
1444 2840 2196 2895 pictures against the purple zurtains
706 2868 1440 2918 ing Just now, and out here, sharpened
1451 2871 2191 2927 that framed the scenes. The earnest¬
706 2901 1431 2952 by our own Inimitable saline air, we're
1447 2906 2185 2957 ness and sincerity with which all went
705 2920 1437 2987 quite abreast of his cynicism. Schnits¬
1453 2935 2177 2987 about the business of acting Haupt¬
704 2963 1427 3021 ler is a composite of physician, deca¬
1453 2972 2172 3020 mann and the letter perfeetion with
710 3001 1437 3045 dent Wilde, Ibsen, Maupassant and
1449 3001 2177 3059 which they came to the tagk made this
716 3029 1435 3086 Verlaine. His wit is Viennese and his
1443 3042 2169 3098 unpleasant little play intensely inter¬
1440 3065 1599 3111 esting.
715 3064 1433 3107 manners Parisian, and his Anatol,
701 3096 1442 3149 whiel is typical of him, has been well
1469 3090 1776 3152 The cast was:
700 3128 1445 3178 deseribed as theHamlet of Libertin¬
1719 3117 1897 3188 VElga.
704 3160 1428 3208 ism.“ Of course, he calls for much
1441 3149 2180 3218 Elga Mrs. A. W. Scott Jr.
1441 3192 2170 3229 Starchenski Dion Holm
705 3193 1422 3242 subtelty and finesse of acting when put
1441 3212 2173 3256 Marins Lucile Alsanson Smitl
702 3228 1433 3274 on the stage. Subtelty and finesse are
1453 3237 2167 3276 The Nurse Rowena Danhauer
1463 3265 2154 3311 rischa John Medlanier
702 3261 1436 3309 not qualities given to the average ama¬
1459 3283 2069 3328 imitri William
701 3293 1432 3333 teur, still what they did of Schnitzler
1459 3296 2161 3348 imasks Leo Hilgibrand
699 3327 1423 3378 last night the members of the Players'
1438 3331 2168 3379 Dortkg Dagmar Poreman
1448 3361 2159 3396 Oginski George Paterson Jr.
706 3359 1430 3410 Club did very agreeably, Those who
1470 3377 2172 3428 As many people as cauld crowd into
699 3373 1398 3447 took part in the two episodes were:
1430 3385 2182 3465 the artistic rooms of the Sorosis Club
836 3417 1296 3470 "A Farewell Supper.?
1443 3440 2182 3491 say the plays, and the quantity of
703 3438 1421 3499 Anatol Sydney Schlessinger
1440 3479 2180 3531 flowers showered on Mrs. Scott at the
811 3483 1428 3529 *. Francis P Buckier
703 3480 1428 3546 Waiter Edwin Oneen
1439 3510 2182 3567 end represented more money than
701 3525 1421 3582 Mimi Ellie Ewing
1446 3542 2172 3595 ever Hauptmann saw until he got the
854 3563 1317 3617 The Wedding Morn.“
1429 3565 1701 3622 Nobel prize.
703 3584 1423 3652 Anatol Sydner Schlessinger
700 3627 1433 3663 Max Francis P. Buckter
697 3648 1433 3693 Fräncois Clarence Healel
708 3671 1110 3721 Lona
968 3677 1430 3745 2. N „enbrand
727 3722 1442 3803 The Anatol episodes were followed
674 3763 1453 3840 by Hauptmann’s Elga,“ in which Mrs.
712 3806 1444 3868 A. W. Scott, as the faithless Elga,
681 3831 1447 3899 found herself hathed in an hour’s ad¬
694 3870 1444 3917 miration and drenched at the end in
682 3904 1434 3964 flowers and applause. It was a night
688 3945 1433 3988 of vivid memory for Mrs. Scott. Among
1320 4012 1462 4076 ——
2438 4028 2688 4088 s
