3436 4384
540 245 658 316 Kon
746 263 838 318 S
1522 262 1592 330 d
302 266 2329 380 21. „umi#„se Mizzjoder der Fanisientag
2469 274 2933 367 box 26/4
2362 526 3175 665 Einakter=Abend ∆ 02,
2115 596 3082 714 im Deutschen Künstler=Theater.
2066 650 3193 764 Ferbinand Bonn, vor kurzem noch in den Kammer¬
1983 688 3204 809 spielen in Hermann Bahrs „Konzert“ der vielumschwärmte
1987 758 3192 848 Meister, der seine kleinen Abenteuer hinter plätzlichen Kon¬
2000 809 3204 908 zertverpflichtungen versteckt, spielt jetzt in Barnowskys
1988 830 3210 946 Künstler=Theater den Wedelindschen Kammersänger. Und
1986 885 3203 987 dieser Bonn sieht jenem zum Verzweifeln ähnlich, so ähnlich,
1995 933 3200 1024 daß man unter dem Eindruck dieser Aehnlichkeit oft nicht
1989 971 3189 1072 weiß, wo Bahr aufhört und Wedekind beginnt; ja, wenn ich
1983 1020 3192 1114 nicht sehr irre, trägt der k. k. Kammersänger Gerardo gar
1968 1048 3193 1165 dieselben Anzüge wie Bahrs großer Gustav Heink. Solche
1959 1152 3181 1241 Rollen der Unwiderstehllchkeit liegen Vonn gut, und wenn
1957 1209 3171 1281 er seinem Kammersänger auch ein bissel zu viel von jenem
418 1214 660 1313 m
1961 1257 3178 1338 alternden Professor gab und dadurch den noch von allem
1969 1300 3169 1368 Glanz des Jugendlichen Umstrahlten abgeklärter und ge¬
1965 1339 3167 1414 reifter erscheinen ließ als das wohl in Wedekinds Absicht ge¬
430 1292 1593 1447 96 MIrnz 1-Hape Preussische Tellung. Pert
1968 1391 3174 1451 legen, so boten die Unterhaltung mit dem verkannten Opern¬
1967 1422 3172 1507 komponisten und die Auseinandersetzung mit der Frau, die
1963 1465 3164 1543 den Geliebten nicht lassen will, trotz aller Komik im einzelnen
1952 1492 3173 1587 so viel Lebenswahres im ganzen, daß man die leichte Lange¬
490 1531 1642 1599 (Aus den Theatern. Im Teutschen Künstlertheater
1962 1543 3178 1628 weile, die diese reichlich zugespitzten und erkünstelten Szenen
453 1574 1642 1634 wer am Sonnabend ein merkwürdiges Trisolium beisammen:
1955 1606 3164 1666 Wedekinds um so stärker atmen, je älter sie werden und je
447 1625 1648 1683 Wedekind, Schnitzler und Ludwig Thoma. Jeder von
1961 1633 3175 1721 öfter man sie sieht, kaum spürte. Der Schauspieler besiegte
441 1656 1640 1734 „Ahnen wartete mit einem EWedekind und Schnitzler
1953 1685 3165 1758 wieder einmal den Dichter, und der leise Unterton der Tragik,
1441 1693 1637 1748 und die
449 1705 1453 1766 gaben ihre schwächsten: den „Kammersänger“
1958 1722 3175 1783 der in den barocken Szenen schwingt, erhielt durch ihn hier
456 1717 1649 1785 „Komteß Mizzi“, Ludwig Thoma zeigte seinen besten, den
456 1777 1647 1825 Bauernschwank „1. Klasse“. Alle drei sind in Berlin oft ge¬
1960 1775 3171 1846 und da ergreifenden Klang. Julie Serda als die Frau, die
462 1807 1641 1872 spielt worden; daß sie jetzt dem berühmten dringenden Bedürfnis
1948 1808 3173 1885 lieber in den Tod geht als daß sie nach dem kurzen Rausch
463 1854 1649 1901 abzuhelsen berufen sind, kann man nicht sagen. Wedekinds
1958 1860 3172 1925 in den Armen des gefeierten Künstlers zu Mann und Kin¬
463 1886 1635 1947 „Kammersänger“ in drei Szenen zerfallend hat nur eine erträg¬
1952 1880 3166 1970 dern in die Enge ihres bisherigen Lebens zurückkehrt, und
465 1921 1639 1977 liche Mittelszene. Es ist die mit dem alten Professor, der dem vor
1947 1940 3171 2027 John Gottowt als der greise Komponist unterstützten das
458 1964 1639 2014 der Gastspielreise nervös seinen Koffer packenden K. K. Kammer¬
1964 1967 2700 2048 Spiel Bonns auf das vorteilhafteste.
460 1998 1646 2064 sänger seine Oper bringt und sein Flehen um die Erfüllung seiner
2034 2023 3164 2097 „Komtesse Mizzi“ vonS#itzler falgte. Bonn der
465 2040 1633 2093 ewigen Lebenshoffnung damit beantwortet sieht, daß der K. K.
1948 2056 3170 2141 alte Graf, dessen Lolo nach langen=Jahee friedlicher und
453 2087 1645 2140 Kammersänger seine Brieftasche offnet und den alten Mann mit
453 2127 1642 2177 ein paar Hundert Mark hinauskomplimentieren will. Kunstschaffen
1942 2101 3164 2165 rührender Liebe heiratet, im endlich „in geordnete Ver¬
465 2151 1649 2214 und Kunstbetriob treten sich als zwei unüberbrückbare Gegensätze
1948 2150 3163 2229 hältnisse zu kommen“ und dem nun an der Seite seiner
459 2203 1646 2238 gegenüber. Es ist von Wedekind ohne viel Aufwand erledigt wor¬
1953 2202 3168 2276 Mizzi die „Einsamkeit“ droht; äußerlich ein wenig an den
460 2239 1639 2287 den, ohne den Aufschrei aus der eigenen Brust. Beim zweiten Ein¬
1950 2249 3161 2308 alten Kaiser erinnernd, aber lebenslustig noch und munter,
466 2270 1643 2327 akter „Komtesse Mizzi“ kam man dahinter, daß es die Direktion
1954 2290 3163 2358 von herzgewinnender Jovialität und in die Ueberraschungen.
461 2316 1640 2374 weniger auf Wedekind, Schnitler und Thoma, sondern auf einen
1952 2333 3164 2397 die ihm der eine kurze Sommertag bringt und die ihm statt
465 2353 1639 2402 Ferdinand Bonn=Abend abgesehen hatte. Der K. K.
1944 2359 3158 2436 der gefürchteten Einsamkeit ein heiteres Leben verheißen,
458 2387 1646 2442 Kammersänger erschien jetzt als Graf v. Arpad Pazmandy, der sich
1949 2421 3158 2496 sich mit lächelnder Laune und stiller Wehmut schickend ...
453 2431 1640 2478 augenblicklich in einer scheußlichen Situation befindet. Sein Herz¬
1946 2459 3157 2534 eine Gestalt von eigenwilligem Reize; Julie Serda eine
455 2467 1627 2518 ruhaus, die Schauspielerin Loto, ist im Begriff, sich zu verhei¬
466 2502 1642 2553 raten. Damit beginnt hier die eigentümliche Anwendung des
1960 2501 3152 2574 sehr natürliche, behaglich=rundliche Komtesse Mizzi, die ihre
447 2549 1641 2601 Satzes, daß es auf der Alm ka Sünd gibt. Die Fortsetzung liefert
1947 2542 3166 2618 miverhoffte Mutterschaft mit komischer Würde trägt und dem
1954 2587 3156 2659 so plötzlich aufgetauchten Bub zuliebe einen dicken Strich
1526 2586 1682 2669 S
1957 2637 3163 2689 unter alles Bisherige macht; Max Landa als Fürst Egon
460 2640 1641 2731 dann die gräfliche Tochter, Komtesse Mizzi, selber. Es ist wirklich
1954 2673 3155 2751 eine echt Schnitzlersche Figur, vieleicht die echteste der ganzen
462 2689 1656 2774 eine ungekränkte Moralinfreiheit in diesem Oesterreich von der
1950 2721 3156 2777 kleinen Komödie; und Toni Tetzlaff als Lolo und Walter
477 2723 1654 2803 Alm bis ins Grafenschloß. Dritte Verwandlung. Ferdinand Bonn
1952 2767 3166 2812 Reymner als der Bub fügen sich in diesen bunten Reigen
463 2765 1651 2836 erscheint als der bayerische Bauer und Abgeordnete Frieser und
1945 2801 3159 2873 mit viel wienerischer Grazie ergänzend ein. Das Leben ist
457 2806 1644 2884 hat einen durchschlagenden Erfolg. Seine Maske haben die Zeichner
464 2840 1641 2921 des Simplizissimus entworfen. Riesige Ohrwascheln und eine
1953 2844 3162 2923 hier noch ein Spiel, weiche Lust fächelt, alles ist heiter und
466 2875 1649 2960 schief überhängende Unterlippe zieren sein Gesicht. Er kommt mit
1946 2883 3160 2961 licht. Das Gewittergrollen des Schicksals tönt nur ganz
457 2909 1634 2995 einem Spankorb mit Eiern ins Abteil „1. Klasse“. Er spricht einen
1953 2928 3149 2993 schwach in diese Komödie der Worte, und die Kunst, mit der
465 2951 1642 3048 großartigen Dialekt, ist echt bis auf die Stalluft, aus der er eben
1950 2974 3164 3035 die Menschen es überhören, es nicht an sich heranlassen, ist
456 2987 1639 3059 kommt. Er trug die Satire der Thomaschen Komödie als warmes
1947 3022 3157 3086 zumindest amüsant. Hat es so etwas denn nicht einmal
451 3021 1645 3121 Leben in den Handen. Hat Reinhardi diesen von Bühnenblut ganz
1949 3067 3145 3123 gegeben? So freuen wir uns dessen lächelnd und erinnerung¬
461 3062 1632 3156 erfüllten, nicht alternden Schauspieler an Barnowsky abgegeben
1952 3105 3148 3171 versunken, und wenn der Vorhang fällt, sagen wir einer
452 3102 1636 3162 oder war Herr Bonn nur zu Gast? Neben ihm hielten Herr
1954 3151 3155 3212 Stunde Lebewohl, die keine Ueberraschung, aber auch keine
446 3144 1643 3232 Gottoldt als Professor Dührtng im „Kammersänger“ und Herr
1958 3186 2512 3249 Enttäuschung gebracht hat.
444 3178 1634 3278 Adalbert als „Saupreuß“ in Thomas,=Schwank dem Gesamt¬
444 3221 1193 3340 spiel kräftig die Stange.
2019 3233 3143 3301 Ludwig Thomas saftiger Bauernschwank „1. Klasse“
1434 3247 1611 3315 E. B
1947 3261 3144 3346 machte den Beschluß. Der hinlänglich bekannte, übermütige
1949 3317 3152 3386 Akt holt seine spaßigsten Wirkungen aus der Gegensätzlich¬
1941 3355 3147 3428 keit der Leutchen, die der Zufall in einem Eilzugkupee
1940 3395 3147 3473 1. Klasse zusammenwürfelt: ein Pärchen auf der Hochzeits¬
1948 3453 3152 3518 reise, ein eingebildeter Ministerialrat, ein Reisender aus
1938 3490 3145 3560 Neu=Ruppin und zwei bayerische Bauern, von denen der
1943 3532 3145 3606 eine der Abgeordnete Filser ist. Max Landa, Max
1935 3558 3137 3637 Adolbert, Hans Sternberg sind in ihren Rollen be¬
1950 3611 3145 3688 kannt. Neu aber ist der Filser Ferdinand Bonns.
1945 3656 3144 3721 Kammersänger, österreichischer Graf und bayerischer Bauer
1945 3697 3147 3764 an einem Abend . .. das will doch etwas heißen und macht
1941 3742 3138 3806 der Verwandlungsfähigkeit Bonns alle Ehre. Denn alles
1937 3782 3141 3847 war er ganz; und doch, denkt man an den lustigen und unter¬
1941 3823 3135 3883 haltsamen Abend zurück, gebührt seinem Filser die Palme.
1934 3864 3140 3925 Welch eine urwüchsige Gestalt! Die hängende Unterlippe,
1933 3912 3135 3971 die wackelnden Ohren, dies Lachen und vor allem die ver¬
1941 3948 3142 4006 schmitzte Würde, in die er sich blitzschnell hineinfindet, als der
1934 3991 3135 4037 Zugführer ihn dem vornehmen königlich bayerischen
1934 4026 3141 4081 Ministerialrat als den Abgeordneten Filser offenbart und
1925 4076 3132 4140 dieser auf einmal kaum weiß, wie nur immer er dem Herrn
1925 4127 3137 4182 Abgeordneten seine Ehrfurcht und Ergebenheit beweisen soll
1931 4166 3133 4230 — das alles war von einer geradezu zwerchfellerschütternden
1927 4203 3126 4268 Komik, und das leise Schmunzeln und verhaltene Lächeln,
1937 4243 3121 4291 bag die Panmots aus Modekinde und Schnitzlers kultinierten
