3344 4352
833 153 942 220 Mi
944 159 1015 219 2
168 137 2215 236 21. Kontes1oderder Fani Lientag
1480 938 2203 1010 Verstandes, dessen Seelenkenntnis
744 941 1454 1013 Flamme und geben vorläufig mehr
1478 997 2196 1056 man bewundern kann, dessen auf¬
740 994 1467 1066 Qualm als Licht und Wärme; un¬
1471 1042 2189 1103 bauende Überzeugungs= und Ge¬
746 1048 1466 1098 verkennbar aber und Respekt ge¬
1466 1080 2192 1154 staltungskraft aber von Szene zu
735 1100 1470 1159 bietend ist das heiße Verlangen all
1482 1127 2192 1203 Szene mehr in sich zusammen¬
735 1137 1463 1198 dieser Gedenkfeiern, durch die jähen
1471 1182 2190 1261 schmilzt. Eine andre Darstellerin,
744 1197 1469 1253 Wandlungen und Verzerrungen des
1483 1232 2205 1292 etwa die Bertens in jüngern Jah¬
751 1247 1459 1306 flackernden Genies hindurch zu dem
1479 1271 2193 1344 ren, hätte diese an Heldin und
752 1299 1460 1348 Aufrechten und Dauernden zu ge¬
1472 1325 2203 1400 Drama gleich gefährlich nagende
745 1336 1463 1409 langen, das man hinter ihnen ahnt.
1478 1373 2193 1446 Zersetzung vielleicht zu dämpfen ver¬
753 1389 1470 1445 Allerlei Anzeichen sprechen dafür,
1489 1427 2205 1491 mocht — Irene Triesch, die sich das
745 1443 1460 1508 daß er jetzt selbst nach einem Anker¬
1477 1484 2203 1543 Theater an der Königgrätzer Straße
743 1486 1474 1543 platz sucht, wo seine Schiffe Ruhe
1469 1528 2201 1598 für die Titelrolle vom Lessingthea¬
749 1528 1459 1594 und seine Leidenschaften Besänfti¬
1475 1584 2200 1649 ter geholt hatte — ein jammervoller
751 1580 1461 1649 gung finden. Mit ihm sucht die
1471 1623 2209 1679 Zustand, diese ewige plundrige
747 1634 1460 1690 deutsche Bühne, und noch einmal,
1482 1680 2208 1742 Schauspielerborgerei! — tat aus
753 1682 1471 1738 wie schon vor einem Jahrzehnt, naht
1480 1711 2201 1792 ihrer zerfasernden Intelligenz her¬
751 1730 1472 1792 sie sich seinen historischen Heimat¬
1474 1774 2212 1838 aus alles, um die „große schlimme
749 1777 1467 1845 dramen, in der Hoffnung, in diesem
1481 1822 2213 1890 Christine“ in dem kleinen hysterisch
754 1826 1474 1892 Bezirke ein Stück Gottesfrieden nach
1484 1877 2212 1952 unartigen Christel untergehen zu
748 1882 1463 1944 all dem Lärm und Kampf zu ent¬
1481 1924 1658 1989 lassen.
748 1925 1461 2003 decken. Doch ihre Hoffnung wird
1536 1946 2198 2034 Der Rest dieser Wochen war Ko¬
750 1978 1465 2056 nur halb erfüllt. Auch die „Köni¬
1492 2010 2205 2081 mödie, Lustspiel und Schwank. Rein¬
749 2024 1477 2101 gin Christine", dieses um 1904
1489 2070 2205 2129 hardt feierte seine Heimrehr vom
753 2073 1468 2145 entstandene Drama, das fünfte in
1483 2109 2209 2174 Londoner Weihnachtsmarkt mit der
751 2119 1474 2175 der Reihe der acht historischen
1487 2156 2202 2225 Aufführung der strahlend heiteren
755 2169 1473 2235 Schauspiele, ist nicht mehr als ein
1493 2218 2213 2279 Liebeskomödie „Viel Lärm um
760 2214 1479 2288 schwächliches Gemisch kleinlich zer¬
1486 2255 2216 2317 nichts“ und putzte diesen Stern
764 2278 1479 2336 fasernder Seelenanalyse und vage
1484 2305 2207 2385 der höchsten Höhe so blank, wie er
764 2317 1477 2380 schweifender Mystik, die ihre Halt¬
1493 2359 2211 2438 sich dem elisabethischen England am
759 2367 1469 2427 losigkeit vergebens hinter dem täu¬
1494 2414 2207 2475 ersten Tag gezeigt haben mag,
768 2420 1476 2479 schenden Programmwort von dem
1491 2455 2212 2520 hängte aber doch auch wieder aller¬
766 2465 1464 2535 „bewußten Willen in der Weltge¬
1495 2498 2208 2576 lei schnörkelhafte, sich selbst parodie¬
760 2509 1470 2575 schichte“ zu verbergen sucht. Von
1498 2554 2216 2617 rende Klunker dran — zum Glück
760 2561 1475 2621 dem Rückgrat der Geschichte, das
1488 2607 2204 2670 nicht entfernt in der halsbrecheri¬
761 2612 1474 2689 diesem reichbelaubten, kühn empor¬
1493 2664 2208 2719 schen Manegemanier, die einst das
769 2655 1472 2728 strebenden, aber unaufhörlich
1498 2702 2208 2782 Zwillingsstück dieser Liebes=, Ver¬
759 2697 1487 2785 schwankenden Schaft einer durch und
1494 2751 2212 2813 leumdungs= und Eifersuchtskomö¬
767 2757 1480 2815 durch triebhaften Begabung zum
1497 2804 2204 2860 die, die „Zähmung der Widerspen¬
764 2810 1491 2870 Segen hätte werden können, spürt
1500 2835 2213 2930 stigen“, beinahe für den Zirkus reif
765 2858 1478 2927 man nur in den beiden ersten Akten
1506 2898 1812 2969 gemacht hätte.
765 2909 1475 2969 etwas, in denen die Zeit nach Gustav
1542 2936 2207 3013 Im Lessingtheater gab es einen
768 2948 1493 3012 Adolfs Tode kräftig umrissen und
1490 2995 2214 3083 neuen Sniklerschen Einakter
770 3003 1490 3061 der verhängnisvolle Gegensatz zwi¬
1506 3044 2206 3105 „Komtesse Mizzi“, die geistreich
774 3053 1482 3119 schen dem soliden, gründlichen
1489 3093 2217 3162 schillernde, halb strafende, halb strei¬
774 3104 1490 3170 Schweden Oxenstjernas und dem luf¬
1491 3142 2209 3199 chelnde Frotzelung einer „unbege¬
763 3147 1484 3223 tigen, unterhöhlten und angefresse¬
1498 3184 2219 3256 benen“ leise angefaulten österreichi¬
769 3204 1481 3264 nen Schweden Christinens farbig
1492 3250 2206 3303 schen Aristokratin, die sich über alles
771 3251 1491 3315 illustriert wird. Nachher verkrümelt
1497 3284 2220 3349 Familienhafte wunder wie erhaben
772 3308 1495 3363 und zerstäubt alles unter den Boh¬
768 3337 2219 3420 rern und Feilen eines auflösenden dünkt, dann aber auf ihre späten
2061 3433 2205 3513 391
759 3405 1179 3520 2 Märdbest bis
1599 3600 2288 3717 Kad
2325 3516 2476 3725 1
2352 120 2807 229 box 26/3
