3344 4352
2856 155 2927 290 1
869 146 2875 285 Berichte über Graukkührungen
474 182 804 324 (Sase
512 284 581 389 S
860 283 2347 435 und Neuerwerbungen
456 407 757 534 K
861 420 2927 524 von B. Fischer, Verlag (Theaterabteilung), Berlin del, Bülowstr. 9n
2752 555 3105 630 Februar 1912
442 562 811 643 Bericht Nr. 49
1129 928 2454 1135 Arthur Schnitzler:
434 1230 3087 1343 Koltttege Intest oder der Taltttieltlag
1436 1378 2119 1496 Komödie in einem Akt.
856 1560 924 1688 1
907 1558 2725 1695 diese „kleine meisterkomödie“ Arthur Schnitzlers
543 1687 3004 1805 erzielte auch bei seiner Aufführung im Lefsingtheater zu Berlin
554 1820 3002 1951 am 30. Januar 1912 einen großen Erfolg bei Publikum und Presse.
434 1986 3114 2108 Aufgeführt: Breslau, Stadttheater — Bromberg, Stadttheater — Brünn, Stadttheater — Bern, Intimes Theater — Cöln a. Rh.,
710 2078 3095 2162 Vereinigte Stadttheater Crefeld, Stadttheater —-düffeldorf, Schauspielhaus — hannover, deutsches Theater —
700 2141 3121 2215 Königsberg i. Pr., Neues Schauspielhaus — leipzig, Stadttheater — München, Vereinigte Theater — Prag,
694 2219 3118 2310 kgl. deutsches Ländestheater — Stockholm, Kgl. Dramatiska Teatern — Straßburg i. E., Stadttheater — Stuttgart,
707 2308 1842 2399 Stuttgarter Schauspielhaus — Zürich, Stadttheater.
444 2378 1522 2514 Angenommen: Frankfurt a. M., Schaufpielhaus.
1850 2556 3117 2645 Schnitzlers subtiles Dialogspiel ist entzückend in seinem launen¬
539 2572 1793 2654 „Komtesse mizzi“ gehört zu den großen Kößlichkeiten, und
1786 2622 3110 2706 reichen Geschnörkel. So durchgeistigt von weltmännischer Überlegen¬
442 2649 1785 2716 es bleibt oder blieh bis gestern abend eine große Wunderlichkeit,
1778 2692 3112 2765 heit, daß man dem Dichter manches schroffe Wort über sein
441 2701 1781 2770 daß man nach dieser Erquickung, die Schnitzler schon vor mehreren
1767 2748 3128 2827 selbstgefälliges Liebeleigeleier gerne abbittet. Dieser verwöhnte,
449 2762 1759 2848 Jahren bereitete, nicht öfter verlangt hat. Vossische Zeitung, Berlin.
1784 2808 3117 2879 lächelnd verstehende Raisonneur lebt sich doch am sichersten im
548 2840 1779 2929 diese Komtesse mizzi gehört zu den besten Schöpfungen
1782 2866 3129 2943 Einakter aus, in der ironisch=sentimentalen Arabeske, bei der er
1310 2899 1768 2992 Die Wahrheit, Berlin.
441 2894 714 2994 Schnitzlers.
1769 2923 3119 2999 jeden Linienbug kontrollieren und mit läßiger Sicherheit die schillernden
550 2940 1784 3050 Die Satire ist scharf, doch nicht verletzend, die Pikanterie
1776 2973 3122 3062 Lichter aufsetzen kann. das ist ihm kaum je so geglückt wie
448 3032 1778 3113 stark, doch ohne den Geschmack zu stören, die Pointen witzig und
2579 3041 3087 3151 National=Zeitung, Berlin.
1774 3052 1921 3142 hier.
1275 3093 1760 3179 Berliner Börsen=Courier.
445 3094 654 3184 treffend.
1861 3120 3125 3223 Schnitzler kann sein Ganzes und Bestes in einem Einakter
534 3143 1798 3255 Eine kleine Meisterkomödie: „Komtesse Mizzi oder der
1782 3213 3126 3292 sagen. „Komtesse mizzi“ genügt, wenn sie nach fünfhundert
449 3212 1779 3306 Familientag“, die wohl zu den rundesten und amüsantesten Stückchen
1773 3275 3130 3342 Jahren von ihm die Kunde meldet. Befseres und Fröhlicheres,
441 3294 1778 3376 des Wiener Dialogmeisters zu rechnen ist. Eine kleine Studie aus
454 3370 3128 3429 dem österreichischen Aristokratenmilieu, ein bißchen suffisant, ein Witigeres und Pikanteres hat er nicht geschrieben. Die
1785 3384 3112 3465 Schnitzlersche Kunst kann sagen: Mein Name ist Komtesse Mizzi.
453 3410 1780 3488 wenig konstruiert, aber brillant aufgebaut und mit jener, von
2711 3440 3094 3523 Der Tag, Berlin.
453 3478 1786 3547 Aufdringlichkeit so freien, so gewissermaßen selbstverständlichen Poin¬
453 3524 1797 3620 tierung, die eine der liebenswertesten Eigenheiten von Schnitzlers
1864 3494 3128 3614 „Komtesse Mizzi“ ist im Reiz der stofflichen Erfindung, in
443 3587 984 3676 unverwelktem Talent ist.
1389 3588 3123 3669 B. Z. am Mittag. der seinen Verzahnung der Szenenführung, in der schwebenden
544 3648 3128 3744 die Zuhörerschaft ließ sich willigst von dem geistreichen Stimmung und der weltmännischen Anmut der Dialoge echtester
1783 3717 3120 3790 und bester Schnihler, den noch dazu die Gesetze des Einakters
438 3728 1781 3798 Spötter und Verspötter der gesellschaftlichen heucheleien leiten
438 3776 3124 3847 und nahm all die glitzernden Bosheiten und all die zugespitzten zu vorteilhafter Knappheit zwangen. Die Handlung ist mit
446 3852 3126 3902 Anzüglichkeiten mit verständnisinnigem Behagen entgegen, ja sie ihrer äußeren Heiterkeit und ihrem inneren Ernst von den geschicktesten
454 3879 3114 3971 sing sie förmlich auf, als sie noch gewissermaßen in der Luft Händen aufgebaut und zog im wunderhübsch abgestimmten Spiel
2689 3945 3094 4048 Berliner Abendpost.
1291 3959 2443 4044 Magdeburgische Zeitung. die Hörer raso in ihren Bann.
440 3968 703 4065 schwebten.
