3436 4384
303 70 456 169 21
984 86 1051 154 M
447 120 2337 218 Kontesse1zz □oder der Fani Lientag
1302 486 1958 597 Dr. Max Goldschmidt
1303 566 1944 672 Büro für Zeitungsausschnitte
1111 624 1408 708 BBRLIN N4
1662 646 2116 723 Telefon: Norden 3051
1443 744 1803 820 Ausschnift ane:
1234 807 2002 900 Neue freie Presse, Wien
1482 978 1902 1082 24. Wärz 1927
1431 1053 1917 1176 Akademielhealer.
1070 1107 2261 1260 „Komtesse Mitzi“ von Schnitzker. — „Das Beischen“
1540 1188 1881 1262 von Molyar.
1155 1198 2257 1335 Zu den Toten des Weltkrieges gehört, wenn man den
1060 1261 2252 1371 Versicherungen deutscher Theaterdirtkktoren Glauben schenken
1069 1310 2250 1438 darf, auch der Einakter. Diese drameitische Kunstform hat sich
1060 1368 2260 1478 überlebt, heißt es, das Publikum mill nichts mehr von ihr
1058 1399 2260 1535 wissen, nur Mehrakter lohnen die Mühe ihrer Aufführung.
1064 1450 2246 1579 Lauter Behauptungen, die man als solche nicht ernster zu
1057 1486 2259 1612 nehmen braucht als andere dieses an unbewiesenen und schwer
1062 1537 2235 1659 zu beweisenden Behauptungen so überreichen Zeitalters. In
1054 1588 2236 1716 Wahrheit ist der Einakter die klassische und die ewige Form
1060 1633 2228 1747 des Dramas. Der „König Oedipus“ ist ein Einakter und —
1053 1680 2229 1781 um zweitausend Jahre zu überspringen — der „Zerbrochene
1055 1736 2227 1852 Krug“ ist es gleichfalls. Davon abgeschen, ist der Einakter
1051 1781 2219 1891 allen anderen Kunstformen durchaus ebenbürtig, von denen
1048 1819 2217 1931 er sich oft nur durch eine größere Ehrlichkeit unterscheidet:
1039 1874 2221 1982 er nimmt für die Entsaltung eines Einfalles nicht mehr Zeit
1054 1917 2209 2025 und Raum in Anspruch, als der ihm innewohnenden Be¬
1048 1963 2201 2073 deutung zukommt. Tritt dazu eine besondere dichterische Ver¬
1042 2004 2201 2115 anlagung, derjenigen des Novellisten venvandt, so wäre es
1041 2045 2199 2163 mehr als unbillig, den Einakter aus dem Bereich des
1038 2102 2196 2209 praktischen Theaters zu verbannen weil er „nur“ ein Einakter
1031 2158 2204 2259 ist. In diesem Falle befindet sich Arthur Schniyler dessen
1041 2202 2195 2306 „Letzte Masken“, „Literatur“, „Große Szene“, „Puppen¬
1030 2247 2190 2353 spieler". — um nur einige seiner kurzen Diramen anzuführen
1062 2294 2180 2397 — wahre Meisterwerke sind, die in jedem Linn, auch im rein
1026 2323 2183 2445 dramatischen, zu den geglücktesten und schlakenlosesten dieses
1029 2382 2175 2494 Dichters zählen. Man kann Schnitzler, ohne seinen abend¬
1021 2429 2186 2548 füllenden Stücken im geringsten Abbruch zu tun, geradezu
1005 2466 1770 2577 einen Klasiter des Einakters nenner.
1066 2585 2152 2674 Ein solcher klassischer Einakter ist auch die „Kom¬
983 2658 2151 2723 stesse Mitzi“, deren heitere Unverwüstlichkeit die Auf¬
985 2709 2165 2773 führung am Akademietheater neuerlich erhärtet. Das Wiener
987 2758 2157 2809 Gesellschaftsbild, das der Wiener Dichter in diesem Stück
979 2802 2152 2861 vor bald zwanzig Jahren entwarf, ist nicht nur koloristisch,
980 2842 2162 2913 auch gesellschaftlich seither bedeutend nachgedunkelt — Fürst
993 2903 2158 2959 Ravenstein sitzt nicht mehr im Herrenhaus und Graf
993 2948 2166 3011 Pazmandy fährt nicht mehr mit seiner Tochter nach Ostende
1059 2993 2166 3061 aber indem das Zuständliche etwas zurücktritt, tritt der
988 3038 2159 3094 zeitlose Spott über alle Klassenvorurteile in Liebessachen nur
991 3090 2155 3139 um so deutlicher hervor. Es ist ein Vorwurf, eines Komödien¬
980 3134 2146 3181 dichters würdia, und er hat ihn im vorliegenden Fall ge¬
982 3171 2162 3227 sunden. Zu der Endgültigkeit dieses Eindrucks, die ein un¬
992 3231 2165 3297 gewöhnlich starker äußerer Erfolz besiegelte, trug auch eine
989 3266 2164 3322 liebevoll launige Darstellung bei, die dem liebenswürdigen
979 3318 2165 3377 Meisterwerk nichts Wesentliches schuldig blieb. Es ist, was
985 3353 2165 3413 die wenigsten von sich behaupten können, nicht ganz ver¬
982 3411 2167 3460 geblich älter geworden, denn zu Thaller, der den Grafen
985 3452 2156 3526 Pazmandy schon vor achtzehn Jahren im Deuischen Volks¬
989 3497 2155 3565 theater mit einleuchtender Echtheit verlebendigt hat, tritt nun,
985 3555 2160 3611 ein mehr als ebenbürtiger Partner, Herr Devrient, dessen
992 3592 2151 3655 Fürst Ravenstein einen Vorzugsplatz in der Galerie
980 3636 2155 3701 älterer Lebemänner dieses Künstlers für sich in Anspruch
986 3688 2168 3739 nehmen darf. Man weiß nicht, was man an diesem
991 3734 2160 3804 in den muntersten Lustspielfarben gehaltenen Charakter¬
1767 3775 2161 3845 die Vornehmheit
981 3769 1735 3843 gemälde mehr bewundern soll:
1718 3785 1775 3833 1
992 3814 2160 3896 oder die Selbstverständlichkeit und Mühelosigkeit, mit der
991 3865 2155 3933 diese Vornehmheit sich gibt. Sie nimmt keine Anläufe
982 3902 2159 3968 und erreicht ihr Ziel, gleichsam ohne sich vom Fleck zu
986 3963 2155 4019 rühren. ... Auch Frau Retty als Komtesse Mitzi und der
986 4012 2165 4070 ihr nahestehende junge Herr Albach als naseweises junges
987 4038 2165 4113 Fürstchen geben gutes Burgtheater, dessen überkommene
2487 105 2950 202 box 26/4
