3532 4192
-36 1187 34 1261 t
8 1339 45 1403 h
-9 1431 43 1495 51
-8 2133 55 2199 chl
2 2334 47 2396 ur
27 3772 63 3830 11
-8 3819 72 3890 era
6 3926 42 3982 in
-4 4033 43 4082 ra
501 72 1551 124 n
338 124 1546 180 seines Schaffens ist uns Artur Schnitzler im ersten Drit¬
342 174 1269 236 tel des Jänner auf Wiener Bühnen begegnet.
430 232 1546 276 Eine, Matinee der Concordia im Johann Strauß=Thea¬
339 278 1546 327 ter machte den frühesten Schnitzler und seinen vielgelesenen“,
343 331 1544 374 weniger aufgeführten „Anatol“, diesen liebenswürdigen,
340 377 1539 425 leichtsinnigen Melancholiter wieder lebendig. Von den sieben
354 424 1546 480 Anatolszenen ist eine auf unzähligen Bühnen unzählige
352 467 1555 518 Male gespielt worden, das „Abschiedssouper“, weil die ur¬
354 507 1549 575 wüchsige Ballerine Annie für Darstellerinnen des Drasti¬
344 559 1555 620 schen immer eine lockende Aufgabe bilden wird, wie sie bei¬
352 612 1555 672 spielsweise Gisela Schneider, Adele Sandrock und Hansi
346 668 1559 734 Niese zu Triumphen verhalf. Jarno hat in Wien auch zwei
348 732 1548 782 weitere von diesen Einaktern aufzuführen gewagt, die iro¬
347 772 1546 826 nische „Frage an das Schicksal“, wo einem sehr eifersüch¬
356 814 1546 882 tigen Hypnotiseur die Gelegenheit geboten ist, seine hypno¬
350 872 1557 927 tisierte Geliebte zu fragen, ob sie ihm treu sei, und er diese
358 908 1560 980 Frage lieber nicht stellt, und die „Episode“, in der Anatol,
355 965 1556 1028 vor seinem Freund Max Liebeserinnerungen auskramend,
352 1012 1560 1071 eine Episode von zwei Stunden erzählt, in denen er, wie
361 1072 1556 1127 er meint, ein Frauenschicksal für immer zermalmt hat, wor¬
355 1110 1551 1178 auf dieselbe Frausprompt bei der Tür hereintritt, und wohl
363 1179 1554 1233 den Freund Max, nicht aber ihren Zermalmer Anatol wie¬
358 1225 669 1288 dererkennt..
452 1264 1556 1324 Gern blättert man nach langen Jahren in diesen leicht¬
367 1308 1564 1386 sinnig=wehmütigen Anatolgeschichten, die vor einem halben
353 1362 1565 1435 Menschenalter erschienen sind und an denen heute nur
353 1426 1552 1476 Eines antiquiert, deplaciert anmutet: das einleitende Ge¬
361 1463 1565 1521 dicht Hugo v. Hofmannsthals, das zu Schnitzlers
356 1507 1558 1585 Dramatik schon damals nicht paßte und das mit dem Dichter
366 1570 1567 1640 der „Komtesse Mizzi“ ganz und gar nichts mehr zu schaffen
365 1619 1061 1702 hat. Denn die vielzitierten Verse:
590 1677 1184 1748 „Also spielen wir Theater,
588 1723 1231 1800 Spielen unsre eigenen Stücke,
590 1768 1289 1845 Frühgereift und zart und traurig,
583 1821 1335 1895 Unsres Fühlens Heut' und Gestern,
581 1875 1214 1959 Böser Dinge hübsche Formel,
585 1925 1198 1987 Glatte Worte, bunte Bilder,
597 1974 1245 2044 Halbes, heimliches Empfinden,
584 2028 1088 2090 Agonien, Episoden
452 2081 1578 2136 Diese Verse charakterisieren die Dramen Hofmanns¬
374 2124 1567 2182 thals, aber nicht die Schnitzlers, obwohl eine Anatolszene
371 2178 1576 2250 „Episode“ und eine andere „Agonie“ heißt. Die „Agonie“,
376 2244 1584 2292 die das Ende eines Liebesverhältnisses schildert und die
382 2274 1592 2347 Szene „Denksteine“, die gleichfalls das Aufhören einer Lei¬
375 2330 1584 2383 denschaft zum Stoff hat, sind für die Bühne zu zart, zu
380 2382 1575 2450 leicht, zu inhaltsarm. Dagegen schlägt der letzte Einakter
382 2423 1573 2496 der Sammlung, von dessen erster Aufführung hier zu berich¬
373 2475 1589 2545 ten ist, „Anatols Hochzeitsmorgen“ einen kräf¬
379 2525 1582 2587 tigen, bühnenwirksamen Ton an. Anatol sitzt melancholisch
377 2574 1593 2640 beim Frühstück in seinem Arbeitszimmer: um zwei Uhr soll
384 2624 1588 2703 er heiraten, ist aber entschieden nicht in der Stimmung
387 2683 1587 2744 dazu und möchte am liebsten absagen. Max, der Freund und
380 2745 1586 2794 heute Tranzeuge, kommt, um zu fragen, was für eine Toi¬
382 2774 1589 2843 lette Anatols Cousine, seine Dame, tragen wird, damit er
385 2829 1590 2912 ein Bukett in den passenden Farben bestellen könne. Plötzlich
381 2879 1594 2936 ertönt aus dem benachbarten Junggesellenschlafzimmer
385 2923 1590 3002 Ilonas Stimme: „Anatol!“ Max ist entrüstet. Anatol
384 2977 1596 3044 erzählt, wie er beim Polterabend war, wie es ihn nachher
385 3026 1597 3092 übermächtig gepackt habe, daß die letzte Nacht der Freiheit
396 3077 1589 3150 und des Abenteuerns vor ihm liege und wie er daher — auf
395 3136 1597 3197 die Redoute ging. Dort traf er Ilona, der er vor 6 Wochen,
400 3189 1599 3249 als er sich verlobte, erzählt hatte, er müsse eine kleine Reise
387 3226 1597 3293 antreten. Es war ein frohes Wiedersehen, und als Anatol
391 3277 1598 3349 mit Ilona von der Redoute heimfuhr, schmiegt sich Ilona
394 3327 1595 3390 an ihn und sagt: „Nun wollen wir uns nie wieder trennen.“
397 3375 1604 3455 Ilona kommt aus dem Schlafzimmer, begrüßt Max und in
394 3427 1595 3485 lustiger Weise erfährt sie so ganz allmählich von den beiden
404 3473 1595 3547 Freunden, daß Anatol heute heiratet. Das gibt erst einen
400 3533 1599 3587 fürchterlichen Wutanfall; zuletzt aber beruhigt sie sich mit
399 3577 1603 3637 dem ihr von Max suggerierten Rachegedanken, sie werde den
401 3621 1602 3689 verheirateten Anatol schon wieder in ihr Netz und in diese
390 3675 1602 3749 Junggesellenräume zurücklocken. Kramer eignete sich mit
402 3724 1591 3801 seinem flotten Weltmannston vortrefflich für den Anatol,
405 3793 1598 3846 und Elsa Galafrés war eine füße, demimondaine Ilona.
406 3829 1609 3900 Es ist zu verwundern, daß das Deutsche Volkstheater, das
407 3875 1606 3939 die richtigen Darsteller für den Anatolzyklus hat, nicht schon
511 3966 1602 4029 * Anatol. Von Artur Schnitzler. Zehnte Auftage. S. Fi¬
408 4029 938 4090 scher, Verlag, Berlin, 1908.
1559 115 2755 167 stadtmädel, das er jetzt liebt und von dem Milieu dieser
1570 159 2754 220 Liebe: „Also — denken Sie sich — ein kleines, dämmeriges
1563 208 2751 265 Zimmer — so klein,— mit gemalten Wänden — und noch
1568 265 2740 320 dazu etwas zu licht — ein paar alte, schlechte Kupferstiche
1561 303 2754 370 mit verblaßten Aufschriften hängen da und dort. — Eine
1567 361 2753 433 Hängelampelmit einem Schirm. — Vom Fenster aus, wenn
1567 402 2758 467 es Abend wird, die Aussicht auf die im Dunkel versinkenden
1574 459 2755 525 Dächer und Rauchfänge! .. Und — wenn der Frühling
1573 509 2754 572 kommt, da wird der Garten gegenüber blühn und duf¬
1575 567 1798 626 ten ....“
1645 598 2758 675 Dies ist der Schauplatz des klassischen Wiener Stückes,
1565 653 2758 713 das Schnitzler geschrieben und das vor einigen Tagen im
1573 717 2764 775 Deutschen Volkstheater eine Auferstehung voller Glanz und
1564 759 2755 832 Glorie gefeiert hat, der „Liebelei“. Aus Anatol ist hier
1567 824 2753 893 Fritz Lobheimer geworden, Frau Gabriele spielt nur unsicht¬
1573 858 2766 922 bar mit, indem sich Anatol=Fritz von ihrem Mann im Duell
1579 912 2776 980 erschießen läßt. Das süße Mädel aber, das sich hoch oben
1577 966 2764 1030 im dämmerigen Mansardenstübchen für die einzig Geliebte
1583 1007 2763 1083 Fritzens hielt, ist hier zu einer wundervollen Figur von er¬
1578 1056 2759 1126 greifender, vielleicht unsterblicher Tragik geworden. Das
1577 1118 2769 1173 Publikum des in allen Rängen ausverkauften Deutschen
1574 1162 2761 1229 Volkstheaters lauschte mit einer Ehrfurcht und Spannung,
1574 1210 2750 1282 als ob nicht jeder dieser Premierenbesucher die „Liebelei“
1577 1251 2761 1338 schon ein paarmal gelesen und im Burgtheater gesehen ge¬
1574 1309 2771 1387 habt hätte. Tränen flossen, viele schamhaft verhehlte Tränen,
1585 1372 2765 1428 und als der Vorhang zum dritten= und letztenmal nieder¬
1575 1410 2773 1483 ging, da rief den Dichter einhelliger, überschwenglicher Jubel,
1578 1460 2773 1521 der ihm zeigte, wie sehr ihn Wien liebt, und der die Wiener
1586 1513 2773 1572 Theaterdirektoren daran erinnern sollte, daß weder „der
1584 1555 2777 1619 Schleier der Beatrice“ noch „der Ruf des Lebens“ bisher
1596 1618 2779 1674 auf einer unserer Bühnen zu sehen waren. Die Christine
1587 1670 2773 1729 spielte im Volkstheater, auf besonderen Wunsch Schnitzlers,
1595 1717 2776 1781 Käthe Hannemann. Sie befremdete anfangs durch ihr
1597 1760 2775 1827 norddeutsches, unwienerisches Sprechen. Allein als sie im
1594 1810 2770 1873 dritten Akt, ein Bild erschütternder Verzweiflung, allmensch¬
1583 1858 2776 1915 liches Leiden zu tragischer Größe hob, da begriff man den
1581 1905 2786 1985 Wunsch des Dichters. Auch die anderen Darsteller, Herr
1574 1968 2776 2033 Kutschera als Vater des süßen Mädels, der talentvolle
1588 2003 2784 2066 neue Mann des Volkstheaters Edthofer als Fritz, der
1599 2066 2786 2123 vielseitige Kramer als sein flotter Freund Theodor und
1594 2104 2787 2175 Fräulein Waldow vom Intimen Theater als schneidiges
1590 2158 2781 2212 Wiener Modistenmädel, gingen in ihren Rollen vollkom¬
1595 2224 1796 2289 mnen auf.
1677 2242 2797 2340 Und dann kam das Ereignis, die Novität, der jüngste
1605 2324 2789 2386 Einakter des heutigen Schnitzler, die „Komtesse
1602 2366 2785 2436 Mizzi“*“. Wenn im Schaffen mancher Dichter Wellental
1597 2411 2797 2493 und Wellenberg wechseln, so ist die „Liebelei“ der Höhepunkt
1601 2464 2790 2540 einer Periode Schnitzlers, der „Weg ins Freie“ aber, obwohl
1601 2513 2790 2583 mit seinen zwanzig Auflagen das meistgekaufte Buch des
1612 2560 2786 2634 Dichters und auch der sehr verwickelte, sehr gekünstelte Ein¬
1602 2618 2787 2680 akter „Komtesse Mizzi“ sind gewiß nur Werke einer über¬
1611 2663 2788 2735 gangszeit des Poeten auf dem Wege zu einer neuen Alters¬
1614 2709 2783 2780 und Arbeitsperiode. So kompliziert ist diese Komödie zu¬
1603 2763 2790 2834 sammengebaut, idaß man ihrem Inhalt erzählend kaum
1605 2816 2791 2876 folgen kann. Diese Komtesse Mizzi hat einen ganz netten,
1608 2864 2799 2930 leider seit 20 Jahren verwitweten Vater, den Grafen Arpad
1614 2914 2799 2984 Pazmandy. Daß sich der Graf nach dem Tod seiner Frau
1618 2963 2790 3036 als Mann in den besten Jahren bei der Ballettänzerin Lolo
1610 3016 2804 3086 Pallestri getröstet und mit ihr, die so ausgezeichnet kochen
1618 3061 2810 3127 konnte, achtzehn Jahre hindurch außerhalb seines Hauses
1611 3124 2806 3191 ein so schönes Familienleben geführt hat, das kann ihm
1615 3165 2792 3227 niemand übelnehmen. Dabei hat er freilich keine Zeit gehabt,
1621 3214 2806 3284 sich um sein verwaistes Töchterchen zu kümmern, und so hat
1621 3260 2794 3335 die Mizzi von ihres! Vaters Freund, dem Fürsten Egon Ra¬
1613 3310 2809 3397 venstein, grad vor 18 Jahren ein Kind kriegen und es in
1618 3364 2804 3427 aller Stille und Gemütlichkeit in einem Försterhäuschen des
1616 3412 2801 3492 Fürsten zur Welt bringen können, während sie der Vater
1611 3460 2807 3542 in einem Ursulinerinnenkloster wähnte. Mizzi wäre damals
1615 3509 2802 3571 mit dem Fürsten, der mit einer kranken Frau verheiratet
1615 3580 2808 3642 war, gern nach Amerika durchgegangen. Der Fürst aber zog
1620 3614 2808 3687 es vor, den Tod seiner Frau abzuwarten und der Mizzi erst
1615 3663 2795 3726 dann einen Heiratsantrag zu machen. Die Komtesse lehnt
1616 3717 2814 3780 diesen Antrag, den ihr der Fürst erst sieben Jahre nach der
1616 3757 2804 3827 Geburt des Sohnes machen kann, aus Erbitterung darüber
1619 3809 2809 3880 ab, daß ihr der Fürst den acht Tage alten Sohn entrissen
1619 3859 2799 3941 und bei fremden Leuten als Kind verstorbener Eltern hat
1713 3963 1760 4001 *
1778 3959 2802 4009 Komtesse Mizzi oder der Familientag. Komödie in einem
1619 3989 2699 4068 Akt .von Artur Schnitzler. S. Fischer, Verlag, Berlin, 1909.
2186 4035 2699 4122 n M r m  ungnne un
2776 99 3385 145 den liebenswürdig=unverschämt
2773 148 3400 202 Gnade des Kaisers den fürstlich
2772 183 3374 258 tragen wird, den Pazmandys
2778 240 3361 301 Gelegenheit der Komtesse
2771 286 3405 350 antrag. Es gibt noch ein klei
2776 336 3387 403 Fürsten und der Komtesse, die
2769 382 3399 448 heit die vielen Liebesverhältn
2779 437 3395 502 beiden in den letzten 10 Jahre
2782 484 3398 558 werden der 55jährige Fürst Eg
2779 541 3411 595 tesse Mizzi ein famoses Ehepch
2777 587 3398 652 junge Ravenstein wird bald auch
2786 637 3405 689 mütterlicherseits gelüftet sehen
2783 681 3405 750 ihren letzten Liebhaber und L
2779 737 3404 799 Professor Windhofer, in Gnad
2782 782 3411 839 ihrem Vater den Sommer in 2
2777 836 3410 904 auch Ravenstein Vater und R
2852 890 3405 953 Das alles und noch viel i
2787 935 3401 994 Schlag in einem einzigen Akt,
2796 990 3408 1043 schen im Schlosse des, Grafen P
2785 1038 3413 1087 falls an einem schönen Somm
2793 1079 3413 1148 den. Der Graf und seine Tocht
2791 1128 3413 1203 mit der gräflichen Familie en
2785 1185 3403 1246 zu Besuch und fragt an, ob er
2787 1236 3417 1302 dieser Sohn kommt dann in ein
2786 1284 3408 1337 natürlich der Wasner lenkt; u
2794 1336 3425 1404 überraschung des Grafen scho
2793 1390 3414 1451 weil ihr der Graf immer verspi
2794 1435 3413 1504 Hochzeit einmal sein Landschloß
2794 1480 3416 1548 So ist also „der Familientag
2790 1530 3422 1595 versteht sich vortrefflich mit L
2794 1578 3426 1646 dauere, die langjährige Gefähr
2794 1626 3414 1689 kennen gelernt und nicht zur
2797 1673 3412 1739 Ebensogut gefällt der Komtess
2805 1730 3420 1797 Graf ist von den Sympathie
2797 1776 3421 1848 entzückt, wie von dem vorlaut
2795 1825 3429 1894 Ehe seiner Tochter und in der
2799 1874 3425 1940 in der edlen Liebeskunst Entf
2805 1927 3416 1995 Familienleben an Lolos Seite
2796 1974 3424 2036 Wasner gefällt allen. Und be
2810 2023 3420 2092 der zuletzt anrückende Professo
2804 2086 3425 2135 den Malstunden“ aus ist, dem
2809 2124 3424 2195 ein Witz, der im Buch noch nich
2809 2176 3421 2233 offenbar erst bei den Proben
2810 2221 3420 2296 Grüße an seine liebe Frau und
2879 2278 3431 2335 Von guten Witzen ist der
2805 2321 3401 2381 jeder Seite voll. Diese Witze,
2812 2379 3410 2444 eine Stimmung behaglichster
2818 2421 3421 2484 rend der Aufführung keinerle
2807 2472 3410 2550 zwicktheit des Familientages
2815 2524 3421 2599 zum Telephon gerufen wird u
2803 2566 3427 2638 mit dem sie allein zurückbleib
2810 2628 3427 2688 heute so schweigsam? Erzählen
2807 2679 3427 2734 nichts Neues in der Welt?“;
2803 2719 3429 2797 tet: „Unser Sohn hat maturig
2807 2770 3421 2858 hernach erklärt: „Ich hoffe,
2813 2821 3435 2887 Neuigkeiten im Vorrat? Odern
2813 2871 3409 2947 mich persönlich mehr angehen,
2816 2926 3402 2991 unbekannten jungen Herrn“,
2819 2973 3422 3041 die von der Mutterschaft der
2828 3021 3424 3098 haben, die erste Bombe. Und &
2815 3071 3436 3140 so fort, Ulk reiht sich an Ulk
2826 3114 3442 3186 Lachen überhaupt nicht herauh
2824 3168 3442 3239 virtuos gebracht wird, wie es
2819 3215 3438 3291 wo Thaller mit dem ung
2819 3270 3431 3330 mer mit dem deutsch=franzö
2830 3318 3429 3386 mit dem fürwitzigen Maturante
2820 3373 3437 3430 und die Damen Galafres
2818 3422 3414 3492 Rollen der Mizzi nud Lolo s
2825 3467 3440 3532 besseren Dialog hat Schnitzler
2831 3521 3427 3591 „Komtesse Mizzi“. Den Erfolg
2819 3574 3432 3646 wünschen können. Bessere Stüc
2831 3622 3435 3683 die Bedenken — als dieses i
2826 3668 3448 3734 uns zweifellos noch viele schenk
2899 3716 3444 3791 Neben der Uraufführung
2824 3780 3431 3833 Artur Schnitzler kann nur ein
2835 3821 3432 3888 Theatertage erwähnt werden,
2832 3871 3419 3936 Josef Kainz zwei Wochen
2829 3925 3444 3984 (für drei lange Monate!) vo
2820 3976 3444 4045 Wie um uns den Abschied rech
