3436 4384
1661 209 1767 289 Fa
222 212 2260 316 21. Kontesse Mizzi oder der „unilientag
977 866 1101 957 470
1499 880 1894 968 Bühne und Welt.
970 1001 2430 1082 oder der Familientag“, mit der das „Lessingtheater“ eine Neu¬
965 1048 2440 1120 studierung von Karl Schönherrs „Erde“ einleitete. Aber das greifbar
973 1101 2447 1175 und faßbar Erdige, der „Duft der Scholle“, wie die Klischeefeuilletonisten
970 1142 2432 1213 sagen, ist im Umfange dieses Abends nicht nur für die zwischen dem Anzen¬
972 1199 2446 1255 gruber=, dem Rosegger= und dem Ganghofer=Stil stehende Bauerntragödie
966 1246 2440 1318 bezeichnend. Auch Schnitzlers Hand greift hier nicht, wie sie es nun seit
958 1304 2432 1356 Jahren tut, ins Leere komplizierter, am Schreibtisch erklügelter Seelen¬
961 1345 2435 1415 gespinste, versucht nicht, den Ibsen zu „überibsenen“, sondern bildet aus
963 1389 2432 1467 den alten Vorräten an ironisch=weltmännischer Lebenserfahrung, die er
961 1448 2425 1515 noch vom „Anatol“ an freimütiger Grazie, die er vom „Reigen“ her auf
965 1490 2430 1565 Lager hat, und mit denen er allenfalls die Nebenräume, nicht aber die
961 1541 2435 1618 Säle seiner letzten Bühnenarbeiten schmückte, Menschen nach seinem Bilde.
957 1603 2424 1660 Das Hergebrachte, Naheliegende wäre es gewesen, aus diesem =Vieux
971 1631 2425 1701 Marcheure, dem Paprika =Grafen, von dem sich seine langjährige
960 1687 2416 1745 Freundin, Lolo vom Ballett, in die Ehe mit einem Fiaker zurück¬
962 1744 2426 1795 zieht; aus dieser „Komteß Mizzi“, der Tochter des Aristokraten, deren
969 1788 2428 1841 vom Stamme eines Wiener Diplomaten gefallener Sündenfall, ein
961 1834 2423 1907 „strammer Junge", auch erst 18 Jahre alt werden mußte, bevor er Papa
970 1891 2427 1957 und Mama in legitimer Ehe zusammenbringen kann, die Helden einer
960 1934 2419 2002 sentimentalen Salontragödic mit dem verklingenden Bourget= oder Donnay¬
965 1986 2419 2033 Schluß oder einer Zotenposse zu machen. Schnitzler aber, der als Beicht¬
969 2033 2423 2103 vater jeden Streich, den das sexuelle Leben spielt, zu absolvieren pflegt,
964 2083 2425 2146 steht erfreulicherweise zwischen den Grenzen der Gemütsathletik und der
966 2132 2432 2180 Boccacciade; gibt Menschen, bei denen es halt stärker war als sie;
955 2156 2419 2249 Menschen, die mit dem Lose, wie sie es sich nun einmal in die Lebens¬
963 2218 2420 2288 suppe gebrockt haben, ohne Rührsamkeit, aber auch ohne Gefühlsroheit fertig zu
952 2278 2429 2354 werden trachten; Menschen, die schließlich alles können und dürfen, die alles
957 2320 2424 2395 kleidet, weil ihre Worte und Taten über die Grenzen noblen, maniervoll¬
956 2375 2423 2436 liebenswürdigen Kulturanstandes nie hinausgehen. Der Leitsatz: „Alles
963 2426 2425 2494 verstehen, heißt alles verzeihen“ ist das grundlegende Motto dieser all¬
962 2467 2424 2544 gemeinen Kameradschaftlichkeit mit ihrer unbegrenzten, nur auf die Form,
963 2524 2414 2592 nie auf den Inhalt sehenden Toleranz, bei der das Wort „Unmoral“
964 2564 2415 2641 erst im Bezirk der schlecht gebügelten Beinkleider, der nach der vorletzten
953 2622 2422 2681 Mode gefertigten Roben anfängt. Für die Damen, die im luftigen Hause
956 2663 2431 2741 dieser Unmoral verkehren, hatte Frau Triesch jene innerlich ein wenig
951 2717 2426 2784 wurmstichige, nach außen hin aber natürliche, tadellose Eleganz der Haltung
962 2765 2414 2833 und der Manieren, mit der sie schon in de Flers' und de Caillavets
958 2816 2409 2874 „Der König“ so typisch=witzig wirkte und die sie hier in den Schatten
951 2863 2420 2931 einer leise verklärenden Gutmütigkeit stellte. Fräulein Sussin, diese
951 2907 2418 2973 viel zu wenig gewürdigte Künstlerin, gab der Zwillingsschwester Annies
946 2974 2418 3030 aus dem „Abschiedssoover“ die saloppe Frische einer jener Frauen, deren
951 2998 2420 3076 Weh und Ach immer aus einem Punkte zu kurieren sein wird und deren
948 3063 2425 3117 Liebesleben auch die reiferen Jahre nicht töten können. Aber Emanuel
950 3110 2419 3184 Reicher als alter Steiger und Aristokrat war mirz im Bestreben, das
951 3147 2412 3217 Nationale seiner Figur herauszuarbeiten, zu klein; weniger vom Typ
947 3201 2208 3282 etwa des Grafen Andrassy als vom Typ des Grafen Mikosch.,
1818 3262 2332 3356 Walter Turszinsky.
2172 4114 2420 4216 eng
2398 220 2847 329 box 26/3
