3436 4384
667 332 817 397 tes
972 320 1163 404 Miz:
1304 345 1380 408 0
305 350 2323 466 21. Kol. „sez1 „ner der Fanilientan
215 889 844 963 Humor und melancholischen An¬
202 924 849 998 heiratung seiner Lolo). Die Lolo
857 926 1985 1045 Mogensen des Herrn Bartak war so vergnügt und lieb, da
214 970 843 1056 st flott, die Komtesse Mizzi von
861 968 1981 1062 er einem wirklich nicht leid tun konnte. Herr Keller
231 1019 799 1101 frei, kühl und doch sinnlich —
845 1007 1973 1123 Nebri war ein schneidiger Schwerenöter und Herr Walt¬
192 1031 841 1136 m einen Charatter, der sich nicht
858 1054 1972 1166 Tautz ein heißblütiger, in seiner verliebten Tollpätschigke
202 1108 805 1176 haftswörtchen skizzieren läßt! —
851 1093 1968 1210 besonders belustigend wirkender Modejüngling Marti¬
204 1151 828 1229 venstein machte Herr Miltner¬
856 1141 1962 1258 Theodora Porst fiel das kleine, die erotische Idylle kompletti
196 1190 835 1274 kvierten Fünfziger, der eine alte
850 1196 1972 1301 rende Röllchen der Frau Lilh und Käte Ruf das Amt ein
216 1242 827 1317 (den Eindruck hat man) sich am
844 1222 1967 1343 Dienstmädchens bei Mogensens zu. Es gelang beiden, an
201 1275 824 1359 begehen. Walter Tautz war ein
844 1271 1960 1375 ihre bescheidenen Röllchen als notwendig erscheinen zu lasse
212 1323 827 1424 freilich nicht ganz leicht, ihn für
842 1316 1972 1432 „Die glückliche Ehe“ gefiel offenbar ebensogut, wenn nie
195 1360 346 1425 halten.
832 1374 1561 1470 nioch haennnneMomtesse Mizzi“.
1794 1413 1906 1471 -ch.
198 1405 830 1493 iger als die Mizzi ist „Die
191 1457 815 1536 nhalt läßt sich eigentlich in der
193 1501 812 1579 kutungsweise erzählen. Der Post¬
192 1541 819 1634 er Einfalt, hat eine junge, heiß¬
208 1590 819 1670 erst recht glücklich, sobald Frau
203 1633 810 1715 en restlos überzeugend ge¬
200 1675 815 1757 en Vers zu variieren, „in eines
197 1725 816 1804 r die seinigen versagen.“ Zuerst
200 1768 801 1848 nd des Herrn Mogensen, dr Rat
187 1799 800 1891 Freund Martin, stellenweise sind
204 1853 794 1925 nicht in Erscheinung tretender
216 1892 795 1980 ist viel nötig, damit die Ehe
196 1942 802 2024 wird. Und wir, die wir uns
196 1986 804 2067 uns über dieses Babel im engen
184 2023 792 2112 Lazu gebt es allen zu gut; am
190 2068 786 2150 selbst, der nicht den blassen
1652 2096 2104 2190 (Oselenaagabe chne Gewäl).
192 2118 793 2215 lein „Schnuckelchen“ treibt. Auf
191 2172 787 2244 roße Sorgfalt verwendet; die
1319 2181 1721 2269 Ausschnitt aus:
189 2210 788 2309 hts zu wünschen übrig. Für
1834 2214 2525 2334 Der Humerist, Wien
1500 2239 1844 2332 UN1913
191 2251 802 2350 kancy eine Glanzrolle. Der
1327 2291 1488 2378 vom:
1306 2370 2396 2474 Wiesbädener Theaterchronik.
2174 2436 2519 2510 27 Mai 019
1299 2469 2552 2549 Der Kammerspielabend im Residenztheater brachte
1204 2539 2549 2598 Schnitzlers „Komtesse Mizzi“; das Publikum freute sich über den
1198 2582 2545 2653 kecken Dichter, den klugen Kenner der Menschen und Dinge, der
1211 2650 2534 2703 lichten und nächtigen Seiten der Seele. Die feinhumorvolle Stim¬
1210 2681 2545 2756 mung der Dichtung wurde von einer guten Darstellung gewahrt.
1204 2735 2547 2794 Frl. Saldern spielte die Komtesse mit Charme und Eleganz und
1210 2781 2538 2854 mit einer Verinnerlichung, die wir bisher an der Künstlerin ver¬
1212 2829 2555 2910 mißten. Herr Miltner=Schönau war in seiner Vornehmheit;
1204 2885 2554 2947 und herzensfrischen Natürlichkeit als werbender Fürst äußerst wir¬
1201 2927 2551 2996 kungsvoll, Herr Vertram gab dem Grafen sympathische Züge
1211 2994 2551 3045 und Herr Tautz traf den Ton des frechen Mulus sehr gut. Das
1207 3046 2544 3103 zweite Stück, Nansens „Glückliche Ehe“, ließ kalt. Kein Wunder ...
1205 3076 2550 3135 Denn so blinde Trottel wie diesen Ehemann, der sich fortgesetzt
1202 3128 2552 3200 von seinem Weibchen, das eine Dirne schlimmster Sorte ist, Hörner
1214 3176 2559 3239 aufsetzen läßt, gibt es nicht. Ist es nicht auch widerlich, ansehen
1204 3229 2543 3287 zu müssen, daß drei Freunde dieses Ehemannes sich in der Schur¬
1209 3266 2552 3333 kerei so ähnlich sind, daß sie seine Gastfreundschaft genießen und
1212 3318 2557 3404 sein Weib hinterdrein? Und daß in diesem Genuß einer den anderen
1205 3379 2552 3439 ablöst wie die Schildwache? Damit glaubte uns der Verfasser
1208 3416 2571 3479 interessieren zu können! Der Witz des Stückes ist schal und allzu
1213 3466 2563 3547 breit wiederholt. Die Darstellung war gut, und wenn der Erfolg
1217 3532 2514 3601 ausblieb, war es nicht ihre Schuld. W. Müller-Waldenburg.
2469 358 2938 458 box 26/4
