3436 4224
275 152 433 236 21
2457 132 2910 223 box 26/1
741 163 835 215 S
1053 161 1109 214 2
423 150 2419 236 Kont M1oder der FaniLientag
937 1011 2630 1088 gibt seiner Gattin Anlaß zur Ebescheidungsklage, der trotz aller Schwüre des geplagten Gatten,
933 1075 2628 1146 es sei nichts passiert, stattgegeben wird Nach manchen Irrungen und Wirrungen heirate:
936 1109 2633 1182 schließlich der Gerichtspräsident den weiblichen Apostel der „freien Liebe“ und der geschiedene
935 1180 2643 1235 Ehemann seine geschiedene Frau. Die Handlung schleppt sich schwerfällig fort, es fehlt aber
943 1214 2636 1296 nicht an Koutine und Witz. Der begabte Leo Fall illustriert, das Buch prächtig. Er ist ebenso
927 1272 2632 1340 lustig in der Musik wie er auch sentimental und lprisch sein kann. Die Phrasierung und
934 1322 2634 1380 Instrumentierung lassen die Gewandtheit des tüchtigen, vornehmen Wiener Musikers erkennen.
937 1373 2642 1435 Flotte Märsche, melodiöse Walzer wechselten mit graziösen Liedern und schneidigen Canzgesängen.
933 1424 2656 1488 Frau Zwerenz und Fran Dirkens wetteifern an Humor und Temperament. Beide ernteten.
927 1463 1171 1527 viel Jubel.
2014 1465 2522 1537 Endwig Klinenberger.
1175 1606 1230 1683 *
1220 1624 2413 1723 Bühnentelegraph.
1019 1713 1785 1794 Berlin. Eine Deutsche Cheater=Aus¬
1791 1716 2654 1789 Dechtel. Jabrelang bereiste Kruse mlt seiner
940 1762 1780 1812 stellung wird im Frühjahr 1910 von der Ge¬
1795 1767 2640 1844 Gesellschaft Schlesien, wo er beim Herzog von
945 1810 1785 1863 sellschaft für Theatergeschichte in den
1788 1813 2641 1870 Sagan, dem Fürsten von Mluskan und anderen
934 1861 1782 1911 Ausstellungshallen am Zoologischen
1793 1860 2634 1911 Magnaten sowie in Liegnitz und Görlitz ein
938 1896 1776 1947 Garten eröffnet werden. Die Leitung der Aus¬
1798 1897 2635 1934 beliebter Gast war. Im Jahre 1860 begrün¬
945 1930 1778 1986 stellung, die eine historische und eine dem prak¬
1793 1932 2631 1981 dete er in Breslan das heutige Chalia=Cheater.
936 1967 1791 2026 #tischen Bähnenwesen gewidmete Abteilung ent¬
1796 1971 2634 2023 Später leitete er u. a. das Residenz=Cheater in
936 2005 1791 2064 halten soll, liegt in Händen der Mitglieder des
1790 2000 2638 2065 Dresden, die Stadttheater in Essen, Krefeld und
945 2054 1791 2106 geschäftsführenden Ausschusses der Gesellschaft
1787 2050 2632 2103 Nachen, das Berliner Nationaltheater und nach
938 2092 1778 2140 für Theatergeschichte, der Herren Geh. Re¬
1793 2094 2633 2148 dessen Brandkatastrophe 1885 die Stadttheater
940 2125 1780 2185 gierungsrat Drof. Ludwig Geiger, Chef¬
1785 2140 2633 2187 von Wismar und Rostock. Don seinen zahl¬
945 2166 1777 2230 redakteur Dr. H. Stümcke, Verlagsbuchhändler
1795 2166 2645 2228 reichen, einst gern gespielten Bühnenstücken sind
942 2209 1779 2264 Georg Elsner. Chefredakteur Ph. Stein,
939 2247 1790 2299 Thefredakteur J. Landau und Musikschrift¬
944 2284 1791 2344 steller Dr. H. Welti. Die Ausstellungshallen¬
932 2316 1787 2365 gesellschaft m. b. H. ist durch ihren General¬
941 2364 1784 2406 direktor A. Willner vertreten, als Syudikus
936 2398 1794 2457 fungiert Rechtsanwalt Dr. Rosenberger.
941 2430 1794 2493 Zuschriften und Anfragen sind an das Se¬
932 2472 1804 2537 kretariat der Gesellschaft für Theater¬
941 2508 1547 2577 geschichte, Berlin W. 50,
1534 2514 1793 2576 Angsburger
931 2551 1368 2612 Straße 12, zu richten.
1416 2552 1794 2612 Paul Lindau ist
942 2593 1797 2651 zum ersten Dramaturgen des Agl. Schauspiel¬
944 2645 1790 2688 hauses ernannt worden. — Am 19. Dezember
937 2671 1789 2730 ist der ehemalige Theaterdirektor und Dra¬
941 2709 1791 2769 matiker Georg Kruse im 79. Lebensjahre
942 2754 1775 2803 in Schöneberg in der Wohnung seines Sohnes,
943 2796 1783 2836 des Redakteurs der Deutschen Bühnengenossen¬
944 2827 1791 2884 schaft, Georg Richard Kruse, gestorben. Mit
943 2865 1783 2908 ihm ist einer der letzten jener patriarchalischen
932 2905 1786 2961 Bühnenleiter aus der guten alten Zeit dahin¬
941 2935 1788 3002 gegangen, die ihre Truppe wie eine große
938 2981 1783 3045 Familie betrachteten, von paragraphenreichen
940 3024 1793 3081 schriftlichen Verträgen nichts wissen wollten
943 3068 1779 3110 und auch in Zeiten schlechten Geschäftsganges
942 3107 1792 3145 das Personal nicht verringerten oder völlig
2084 3127 2344 3195 Georg Kruse F
935 3141 1790 3198 entließen, sondern Not und Entbehrungen mit
932 3174 1783 3252 ihm teilten. — Als Sohn des Schloßkastellans
