3436 4224
2452 103 2908 208 box 26/2
728 122 830 190 PS
287 109 2302 221 21. Koni#se Mizzioder der Fanirientag
1877 420 2303 596 Seri
599 577 1588 669 och äskädaren belinner sig i oupphörlig sväng¬
2688 576 3346 685 hvad en utomstäende kan se
1749 592 2427 710 Fru Silfverström.
590 653 1605 715 ning mellan tragikens och löjets bäda poler,
2596 665 3334 735 lämnat ätskilligt öfrigt att önska.
601 706 1605 765 tills finalen kommer med Bastiljens fall och
1893 695 2301 796 Af Ulla Linder.
2635 701 3338 783 Men fru Silfverström är alltid
599 739 1598 830 alltsammans dränkes i en fruktansvärd realitet
2594 744 2728 826 An!
2766 766 3342 835 Det var just hvad hon
593 798 1002 874 af eld och blod.
1657 800 2587 856 4 FVEN OM ni inte vore vickare svag för
2605 807 2843 881 Precis sä!
2830 805 3363 888 — Angäende allt som hä
1607 853 2601 925 AA katter, sä tror jag dock, att ni mäste bli
644 856 1591 916 Bland de mänga uppträdande, som alla göra
2647 871 3367 944 Hennes dotter förlofvar sig me
1599 901 2589 980 ganska intagen af det gamla älskvärda exemplar
593 920 1583 974 sin sak bra, förtjänar hr Hedqvist ett sär¬
2608 912 2849 986 rande. —
2850 924 3354 983 Fru Silfverström stälar
1601 953 1804 1019 jag har.
588 965 1592 1027 skildt och varmt loford för sin af storstilad och
2600 981 3367 1038 lycka och modersstolthet. Men est
1649 975 2574 1055 Det är verkligen ett ovanligt trefligt djur.
592 1009 1586 1069 eldfull konst karaktäriserade framställning af
2595 1026 3375 1095 der har förlofningen gätt öfver styr
1596 1052 2587 1118 Stor mörkgräbrun är han, med en bred, nästan
591 1059 1587 1110 skädespelaren Henri. För öfrigt var samspelet
2599 1065 3362 1140 Silfverström är mycket beläten dä n
1606 1096 2585 1156 svart rand längs efter ryggen, och utgäende
594 1107 1588 1184 sällsynt godt och folkscenerna hade ett indivi¬
2634 1133 3357 1200 Hon unnade verkligen sin stackars
1598 1154 2578 1213 frän den där randen och sträckande sig nerät
605 1163 1522 1236 duellt lif, som vittnade om insiktsfull regi.
2603 1174 3361 1246 bättre, än att fä sitta med ängslan
1598 1199 2592 1264 sidorna ett antal smalare, mörka strimmor,
2610 1229 3365 1292 och kanske svartsjuka till, det al
1609 1243 2593 1308 vackert skiftande efter bukens rundning. Hvita
2603 1278 3373 1331 Hur kunde äktenskaplig lycka dde
1594 1298 2585 1368 tassar och under hakan en liten hvit fläck, lik¬
2607 1330 3368 1394 och vänta pä sin Börje. (Hvem a
1604 1341 2150 1416 som en nystärkt kravatt.
654 1326 1591 1411 Pá Operan ha de bäda syskonen fröknarna Sigrid
2595 1373 3370 1449 att nästa Börje inte läter stackars
1653 1387 2595 1459 Den där lilla fläcken mäste jag särskildt pä¬
597 1383 1592 1463 och Astrid Svärdström debuterat i"Hans och
2599 1422 3374 1502 och vänta pä sig, äfven om han är
598 1453 1589 1500 Greta“, hvilka bäda uppgifter utfördes med stor sänglig
1610 1447 2580 1527 peka, den ger ett otroligt propert och litet smä¬
2594 1464 2786 1539 niska?)
592 1491 1588 1534 friskhet och en dramatisk aktion, som förvisso kunde
1604 1495 1971 1561 förnämt intryck.
594 1524 1596 1585 behöft mera konstnärlig filning, men öfverraskade genom
2657 1519 3358 1593 Hennes son söker en anställning.
1647 1522 2594 1607 Därtill kommer ett litet rundt, trefligt hufvud
601 1562 1595 1643 käckhet och godt humör. Hr Oscar var en mycket
2604 1581 3371 1648 är en ypperlig plats! Präktiga inko
1605 1594 2581 1652 och ett par stora, runda, alltid förvänade ögon,
591 1600 1149 1666 humoristisk pepparkakshäxa.
2607 1634 3370 1711 ligt kamratskap, socialt anseende
1612 1638 2583 1708 som kunna fixera en smäktande, förebräende,
658 1622 1592 1713 Operans symfonikonsert päskdagen utgjordes af ett
2612 1673 2752 1750 grad!
586 1696 1590 1749 genomfördt svenskt program med Berwalds meiodi¬
1600 1693 1962 1760 njutningslystet.
592 1734 1591 1774 och formsköna Sinfonie singulière som inledning. Den
1651 1719 2556 1804 Det talas om kattors grace. Ja, Stumpen —
2640 1714 3361 1799 Han fär inte platsen. — Ja se, —
593 1766 1587 1830 nysvenska musiken företräddes af O. Morales, hvars
1608 1787 2590 1842 han heter Stumpen pä grund af en i barndo¬
2599 1790 3379 1846 helst verkligen inte ha den, meddel
591 1795 1585 1855 uvertyr "Försommar“ hade en skir och intagande
1603 1841 2597 1892 men aftrampad svans — är inte bara graciös,
2609 1845 3372 1905 verström i förtroende. Sökte bara f
593 1852 1597 1889 hällning, samt af T. Rangström, hvilken mötte med en
605 1891 1592 1939 TDityramb“, hvars melodiska och orkestrala effekter i
2887 1883 3376 1953 Se — där lär vara fo
1608 1888 2597 1953 han är den mest graciösa och den mest värdiga
2605 1887 2761 1951 skull.
590 1927 1599 1977 nägon män förde tanken till dagens musikstorheter pä
1598 1949 2589 2005 katt, jag kan tänka mig. Det ligger nägot af
2606 1929 3384 2009 som inte à' sä trefliga. Despotisn
591 1962 1593 2023 kontinenten, dessa raffinerade klangsökare, hvilkas
1607 1991 2603 2045 spansk grandezza öfver honom, dä han kommer
2698 1991 3373 2071 — servilitet — — Det glunk
591 2009 1585 2059 främste man är Richard Strauss. Men komponisten är
2602 2024 2812 2107 del! —
1608 2037 2597 2104 promenerande öfver salsgolfvet, eller dä han,
592 2046 1598 2103 därför ingen estersägare, verket hade färtom en prägel
600 2088 1594 2130 af egenart, som läter förmoda att den unge musikern
1599 2091 2591 2153 efter att med ett elegant hopp ha placerat sig
2650 2058 3366 2154 Jag kommer upp till henne en
590 2131 1589 2176 har förutsättningar att bli en kraft för sig i svensk
1602 2131 2592 2211 pä mitt hvita sängtäcke, gär rundt nägra hvarf
2599 2125 3384 2219 finner jag henne fullt upptagen af fö
597 2170 1594 2215 tonkonst. Nägra intagande sänger af H. Allven, konst¬
2599 2181 2936 2257 till flyttning.
1605 2197 2535 2267 och till sist sträcker ut sig där till hvila -
600 2209 1594 2275 närligt föredragna af fru Clary Morales, samt ett
1603 2233 2136 2292 sömn eller vegeterande.
2644 2212 3382 2304 Hvad nu? — Hvad betyder det hä
605 2247 1589 2297 kör- och orkesterverk, “Requiescat“ af A. Hallen,
598 2289 1216 2353 afslöt den intressanta konserten.
1660 2276 2587 2344 Kattor, djur i allmänhet äro mycket intres¬
2601 2279 3348 2341 har ju inte talats om alls förut?
628 2317 1602 2385 Fröken Davida Hesse och hr Carl Lejdström
1614 2335 2591 2387 santa att studera. (Näja, människor äro inte
2603 2326 3127 2404 trifts sä förträffligt här.
596 2349 1590 2422 beredde publiken en njutningsrik sängaston mned sin
3052 2363 3371 2445 väningen är n
2686 2378 2994 2448 — Ja, — j0,
1607 2382 2591 2447 heller ledsamma. Stundom.) De ha ofta en
603 2411 1595 2459 konsert i Musikaliska akademien. Bäda dessa säng¬
2600 2429 3376 2492 — men det är alldeles för stora run
1607 2436 2589 2483 utpräglad individualitet, visa sig till och med
605 2458 1602 2513 artister förfoga ju öfver ett vackert röstmaterial och
2590 2480 3382 2548 liga att hälla i ordning — hon ##
1611 2479 2593 2562 nägon gäng som pikanta original. Stumpen är
596 2497 1588 2540 ett utmejsladt föredrag, egenskaper, som läto program¬
1614 2524 1874 2592 ett sädant.
607 2530 1602 2573 mets olika nummer af romanser och operaarior fullt
2593 2530 3371 2587 byta jungfru för den myckna städnin
598 2573 1002 2632 komma till sin rätt.
2608 2578 3348 2638 Och sä är jungfrukammaren mörk.
1657 2548 2594 2628 Bland hans mest framträdande egenskaper är
656 2612 1593 2674 Pianisten Ignaz Friedmann, hvars glänsande piano¬
1596 2628 2593 2706 en förmäga att alltid göra det trefligt och bra
2645 2624 3377 2695 Det gläder mig, att hon tar hänsyn
611 2660 1593 2703 spel redan förut var välbekant för stockholmarna, bar
2601 2658 3373 2747 Men Imsiestheten i det styeket hy
1610 2675 1795 2741 ät sig.
606 2698 1585 2748 nyligen gilvit en andra serie konserter härstädes och
1650 2689 2596 2779 I mitt barbetshäl“ är han portförbjuden, men
2606 2717 3084 2790 hastigt pä i alla fall.
602 2735 1588 2785 firat nya segrar. Programmen ha fyllis af bäde klas¬
599 2778 1600 2820 siska och moderna kompositioner, hvilka sä godt som
1595 2774 2597 2821 sitter jag ute i nägot annat rum, och Stumpen
2658 2740 3370 2837 — Och sä är den för dyr. Ale
605 2815 1596 2867 undantagslöst tolkats med mästerskap och eidat ähö¬
3207 2818 3385 2891 Vi ha
1596 2815 2588 2879 är i närheten, dröjer det inte länge, förrän jag
2605 2811 3094 2887 inte räd, säger han. —
608 2854 1600 2899 rarna till dänande bifallsyttringar. Men äfven mästare
2613 2865 3376 2936 tjusande liten rar en nu, just i min
1602 2870 2601 2935 har honom 1 knät. Och hur liten plats han
605 2894 1599 2948 ha stunder, dä de höja sig öfver sitt vanliga mätt; à
2607 2910 3375 2976 rum, lägt i tak, sä där hemtrefligt och
598 2934 1598 2986 äfven här. Och Ignaz Friedmanns föredrag af Beethoven¬
2727 2966 3266 3043 Och hvar ligger den dä!
610 2976 1591 3043 sonaten opus 90 samt Schumanns Carneval var nog
1605 2966 2609 3036 ligga idealiskt godt, Just sd som han helst vill
607 3011 1367 3081 hans yppersta pianistbragd denna gäng.
2718 3011 3070 3083 Vid Asögatan.
1598 3019 2592 3077 ligga. Men jag vet ju, att han fordrar ganska
662 3036 1594 3110 Sist har anmälaren att omtala direktör Patrik
1600 3074 2365 3131 stort utrymme, den gode Stumpen.
2651 3049 3384 3114 Säá! — Söder som fru Silfverström
616 3085 1593 3149 Vretblads orgelkonsert i Oscars kyrka, hvarvid kon¬
2590 3111 3370 3179 gänget förnämat sig öfver. — Jojo,
1651 3112 2578 3180 Eller jag ligger och hvilar pä min schäslong.
603 3134 1587 3186 sertgifvaren själf med ypperligt föredrag spelade Hän¬
2733 3166 3386 3244 Och där finns ljus jungfrukam
1599 3163 2588 3217 En liten stund, och jag har Stumpen pä benet.
598 3181 1585 3240 dels orgelkonsert i f-dur, en Pastorale“ af Rheinberger
601 3224 768 3273 m. m.
1601 3214 2592 3282 Antingen placerar han sig där, eller ocksä
2601 3204 2735 3279 gar
660 3235 1592 3320 För öfrigt lämnade fruarna Otti Pegel, Karin
2689 3228 3379 3329 — Där finns ingen jungfrukamn
1607 3264 2596 3326 spetar han i väg med försiktiga smä steg upp
610 3306 1589 3372 Bodman-Vretblad och Anna Lange ett värdefullt
2594 3300 3384 3371 Hon fär bo i köket där, utropar 1#
1611 3312 2272 3372 till armen och lägger sig där.
609 3352 1454 3408 bidrag af säväl vokal som instrumental natur.
2586 3350 3381 3407 ström strälande. Det är mycket bä
1652 3361 2591 3420 Han mäste ligga illa. Ibland undrar jag hur
1359 3388 1528 3453 ARIEL,
2591 3408 3364 3485 sädant örtjusande vackert kök, 1
1609 3413 2586 3483 det är möjligt för honom att hälla sig kvar
2603 3458 2745 3520 ljust!
1594 3454 2590 3524 bara. Men själf ser han genombeläten ut, tram¬
2715 3479 3391 3567 Det är kanske högt i taket, tänk
1606 3510 2583 3568 par och trampar, tills han fär afväga balansen
2637 3550 3379 3617 Men om ett är stär fru Silfversträ
1595 3556 2599 3618 rätt och sjunker sedan ner, oefterhärmligt mjukt
2592 3592 3386 3666 stök. Nu bär det af till Sundbyber
1602 3612 2586 3671 och graciöst, med en njatningsfullblick isinarunda
771 3588 1431 3696 Gwens Frägobprd
2723 3645 3371 3715 Jag har aldrig trifts häruppe
1609 3658 2588 3717 ögon. Och hela tiden surrar han och spinner,
2593 3688 3386 3761 säger non med en bekräftande hufvuch
1608 3704 2585 3766 sä det nästan ger eko i rummet. Det där gör,
602 3704 1594 3781 med dess möjligheter för Iduns publik att hänvända
2593 3745 3383 3813 Hu, de här smä rummen kväfver mi
1607 3754 2591 3822 att man naturligtvis inte har hjärta att köra
599 3762 1583 3829 sig till vür sakkunniga medarbetare d modeafdel¬
2595 3799 3384 3853 längtar efter luft! — Efter riktiga l#
1608 3803 2599 3847 bort honom, utan ligger där och har det obe¬
604 3823 1600 3891 ningen med begäran om räd i toalettfrägor har
2710 3855 3386 3925 Men det är dä inte Sundbybe
1611 3849 2476 3913 kvämt själf. När hau är sä nöjd sà! —
614 3866 1595 3952 under den tid den existerat hunnit bli känd af
2603 3890 2967 3967 der jag leende.
1647 3882 2594 3953 Jag vet ingen, som under alla förhällanden
611 3928 1605 4011 mänga af vdra läsare. Vi erinra likväl pd nptt
2709 3928 3386 4010 Ack jo, emot Asögatan är det.
1609 3948 2526 4004 ser sä genomhemmastadd ut som Stumpen.
2600 3985 3367 4063 bondlandet vill jag visst inte komma
1667 4008 2599 4068 — Sä ofta jag ser Stumpen, sä tänker jag
604 4000 1593 4074 dem, som ej ännu användt sig af den särskilda
1606 4044 2587 4109 pä fru Silfverström. (Hon heter verkligen inte
2664 4049 3379 4104 nu fär jag det idealiskt. Just
601 4055 1597 4117 förmän Idun velat bereda sina läsarinnor, om att
1606 4095 3380 4145 fru Silfverström, men det gör ju ocksä det- längtat efter alltid, bäde landets oc
