3344 4352
2369 155 2807 250 box 26/3
188 175 2237 273 21. Kontesse Mizzioder der Fani Lientag
623 1001 1358 1149 Usipreussische Zeilung, Königebert
811 1217 1139 1339 *U 2 191)
3022 1341 3285 1419 Man spielte
1635 1357 2902 1427 bracht. Und Mizzi — hat wohl ihre Gefühlswelt im Laufe der
2905 1388 3285 1457 wie in frühèrer 3
1637 1409 2895 1471 Jahre etwas verrückt. Sie freut sich, die mutterlose, heimlich
608 1378 1359 1476 Berliner Bühnenspiele.
2912 1440 3292 1498 pad vollkommen, h
1632 1461 2904 1503 mütterliche Komtesse, endlich einmal Lolo kennen zu lernen. Sie
710 1455 1267 1532 Schnitzler und Schönherr.
1639 1486 3285 1552 behauptet, gar keine Mutterliebe zu empfinden, aber der große] Triesch legte in
2914 1516 3282 1575 und kluge Seele,
458 1503 1620 1576 Da brachte das Lessing Theater zwei Komödien an einem
1640 1518 2910 1588 Junge Philipp gefällt ihr doch sehr. Schnell gibt sie noch einem
2916 1559 3279 1619 Stück Wirtschaft.
331 1536 1629 1630 Abend heraus, die weit über den Unterhaltungsscherzstücken
1701 1554 2908 1623 versteht sich: ebenfalls verheirateten — Liebhaber den Ab¬
2917 1594 3289 1655 Stieler. Ziener, A
338 1574 1633 1669 standen, zu denen man dies Genre erniedrigt. Arthur Schnitzler¬
1630 1599 2908 1659 schied Und dann: tröstet sie den lololosen Vater, wird mit ihm
2910 1636 3282 1693 wäre ein schöner
337 1639 1629 1694 gebührte der Sieg er hatte den Stoff, der sich ihm gibt, die
1637 1646 2901 1699 nach Ostende reisen, dort Egon und Philipp treffen. Und sie
2920 1663 3287 1734 Abends ein dunk
352 1669 1602 1734 Sphäre, für die der Feine noch stark genug ist. „Komtesse
1631 1684 2904 1760 wird nicht mehr „Nein“ sagen . .. weil der große Junge da ist.
2920 1715 3285 1774 Bang ist tot, er¬
343 1710 1620 1791 Mizzi“ oder „Der Familientag“ ist das entzückend leicht hin¬
2909 1752 3293 1813 Tod des Künstler#
1748 1733 2905 1805 Hätte es für einen kraftvollen Dichter wie Schönherr
337 1752 1624 1821 geworfene Spiel, in dem die leichtlebigen Schwächlinge zur
2905 1799 3270 1849 Goethebund aus
1634 1790 2899 1848 eine günstigere Folie geben können, als dies überfeinerte Stück
337 1797 1627 1851 Natur finden, weil es so am lequemsten ist; in dem ohne
2905 1840 3297 1900 ein Künstler, etwa
1644 1847 2901 1897 seines Landsmannes. Wir sollten nun Erdgeruch spüren, nach
351 1833 1631 1894 Pedanterie von illegitimen Zuständen schließlich zur hof##tten
1632 1884 2901 1931 einer Atmosphäre, die hinlänglich verdorben war. Ich gestehe,
337 1865 1630 1935 Ehe hinübergelenkt wird, aus Instinkten, aus einer Art Soli¬
1638 1914 2923 1982 daß ich arg enttäuscht war. Wohl bot auch Schönherrs-Stück¬
337 1914 1617 1983 dität, vielleicht aus einer müden Art von Liebe. Hinter den
1634 1938 2916 2011 des Achtbaren und Bewundernswerten genug. Aber es war allzu
342 1950 1616 2005 feingezogenen Linien der Schicksale, den Konturen der Personen
1631 1985 2913 2049 simpel und breit, überdeutlich und nicht tief genug, dafür behängt
349 1992 1624 2063 sehen wir den Dichter mit skeptischem Blick — er hat ein Paar
1630 2034 2915 2088 mit äußerlichem Anekdotenkram; und trat nicht ohne den Ehrgeiz
337 2030 1620 2091 Marionetten zu fassen bekommen, die von Natur aus nicht mehr
1642 2071 2907 2127 auf. Symbolik — hanebüchen sinnfällige und unzureichende —
342 2068 1622 2126 als dies waren. Verfeinerte Leutchen, ohne Vorurteile, rück¬
1637 2098 2917 2172 bieten zu wollen. „Erde“ war sein anspruchsvoller Titel) eine
349 2106 1621 2170 sichtsvoll und egoistisch, verlogen und echt, wie es ihnen liegt.
1641 2130 2944 2210 „Komödie des Lebens“ nannte es sich. Ist es genug, duß dies
354 2145 1624 2207 Sie wissen zu leben, auf sonderbaren Umwegen kommen sie zu
898 2189 1620 2242 Lohnt es, daß solche da sind, die auf
1645 2206 2922 2247 Stück eine gewisse frische Heiterkeit zu verkreiten suchte? Der
348 2193 877 2257 den „menschlichen Zielen“.
1631 2230 2916 2291 alte Grutz ist ein kräftiger Bauer, steckt sozusagen bis zum
344 2230 1624 2289 heimlichen Pfaden Abgründe umgehen, von der „großen“ Natur
1636 2266 2916 2322 Herzen drin in dem Lande, das unter seinen schaffenden Fäusten
347 2265 1624 2331 nicht zu viel wissen und nur das Augenblickliche glauben wollen?
1636 2310 2919 2369 blüht und gedeiht. Er will sich nicht aufs Altenteil setzen, ob¬
352 2309 1620 2364 Seht, wie glücklich sie sind, antwortet der Dichter, die Natur
1639 2345 2916 2398 wohl sein Sohn schon graue Haare kriegt. Er weiß, das ist
346 2351 1619 2413 spielt gans freundlich mit ihnen. Sie führt so verborgen. Am
1644 2377 2929 2445 kein. Bauer. Wirklich ein Schwächling ist dieser Sohn,
345 2381 1620 2436 Ziel werden die Leute klüger sein, ernster, vielleicht auch tiefer.
1631 2425 2914 2479 der einer Magd Trine längst die Ehe versprochen hat,
357 2426 1627 2483 Für ein Lustsviel genügt diese Weisheit — diesmal — in diesem
1635 2456 2925 2523 von der er kein Kind kriegt. Ein Hufschlag, der den alten
358 2471 1625 2528 gegebenen Fall — es wendet sich ja ein Blättlein zum guten.
1633 2504 2913 2552 Grutz aufs Krankenbett wirft, scheint den unbesiegbaren Bauern
345 2507 1618 2568 Wenn's schlimm ginge, mit Heulen und Zähneklappern und diese
1642 2549 2914 2600 doch unter die Erde bringen zu sollen. In dieser Zeit weiß die
352 2542 1630 2619 Menschen sollten standhalten, sie würden arm dastehen und
1636 2565 2928 2654 Wirtschafterin Mena sich den Sohn ganz zu eigen zu machen.?
347 2583 1629 2644 müßten sich umsonst bittend an den Autor, an diesen seelischen
1648 2631 2915 2681 Schon hobelt der Kindsnarr sich eine Wiege, schon hat Mena die
353 2638 1620 2709 Nihilisten wenden. Er würde ihnen nur Heilmittel geben, keine
1643 2662 2923 2718 Trine ganz verdrängt und fühlt sich Herrin. Da wird der Alte,
351 2683 568 2740 Waffen.
1631 2707 2916 2755 der schon neben seinem selbstbestellten Sarg schlief, allem zum
469 2686 1620 2760 Als Graf Arpad Pazmandy seine Frau verlor, war seine
1636 2742 2919 2798 Trotz wieder gesund. Die erboste Mena läßt sich samt lebendem
358 2750 1623 2801 Tochter, Komtesse Mizzi, ein junges Mädel von 18 Jahen. Der
1638 2774 2926 2853 Inventar von einem andern Bauern heimführen, Trine muß sich
351 2784 1626 2839 Vater tröstete sich mit der Schauspielerin Lolo. Mizzi verlor sich
1649 2817 2899 2875 enttäuscht weiter placken und der junge Grutz vielleicht als
358 2811 1636 2879 an einen verheirateten Fürsten Egon; bald zeigte sich die Liebe
1636 2863 2929 2918 kinderloser Knecht sterben. Der Alte lebt und reckt die kräftigen
354 2869 1623 2925 dieses Menschen als immerhin nicht stark genug, die Folge der
1654 2913 1842 2977 Glieder.
352 2905 1627 2967 Liebschaft, den kleinen Philipp, vor der Welt anzuerkennen.
359 2941 1626 3005 Es gelang Egon wie Mizzi, ihren nächsten Angehörigen den
1752 2950 2918 3017 Das alles hätte Schönherr, wie in seinem Merkbuch,
357 2980 1637 3044 Schmerz der Wahrheit zu ersparen. Und während Egon auch
1643 3011 2908 3072 packend erzählen können. Dies bißchen Handlung hätte auch wohl
352 3022 1637 3067 nach dem Tode seiner Gattin zu feige war, Mizzi zu heiraten,
1650 3050 2912 3104 für einen tüchtigen Akt gelangt — wenn schon theatert sein sollte.
351 3056 1629 3121 und Philipp fern von Wien erziehen ließ, ließ die Komtesse, an¬
1646 3093 2918 3148 Es reichte nicht für drei, und schon gar nicht für eine „Komödie des
351 3097 1631 3157 geblich unglücklich in einen andern verliebt, es über sich ergehen,
1632 3122 2904 3180 Lebens“. Schönherr hat dies Stück vor „Glaube und Heimat“
357 3143 1630 3201 daß man sie für eine alternde Jungfer hielt, die sich mit Malerei
1648 3168 2917 3229 geschrieben — und wird, das hoffen wir, nun bessere schreiben. Es
361 3177 1634 3245 beschäftigte; und tröstete sich mit manchem Liebhaber. Das Stück
1647 3203 2922 3275 genügt für unsere Bühne nicht mehr, daß einer in wenigen großen
357 3220 1637 3288 zeigte nun den alten Grafen von seiner Lolo verlassen — aber
1644 3243 2924 3305 Zügen packend umreißen kann, und durch Wiederholungen den
363 3248 1638 3317 sie kommt sich noch einmal seinen Park ansehen. Egon — dessen
1647 3287 2911 3340 nicht immer ungezwungenen Eindruck der Natürlichkeit hervor¬
370 3294 1637 3350 Sohn Philipp eben das Abiturium gemacht hat, von ihm legiti¬
1640 3318 2920 3378 zurufen sucht. Auch die Details der Ausführung und die viel¬
368 3336 1638 3389 miert wird — hält diesen Moment für den passendsten, endlich
1638 3364 2923 3430 fochen Verwobenheiten menschlicher Wechselbeziehungen sind uns
362 3379 1635 3445 Mirei um die Ehe zu bitten, kriegt einen Korb. hat aber den
364 3396 2224 3490 jungen Sprößling, der sich furchtbar nobilitiert fühlt, mitge= wesentlich und unentbehrlich.
