3344 4352
2323 235 2774 327 box 26/3
134 273 2306 358 21. Kontesse Mizz1oder der Fani Lientag
651 1635 3130 1742 weiter, der feit achtzig Jahren in der Burgtheaterlust grußisch ge¬ Dieses heikle Kreuz= und Querstücklein wurde meisterhaft ge¬
58 1642 670 1717 sucht nach eigenem Grund und
656 1700 3117 1776 deiht. Schon oft genug hatte ihn ein gewisser Jemand mit seinem spielt. Was in der „Erde“ ganz fehlte, war hier mit feinster Fein¬
67 1702 665 1763 blieb. Auch nicht die Tragödie
665 1742 3107 1810 „Brüderl kumm“ gezupft, aber der Zupfer hatte so wenig Macht über heit dat das Unausgesprochene, das Verborgene in den Vorgängen.
72 1744 662 1798 Kronprinzenschicksal erlebt, nie
75 1782 3118 1862 ist die Komödie der unverwüst= ihn wie über den alten Grutz, den er gewiß ohne alle Nuancen und Frau Triesch zeigte als Komtesse Mizzi, wie man ein tragisches
659 1830 3116 1885 Komplikationen aus seiner eigenen Grutznatur und aus seinem eigenen Schicksal mit Ironie überwindet, wie aus Leiden Humor wächst.
75 1828 672 1884 n Menschennatur, eines wurzel¬
663 1869 3120 1938 Grutzalter heraus spielt. Hier im Lessingtheater ist die Aufgabe wieder Oft, besonders im Verhältnis zum großgewordenen Sohne, hat sie
61 1873 670 1923 Mitleid auf die engen Herzen und
665 1910 3110 1974 an einen denkenden Künstler, an Herrn Reicher gefallen, dem das das Gegenteil von dem zu sagen, was sie fühlt; wie sich das bei
74 1907 660 1970 Dienstboten. Noch mehr Mit¬
667 1951 3101 2021 Naive, das Animalisch=Begetabilische, das Erd- und Lebensfreudige Frau Triesch andeutete, war hohe Kunst. Sehr echt neben ihr war
60 1934 669 2010 iderstandslosen Schlemihl von
659 1985 3108 2052 versagt ist. Er stand, obwohl so starke Kräfte wie Frau Else Leh= Herr Monnard als österreichisches Herrenhausmitglied, das nie
77 1979 670 2054 mehr oder minder tief seufzend
659 2030 3104 2103 mann mit ihm wirkten, in einer unfertigen, von Mißgeschick ver= redet. Auch Herr Reicher als alter Graf stand hier wieder einmal
60 2021 661 2092 dem Strohhalm zufrieden, der
666 2072 3108 2140 folgten Vorstellung, die des Lessingtheaters ebenso unwürdig war seinen Mann, und Herr Walter als junger liebenswürdiger
77 2060 667 2133 ht um sie ist kein Anlaß. Hannes
665 2117 3107 2158 wie der Dichtung und des Dichters. Je befangener und fremder sich Frechdachs erregte viele Heiterkeit. Dem Schnitzler gab man, was
78 2118 664 2168 sich schon begnügen, Mena wird
659 2157 2774 2207 die Darsteller fühlten, desto entfremdeter wurde das Publikum, das des Schnitzlers ist. Dem Schönherr leider nicht.
59 2163 672 2221 misten. Furcht ist nur dort, wo
670 2194 1917 2247 sich bei den vielen hingezerrten, ungefüllten und ungefühlten, ver¬
73 2201 666 2265 en zu gehen scheint, wo er sich
663 2230 1911 2287 legenen Pausen nicht zurechtfand. Manchmal trat sogar Unruhe ein.
76 2242 666 2302 sdieser Furcht wird Freude, als
671 2263 1907 2335 und ein Versuch, der Frau Lehmann zu applaudieren, mißlang.
77 2282 671 2340 ß der alte Birnbaum im Hofe,
665 2304 1915 2372 Wenn schließlich doch Direktor Brahm für genügenden Beifall danken
70 2326 675 2375 in in der Kammer neue Lebens¬
665 2352 1912 2423 konnte, so entsprach dies mehr der Erinnerung an „Glaube und
65 2355 674 2429 te Bauer leben bleibt und gesund
660 2396 1712 2471 Heimat". Die „Erde“ muß noch erst verstanden werden.
87 2392 662 2471 selbst seinen Tod ganz ohne
713 2416 1904 2499 Zu den seltenen Vorzügen des Stückes gehört auch seine epigram¬
67 2439 675 2515 liches Geschäft betrachtet. Mit
671 2462 1907 2535 matische Knappheit, seine gedrungene Kürze. Ein Zusatzstückchen wird
71 2478 661 2552 verhandelt er, als gelte es eine
675 2516 1914 2588 erforderlich. So wurde dem Tiroler der Wiener, dem Bauern¬
61 2535 674 2595 haffen. Nur die erwerbsgierige
662 2557 1910 2636 sprossen der Salonmensch, dem Primitiven das Raffinement, der
73 2574 670 2639 od selber. Sein Herz verschließt
665 2589 1191 2672 Natur die Dekadenz gesellt.
69 2595 667 2670 en Sohne, vor sich selbst. Sein
709 2630 1922 2698 Arthur Schnitzlers „Komtesse Mizzi“ gehört nicht zu
58 2648 682 2718 id Begetation seines Erdengutes.
665 2682 1915 2746 jenen reizenden Komteßchen, um derentwillen manches Stück Schnitz¬
77 2683 682 2752 ttelroß und seine Weißbirke liebt
668 2727 1915 2784 lers und auch Schönherrs nicht „burgtheaterfähig“ ist. Wie es in
73 2739 678 2792 sich her aber vergleicht er mit
672 2768 1912 2828 höheren Ständen eine verschämte Armut gibt, so gibt es auch eine
75 2768 677 2847 hnen Eigenschaften findet, die aus
673 2817 1916 2877 verschämte Defloriertheit. Während die Spreewäldlerin mit stolzer
76 2821 677 2888 tionen entarten. Ob er selbst
661 2860 1931 2914 Offenheit ihre Volkstracht an die Wiege des großstädtischen Säug¬
87 2856 666 2933 ihm freilich nicht in den Sinn.
675 2904 1930 2968 lings trägt, muß eine Komtesse Mizzi den gleichen Fall, der bei ihr.
79 2909 672 2971 ft, seiner Körperkraft, seiner
76 2937 677 3009 hadet. Keine Krankheit, sondern
671 2950 1918 3006 wirklich ein Fall ist, sogar hinter dem Scheine werdender Altjüngfer¬
671 2983 1918 3046 lichkeit verbergen. Weder ihr Vater noch ihr achtzehnjähriger Sohn
73 2996 670 3048 ahe. Kein Arzt, keine Medizin
672 3018 1916 3085 wissen etwas. Mitten in einer Umgebung, wo jeder Passion jeder
73 3034 302 3091 nterschlaf.
75 3064 683 3125 nte „Alwine“ an mich, ich möge
666 3064 1918 3110 Zügel genommen ist, glaubt man an die Gezügeltheit, an die
675 3108 1911 3171 Unpassioniertheit einer jungen Dame, bloß weil sie Gräfin ist.
84 3100 677 3172 tiker „endlich eine gesetzte, männ¬
74 3148 678 3212 nit den ewigen lyrischen Traub¬
670 3146 1910 3202 Aber die Gräfin nahm sich heimlich dieselbe Freiheit, die der
673 3185 1913 3251 Balletteuse offen eingeräumt wird, vor deren Umgang jene der gräf¬
79 3199 672 3253 : „Es wird ja selbst uns Frauen
92 3231 674 3302 standeln fände im alten Grutz ihr
674 3233 1910 3296 liche Papa um so ängstlicher behütete, je intimer erselbst den
665 3273 1916 3337 Umgang dieser Balletteuse genoß. Zwischen allen stillen und lauten
85 3305 1907 3375 t, so überlebte er auch seinen so Verhältnissen bildet sich ein rechter, echter Schnitzlerscher „Reigen“,
665 3349 1920 3413 der vom alten Grafen bis zum feschen Wiener Fiaker, von der alten
90 3354 687 3414 r Darsteller, dem man wohl die
74 3383 1923 3459 un spielt ihn dort wie zur löst= Geliebten des Grafen zum unehelichen Sohn seiner Tochtor führt
94 3434 1920 3516 htzigjährige Bernhard Baumeister und vom Direktor mit mehr als gewohntem Geiste geführt wird.
