3436 4256
954 170 1145 253 Miz“
278 182 2911 306 21. Kontesse #z1 oder der Fanilientag box 26/1
1120 837 1514 948 Telephon 12801.
341 1013 459 1080 *
579 1016 1499 1121 WIITENTTETSN
1713 1048 3315 1176 Das neue Jahr begann das Deutsche Doikstheater mit der Uraufführung einer einaktigen
354 1119 1516 1193 O l. österr. behördl. konz. Unternehmen für Zeitungs-Ausschnitte
1591 1128 3116 1187 Komödie „Komtesse Mizzi oder der Familientag“ von Arthur Schnitzler.*)
348 1143 405 1192 1
1717 1172 3310 1256 Durch alle Stücke Schnitzlers zieht sich ein verwandter Zug, die### vom „süßen
528 1161 1416 1269 Wien, I., Concordiaplatz 4.
1592 1208 3302 1276 Mädel“ spielt überall mit, und seine bekannten Figuren wechsel im Lebensalter. „Komiesse
741 1244 1200 1311 Vertretungen
1599 1271 3305 1349 Mizzi“ ist ein älteres „Abschiedssouper“. Anatol und die jugendliche Ballerine Annie sind ernst,
372 1286 1511 1367 9 in Berlin, Budapest, Chicago, Christiania, Genf, Kopen¬
1601 1322 3308 1396 reif und gesetzt geworden. Anatol ist diesmal Graf Arpad #zmandr. in älterer Aristokrat und
386 1339 1511 1411 hagen, London, Madrid, Mailand, Minneapolis, New-Vork,
440 1373 1484 1446 Paris, Eom, San Francisco, Stockholm, St. Petersburg.
1595 1381 3305 1443 ausgedienter Kavallerioffizier. Annie die 38jährige pensionierte Ballettdame Lolo Langhuber.
756 1417 1166 1489 (Obellenangabe ohne DewährJ
1595 1419 3308 1493 Als Pallestri war sie in der Fußspitzenkunst sehr geschätzt. Graf Pazmandr ist frühzeitig Witwer
367 1438 821 1556 6 Ausschnitt aus
1594 1474 3291 1542 geworden, hat dann bald mit Lolo Beziehungen angeknüpft, die nun durch achtzehn Jahre un¬
779 1476 1367 1593 1e Bombe, Wien
1594 1532 3304 1593 getrübt gedauert haben. Er hat sich an Lolo gewöhnt, doch sie gibt ihm, wie ihre jüngere
325 1541 594 1640 E vom:
1588 1573 3291 1641 Kollegin Annie im „Abschiedssouper“, den Laufpaß. Sie will. da sie sich ins Privatleben zurück¬
654 1541 892 1677 B
1586 1608 3309 1706 gezogen hat, in „geordnete Verhältnisse“ kommen und heiratet den braven Fiaker und Haus¬
1586 1670 3302 1744 besitzer Wasner. Dem Graf wird es nicht leicht, seine treue, langjährige Gefährtin zu verlieren,
1596 1724 3302 1770 er bietet ihr sogar seine Hand zum ehelichen Bund, doch sie schlägt sie klugerweise aus, denn
1591 1768 3304 1841 #es tät doch kein gut“. Dor ihrer Verheiratung besucht Lolo ihren alten Freund auf dessen
724 1672 1351 1853 Dedtel-
1594 1813 3291 1885 Landsitz. Das geniert den Grafen, denn er möchte doch Lolo seiner Cochter, Komtesse Mizzi.
511 1813 596 1907 4
1592 1867 3295 1926 nicht vorstellen. Doch diese gleichfalls ein ältliches Mädchen, nimmt die Maitresse des Vaters
738 1825 1454 1989 Fan- Peneel
1586 1919 3299 1973 liebevoll und herzlich auf. So sind Dater. Tochter und die illegale „Stiefmama“ beisammen.
1596 1964 3303 2011 Aber zum „Familientag“ fehlen noch zwei, die sind auch alsbald zur Stelle: Fürst Ravenstein
1591 2011 3304 2072 und dessen siebzehnjähriger natürlicher Sohn Philipp. Der Fürst hat ihn eben adoptiert. Die
527 2001 1421 2107 Im Volkstheater Schnitzlerabend mit
1597 2070 3301 2131 Mutter des Jünglings ist Komtesse Mizzi. Als nach dem Tode ihrer Mutter der Dater bei Lolo
426 2082 1430 2157 allem Zubehör. Festlich gekleidete Gäste aus
1596 2101 3296 2169 Trost gesucht hat, war sich die Komtesse meist allein überlassen. Sie verliebte sich in den Fürsten
438 2150 1427 2226 der inneren Stadt, schöne Frauen, pietät¬
1591 2160 3301 2227 Ravenstein und hatte mit ihm einen Sohn, der ihr trotz alles Sträubens gleich nach der Geburt
1589 2204 3302 2282 weggenommen und fremden Leuten zur Erziehung übergeben wurde. Nun sieht sich die Mutter
434 2209 1428 2280 volle Stimmung, welche dem nicht mit dem
1592 2245 3302 2317 plötzlich ihrem erwachsenen Sohne gegenüber, und seinetwegen entschließt sie sich jetzt, Fürst
435 2265 1436 2347 Schillerpreis gekrönten und doch so talent¬
1592 2315 3292 2373 Ravenstein zu heiraten, der schon früher, sowie er Witwer geworden war, vergebens um ihre
427 2318 892 2410 vollen Dichter gilt.
1596 2358 3286 2413 Hand geworben hatte. Freilich hat sich Komtesse Mizzi nicht gelängweilt. Zeichenlehrer und
516 2363 1442 2450 Die „Liebelei“ ist alt und wahrlich
1595 2412 3301 2465 andere Männer sorgten für ihren „Zeitvertreib“. So findet sich die eigenartige „Familie“ mit
434 2432 1429 2512 schon genügend besprochen worden. Sie ist
1590 2453 3293 2515 einem Male zusammen. Wir bewundern wiederum die Geistesschärfe, mit der Schnitzler dieses
1582 2501 3292 2575 Sittenbild prachtvoll zeichnet, er greift ins Leben und holt sich daraus Figuren, die er mit seinem
423 2499 1437 2572 nicht epochemachend, aber graziös, elegant
1596 2556 3296 2617 künstlerischen Genins umgibt. Der seine Beobachter, der tiefe Pfrcholog, der genaue Kenner der
499 2571 1445 2627 eine Wiener Spezialität. Noch im jetzigen,
1596 2601 3299 2664 Gesellschaft zeigt sich wiederum in „Komtesse Mizzi“. Die beiden gleichen Schicksale der Komtesse
424 2623 1422 2685 ein wenig fadenscheinig gewordenen Zu¬
1591 2651 3291 2713 und des Ballettmädchens, die Lebenslügen, die ein bevorzugter Stand für sich in Anspruch nimmt,
425 2678 1439 2757 stand zeigt sie, daß sie in einem guten
1588 2696 3282 2759 im Gegensatz zur ehrlichen; munteren, aufrichtigen Auffassung eines Mädchens aus dem Dolke,
440 2725 1074 2812 Atelier gefertigt worden ist.
1594 2748 3294 2829 das bringt Schnitzler in ungeschminkter Wahrheit mit Humor und treffender Charakteristik auf
1580 2798 3287 2863 die Bühne. Er präsentiert uns auch zwei Tppen österreichischer Aristokraten, in Pazmandr einen
530 2762 1431 2868 „Komtesse Mizzi“ aber ist ein starker
1597 2844 3287 2917 gutmütigen, einfachen, braven Menschen der sich um den Lauf der Welt nicht viel kümmert, und
434 2840 1429 2919 Rückschritt, nämlich ein — Überbleibsel vom
1589 2895 3286 2953 in Ravenstein, den auf seinen Ruf und die Aeußerlichkeit streng bedachten, streberischen, egoistischen
443 2912 1438 2977 „Reigen“, der eine bedenkliche Konzession
1585 2950 3294 3009 Fendalen. Wie stets bei Schnitzler, sprüht auch diesmal der Dialog Leben und Geist. Seine
434 2970 1422 3035 an den Masseninstinkt vorstellte. Die Aristo¬
1586 2986 2366 3048 Gestalten sind aus einem Guß geschaffen.
441 3026 1436 3100 kratie ist hier ein bischen gar zu tendentiös
1705 3035 3288 3109 Die heite Ironie des österreichischen Aristokratentums amüsierte sehr. Die Komödie, die
447 3084 1428 3170 vom Schottenringstandpunkt aus dargestellt.
1581 3072 3294 3148 von den Damen Glöckner und Galafrés und den Herren Thaller, Kramer, Edthofer
1583 3136 3289 3192 und Lackner bravourös gespielt wurde, errang einen starken Erfolg. Dem Einakter ging
524 3144 1425 3220 Auch an Burckhardt wird man be¬
1581 3184 3307 3268 Schnitzlers Schauspiel „Liebelei“ voran, in der Frl. Hannemann als Christine durch ihr seelen¬
435 3197 1430 3272 denklich erinnert. Das ist dramatisierter
1589 3245 2282 3318 volles; lief empfundens Spiel ergriff.
443 3258 1428 3323 Kaffeehauswitz — ein Stoff des Budapester
443 3314 1428 3405 Orpheums mühsam ins Literarische empor¬
435 3378 687 3463 gehoben.
533 3417 1437 3499 Sehr gut war Frl. Hannemann als
448 3485 1439 3569 Christine, wirksam Herr Kutschera als
441 3560 1442 3635 der im Grunde unmögliche alte Musiker,
436 3610 1229 3688 wie sich ihn Schnitzler vorstellt.
528 3668 1438 3755 Famos war Herr Lackner in „Kom¬
445 3729 1433 3814 tesse Mizzi“ in der Fiakerrolle, über alles
435 3789 1437 3879 Lob erhaben der fesche Thaller als un¬
439 3845 866 3937 garischer Graf.
