3436 4256
485 112 1687 156 Matthäus) die Begebenheit. Hexodes gab den Obersten und
485 154 1686 212 Hauptseuten in Galiläa ein Abendmahl. Und die Tochter der
469 197 1681 243 Herodias tanzte und gefiel wohl dem König und denen, die
469 255 1683 313 am Tische saßen. Da sprach der König zum Mägdrein: Bitte
481 302 1684 361 von mir, was du willst, ich will dir's geben. Und schwur ihr
467 337 1685 385 einen Eid: Was du wirst von mir bitten, will ich dir geben,
477 387 1682 453 bis an die Hälfte meines Königreiches. Sie ging hinaus und
483 437 1688 490 sprach zu ihrer Mutter: Was soll ich bitten? Die sprach: Das
483 495 1676 552 Haupt des Johannes des Täufers. Und sie ging mit Eile zum
470 536 1674 578 König, bat und sprach: Ich will, daß du mir gebest jetzt so¬
480 598 1687 650 bald auf einer Schüssel das Haupt Johannes des Täufers. Und
477 637 1694 710 der Henker ging und enthauptete ihn im Gefängnis und trug
477 674 1680 745 her sein Haupt auf einer Schüssel, und gab es dem Mägdlein,
482 733 1264 804 und das Mägdlein gab es der Mutter.
568 773 1692 834 Diese einfachen Zeilen haben seither viele Künstler mit
486 826 1677 889 Unruhe, Interesse und Grauen erfüllt, und in der Salome¬
477 877 1683 959 Gestalt eines der fesselndsten künstlerischen und psychologischen
475 928 890 1005 Problemes geboten.
563 971 1683 1032 Unsere Geschichtskenntnisse wissen, daß Herodes ein orien¬
489 1029 1686 1073 talischer Despot, aber auch eleganter, gebildeter Weltmann war,
483 1084 1698 1131 der am Hofe des Caligula und in Lyon römische Sitten kennen
490 1133 1694 1186 lernte, oft in Rom war, an der Tafel des Kaisers saß, die
483 1182 1699 1240 Prinzen und Prinzessinnen von römischen Lehrern erziehen
491 1210 1702 1286 ließ So gab es auch in Jerusalem ein prächtiges römisches
484 1279 1710 1336 Theater, an welchem Griechen spielten, vor den Toren war
477 1319 1688 1372 ein römischer Zirkus. Während der nationale Jude Körper¬
490 1368 1687 1434 pflege und Schönheitskult, Tanz und Spiel als Sünde haßte,
486 1424 1701 1484 freute sich daran sein König gleich Römern und Griechen,
493 1478 1694 1539 Fahrende Tänzer und Fechter aus Griechenland und Rom
492 1520 1692 1575 waren in Jerusalem beim König stets freundlich aufgenommen.
496 1564 1692 1623 So wußte also Herodias durch Salomes Tanz den furcht¬
482 1617 1280 1681 baren Ankläger Johannes zu verderben.
579 1648 1705 1721 In Sudermanns „Johannes“ folgt Salome dem Rate der
490 1713 1698 1776 beleidigten Mutter: das Haupt des Propheten zu fordern. Sie
498 1769 1688 1823 erwärtet, er werde sie um sein Leben anflehen. Ihr Tanz ist
492 1825 1691 1875 eine Verzweiflungstat, und als sie das blutige Haupt sieht,
499 1852 1699 1920 wankt sie halb ohnmächtig fort. Wilde hat in seiner von Suder¬
498 1915 1696 1975 mann unabhängigen, viel früher erstandenen Dichtung den Tod
502 1960 1704 2024 des Johannes nur von Salome herbeiführen lassen und aus
492 2009 1694 2070 dem Anstiften ein Billigen und Ermuntern der Mutter gemacht.
495 2067 1698 2125 So sehr die Katastrophe dadurch an Einheit gewinnt, ebenso
497 2103 1708 2167 zwecklos werden aber nunmehr die erschütternden Bußworte
498 2154 1700 2235 und Verdammungen des Propheten, die in der Bibel das eigent¬
492 2200 1061 2282 lich treibende Moment sind.
596 2225 1720 2321 Aus der weltgeschichtlichen Tragödie wird die Laune eines
508 2313 1705 2363 perversen Weibes, das nach dem blassen, bleichen Propheten
503 2360 1699 2410 mit schwarzem Haar und glühenden Augen sich sehnt, seinen
499 2397 1696 2465 roten Mund küssen will und ihren Kuß in wilder Extase auf
497 2448 1696 2496 das blutige tote Haupt drückt, weil der Lebende sie verschmähte.
600 2499 1710 2543 Schon 1900 machte die „Wiener Rundschau“ das deutsche
514 2543 1698 2615 Publikum mit „Salome“ bekannt, in einer Übersetzung von
503 2601 1711 2659 Hedwig Lachmann, mit Zeichnungen von Beardsley versehen.
513 2652 1708 2701 Diese so krank und exotisch, dekadent als das Stück selbst. Ein
512 2694 1700 2750 Berauschen an schwüler Sinnenglut, an farbigen leuchtenden
504 2746 1703 2805 Wortgruppen, bei Beardsley in exotische Linien und Formen
499 2803 1719 2859 übertragen. Salome ist die kleine Prinzessin, wie der Schatten
505 2839 1717 2897 einer weißen Rose in einem silbernen Spiegel, deren Füße
508 2886 1712 2968 wie weiße Tauben, deren Hände weiße, flatternde Schmetter¬
514 2942 647 3014 linge.
595 2971 1716 3044 Unsere Aufführung war auf den sinnlichen Akkord abge¬
517 3037 1707 3097 stimmt. Dr. Alberty als Herodes eine Despotengestalt, auf¬
509 3081 1719 3155 gedunsen, an Geist und Körper zerfallen wie der von allen
513 3135 1714 3190 Lüsten gesättigte, nach neuen raffinierten Emotionen suchende
509 3180 1714 3242 Nero. Gewiß eine im Sinne der Legende und Überlieferung
509 3247 1710 3308 glaubhafte Auffassung. Frl. Wolff als Salome gab auch nur
507 3277 1718 3340 die sinnliche Seite, fast an Klingers Salome gemahnend, brutal,
522 3335 1724 3391 heimtückisch, herzlos und — gedankenlos, ein „Erdgeist“ am
518 3369 1715 3438 Hofe des Herodes. Konsequenterweise gab Frl. Fasser eine
508 3435 1719 3488 auf Salome eifersüchtige Herodias, dabei hoheitsvolle Königin.
510 3475 1713 3530 Das Szenenbild war das bekannte der Oper. — Als zweiter
518 3524 1724 3583 Einakter folgte „Komtesse Mizi oder der Familientag“ von
519 3565 1724 3639 Schnitzler. In seiner bekannten flotten Manier; auch Lust an
514 3618 1712 3674 Erotik. Wenig schmeichelhaft für die österreichische Aristokratie,
525 3674 1720 3729 falls andere Stände berechtigt wären, sich besser zu fühlen. Graf
527 3718 1723 3769 Arpad, ältlicher Aristokrat, gewesener Kavallerieoffizier, früh
524 3761 1728 3824 Witwer, lebte durch achtzehn Jahre mit einer Tänzerin, der
518 3827 1726 3893 pensionierten Dame vom Ballett, 38jährigen Lola Langhuber.
520 3873 1728 3926 Sie gibt ihm den Laufpaß, will in „solide“ Verhältnisse kom¬
515 3910 1727 3986 men, heiratet den Fiaker und Hausbesitzer Wasner. Besucht
515 3957 1725 4018 noch einmal den Grafen auf seinem Landgut. Dessen Tochter,
527 4023 1743 4077 die auch schon ältere Komtesse Mizzi, nimmt ihre „Stiefmama“.
