3436 4480
2436 120 2853 228 box 26/1
238 116 2286 211 21. Kontesse Mizz 1oder-der-Fani Lientan
609 903 1036 1000 Werben W — G..
596 968 3358 1041 jetzigen Geschäftsordnung mit großem Miß= lassen bleiben, ob auch die Koalitionsbinten wiederf Vortshangesa
600 1009 3052 1086 trauen aufgenommen und der Abgeordnete Steinwenderstreiben. Dan wäre ein Beamtenministerium an der
3110 1034 3369 1106 Die Seel
602 1070 3357 1144 hat eine recht unerqnickliche Arbeit, da er sich bemüht, Reihe und zwar keines der rangältesten Sektionschefs, Sektionschef u
593 1116 3375 1193 die Rechte der Obstruktion möglichst einzuschränken. Mansondern eines nach der freien Wahl des Monarchen ... Friedenskonfen
607 1182 1005 1244 —
1185 1182 1344 1247 — —
1810 1231 3030 1310 denn an dem Mann eigentlich dramatisch?“ Und bin zur
3019 1238 3363 1304 darauf mit ei
1015 1240 1465 1351 Schnitzlerei.
1811 1280 3360 1373 verblüffenden, durch kein Gegenargument niederzuringen=Sowie Her F
1813 1335 3352 1403 den Erkenntnis gekommen: „Nichts, aber rein garlfragen würde,
606 1336 1825 1428 („Liebelei". — „Ein Familientag“. — Deutsches Volks¬
1810 1386 3366 1448 nichts!“ Und zu dem Pflichtbewußtsein, diese Erkenntnisnimmt, in der
1098 1403 1336 1472 theater.)
1795 1438 3039 1504 dem empfindungsreichen Lyriker des Wiener Literatur¬
3024 1441 3360 1507 die kompromit
699 1472 3035 1549 Seit mir schier undenklichen Zeiten wird mir vom snobs klipp und klar zu sagen, damit er noch beizeiten
3018 1487 3348 1563 „rührende“ al
586 1515 3338 1598 dramatischen Talent Schnitzlers vorgepredigt. Die be- gewarnt werde und sich später, nicht baß zurückgesetztjman ihn um
598 1576 3030 1680 frackten Schmöcke, die gerne als literarische Fachgrößenj fühlt, wenn ihm der Standplatz in der Walhalla unserer
3015 1588 3363 1657 mutung befrag
592 1611 2739 1712 zu den Diners unserer Börsenbarone geladen werden und dramaturgischen Schöpfung versagt bleibt.
3024 1643 3350 1712 Zuhörer mit
609 1657 1835 1732 in Theaterpremieren großen Wert darauf legen, aus
1923 1675 3366 1749 Der Mann ist vielleicht ein Dichter, er schöpft Ge=nicht. Die B#
590 1724 3352 1814 der Loge des Dichters ins Parkett zu sehen, die schließen stalten voll Natürlichkeit und in typischer Zeichnung aus (Knotens, wer
603 1763 1830 1836 beim Aussprechen des Namens Schnitzler immer die
1820 1793 3345 1865 einem reichen Phantasiefonds; er ist gewiß ein vorzüg=einen schürzen
595 1829 3041 1908 Augen, wie Feinschmecker, wenn sie Annanas auf der licher Erzähler, dessen psychologische Beobachtung oft bis
3123 1830 3370 1909 Schnibler
598 1872 3370 1960 Zunge zerdrücken. Und die „Gotthold Ephraims“ un-zur anatomischen Studie heranwächst; er mag auch ein seiner Rasse zu
608 1906 3363 2007 serer Tagespresse, denen zur kulturgeschichtlichen Messung graziöser Causeur sein, dessen Esprit und sichtlich hohe drückt in der ###
595 1992 3368 2064 unserer armen Dramaturgie nur noch die Kleinigkeit des Bildung in den ein= und mehraktigen Plaudereien auf Tänendrüse, w
606 2023 3313 2081 Familiennamens des großen Vorbildes fehlt, die be=der Bühne viel über den Mangel jeglicher dramatischer schmierzes.
593 2067 3365 2151 handeln den Zusammenhang des Sohnes des großen! Begabung hinwegzutäuschen vermögen. Aber ein Dra= Tugenden eine
608 2123 3354 2211 Chirurgen mit den Fußstapfen unseres ersten Dichter=matiker ist er nicht, wahrhaftig nicht, so wahr Sardon solche Vorzüge
600 2177 3362 2252 fürsten als etwas bereits Klassisch=Versteiftes. Schnitzler niemals etwas anderes war, als ein geriebener Dra sein erzählender
612 2227 3030 2297 und Schiller — Schiller und Schnitzler! Die Anfangs=matiker, so wahr heute noch in einer Szene Sudermanns
3019 2239 3360 2301 in Prosa, daß
606 2279 3361 2381 buchstaben sind klassisch, das andere ist nur mehr eine weit mehr dramatische Begabung steckt als in den sämt=Aber dramatisc
603 2313 992 2389 Frage der Zeit
970 2329 2688 2409 .. Nächstens depeschiert's Herr Sieg=lichen dramatischen Werken Schnitzlers.
3008 2338 3373 2410 derner Erfahrm
612 2371 1845 2457 fried Löwy an den Börsencourier und dann muß es not¬
1913 2373 3366 2451 Wie dumm, wie unsäglich dumm diese ganzelwas am leichte
610 2419 1463 2494 gedrungen in den Brockhaus kommen.
1800 2432 3359 2501 Episode der kleinen Musikertochter ist, dessen wird man Stücken dieser
722 2477 3353 2543 Angesichts der nun schon einige Male gehörten Geslerst gewahr, wenn man sich diesen dens ex machina- „Vermächtnis“
611 2531 3370 2601 schichte von dem angeblich so rührenden süßen Musiker= Ehemann, der um nenn Uhr als Rächer seiner Ehre in Anatolstückchen
610 2583 3369 2635 mädl, das wegen einer kurzen Liebschaft davonrennt —die Liebelei=fete des kleinen Fritz hereinschneit, bei Licht Dialoge, wirkt
604 2634 3373 2709 wohin, unbekannt, — angesichts des angeblich so rühren=lbetrachtet. Bei Tageslicht, in dem dieser seltsame Ehren= immer sehr un
601 2665 3363 2741 den alten Musikanten, der furchtbebend vermutet, das ritter gewiß keinen Geschmack am Kugelwechsel findet, Es wäre denn,
606 2716 3371 2809 Mädl komme nicht wieder, angesichts der frischen Ein- nachdem er die Briefgeschichte so unmotiviert unter vier dramatischen #
613 2790 3375 2860 drücke dieser als Meisterwerk immer wieder gerühmten iAugen erledigte. Er käme, ebenso wie der Dichter, in gnügen soll, da
609 2830 3358 2913 Marlitt=Geschichte von anno 1900 habe ich mich ehrlieh Verlegenheit, würde man ihn fragen ,warum er zu nacht= bis einem die
605 2872 3048 2947 und unvoreingenommen gefragt: „was zum Teufel ist schlafender Zeit eine Angelegenheit abmacht, die er Tags
3114 2885 3380 2963 Dann alle
1429 2976 3242 3096 Die heutige Zummer umfaßt 12 Seiten.
1543 3238 1713 3399 79
