3344 4352
188 230 335 323 21
2355 181 2835 284 box 26/3
974 227 1044 285 2
336 202 2258 305 Kontesse Miz1oder der Fani Lientag
2624 658 2745 732 Nr.
1509 674 1902 761 Die Gegenwart.
624 693 710 781 94
1744 784 2790 883 sohn, der nur noch nach Kindern und Wiege Sehnsucht
614 828 1680 895 einmal zu revidieren. Es ist richtig, daß Erfolge
1749 849 2803 933 hat, wendet — und die dann, als der unerbittliche
631 893 1676 950 im Stil von „Glaube und Heimat“ kultivierte
1738 907 2797 974 alte Grutz wieder in neuer Kraft dasteht, davon¬
628 933 1680 1003 Menschen immer mißtrauisch machen, und daß oben¬
1751 948 2791 1035 zieht zum Eishofbäuerlein. Denn das Eishof¬
633 997 1680 1046 drein das norddeutsche Gemüt schon immer etwas
1746 999 2794 1078 bäuerlein will sie zum Weib trotz der „Zuwag",
632 1036 1684 1098 gereizt ist, wenn der süddeutsche Stammesbruder
1754 1052 2794 1120 die sie vom Grutzensohn mitbringt, will sie, weil
637 1084 1684 1166 so haltlos schwärmt, wie es hier der Fall war. Den¬
1754 1076 2797 1177 er ein paar so rüstige Arme braucht für seinen
627 1122 1689 1191 noch ist Schönherr von der allzu vernünftigen nord¬
1752 1146 2804 1229 harten Boden da oben, und sie lockt das Stück eigener
636 1172 1692 1272 deutschen Kritik, die von vornherein geneigt ist, Volks¬
1754 1193 2803 1273 Erde hinauf ins Eis. — Das alles steht in großen,
636 1231 1699 1293 tümlichkeit für Schwindel und Gemüt für Mumpitz
1758 1243 2815 1327 harten, klaren Zügen da: der Sarg, den der Alte sich
629 1278 1695 1366 zu halten, Unrecht geschehen. Selbst in Sachen von
1758 1288 2818 1367 erst bestellt hat und dann zerhackt, die Wiege, die
634 1325 1699 1402 „Glaube und Heimat". Nicht als ob mir dies nun
1764 1338 2805 1420 der verträumte Sohn sich so vergeblich im Winter
642 1369 1685 1464 ein wirklich jedes Ruhmes würdiges Meisterstück
1762 1384 2819 1481 zurechttischlert, die Wage, an der die Wirtschafterin
638 1429 1692 1496 schiene; es ist ein starkes Theaterstück, aber als
1768 1444 2818 1515 erst das Hinschwinden und dann die Neugeburt des
633 1469 1692 1547 Dichtung eine halbe Sache mit vielen falschen Tönen.
1767 1493 2802 1560 Alten ablesen muß, das sind alles so reine, aus der
641 1523 1696 1599 Denn Schönherrs „Glaube“ ist unerlebt, wirkt als
1770 1539 2815 1616 lebendigen Situation gewachsene Zeichen des inneren
642 1571 1692 1654 bloßes rhetorisches Versatzstück, und läßt alle auf
1764 1579 2805 1672 Wandels, wie die Jahreszeiten; sie gliedern das
645 1622 1703 1700 dem Glauben gegründeten Zusammenstöße als leere
1765 1640 2815 1709 Spiel in einen sicheren Takt, dessen sprachliche
654 1676 1685 1739 und laute Effekte erscheinen. Aber die „Heimat“
1777 1687 2808 1757 Melodie nun von einer Zahl gleichmäßig wieder¬
648 1723 1708 1796 ist bei Schönherr erlebt; das Ringen des Menschen
1776 1730 2807 1814 kehrender an= und abschwellender Leitmotive er¬
641 1770 1711 1838 um ein Stück Erde, das Streben nach einem ge¬
1775 1777 2813 1869 schaffen wird. Dieses Aussparen, Ordnen und
649 1831 1701 1914 sicherten und sichernden Stück Umwelt, das Kämpfen
1774 1830 2822 1913 Steigern weniger Sätze zu einer monumentalen
653 1881 1700 1955 um einen festen Punkt, von dem aus wir unsere
1785 1879 2821 1967 Wirkung zeugt gewiß nicht für großen Erfindungs¬
654 1932 1707 1989 Welt nehmen können, daß ist das Motiv aus der
1785 1931 2821 2012 reichtum; Schönherrs sinnliche Phantasie, sein Fond
660 1973 1701 2046 großen Symphonie der Zeit, das Schönherr wahr¬
1776 1969 2828 2051 an lebendig Geschautem ist nicht groß, und wenn er
657 2031 1714 2110 haft vernommen hat, und mit dessen Variationen
1771 2032 2833 2109 die wirklich gefühlte Anschauung durch absichtsvoll
655 2084 1707 2134 er deshalb zu unserer Seele sprechen kann. Der
1773 2085 2827 2154 Geredetes ersetzt (wie dies einige Male dem alten
665 2115 1717 2192 Sandberger, der lieber alle Gewissensqualen als die
1780 2122 2819 2207 Grutz oder dem Eishofbauern passiert), so entsteht
668 2166 1716 2244 Heimatlosigkeit dulden wird, der Engelbauer, der für
1783 2173 2819 2254 freilich etwas Unechtes und Sentimentales. Aber
668 2215 1708 2301 jedes Kind vor der Geburt ein Stück Land haben
1791 2227 2827 2309 sein eigentliches Können besteht darin, die wenigen
669 2267 1710 2338 will, selbsi das Vagabundenpaar, Kesselflickwolf und
1784 2272 2832 2351 erlebten Motive kunstvoll zu einer großen Wirkung
660 2321 1719 2381 Straßentrapperl, die die Erde so herzhaft im Wandern
1783 2322 2830 2404 zu ordnen, und dieser Sinn für monumentalen Bau
671 2368 1726 2454 genießen und doch eine Begier nach Besitz in sich
1779 2367 2829 2461 ist wahrlich nichts Geringes. — An einer Lebens¬
675 2417 1715 2493 aufkeimen spüren bei dem Gedanken an ihr Kind, selbst
1790 2426 2830 2506 fülle, wie sie Gerhart Hauptmann besitzt, gemessen,
665 2468 1715 2540 diese zwei vom vorsichtigen Brahm als sentimental
1785 2468 2835 2553 erscheint ja auch ein Henrik Ibsen arm, und doch
663 2513 1718 2602 gestrichenen Gestalten erscheinen mir durchaus le¬
1806 2518 2839 2609 erzielt er Wirkungen, die in gewisser Weise über
668 2566 1722 2629 bendig und echt und im rhythmischen Ausbau ihrer
1793 2567 2838 2652 alles Hauptmannsche hinaus gehen, durch die archi¬
664 2623 1728 2688 freilich nicht zahlreichen sprachlichen Motive, wenn
1790 2628 2844 2700 tektonische Anordnung, die er seinen wenigen Motiven
679 2670 1383 2750 nicht reich, so doch stark geraten.
1794 2664 2844 2752 gibt. Schönherr hat mehr als irgend ein deutscher
1798 2715 2837 2802 Dramatiker heute sonst von der Ibsenschen Technik
767 2717 1718 2817 Eben weil aber aus der Heimat, der Erde,
1797 2762 2845 2853 gelernt. Innerlich freilich hat er mit dem großen
682 2790 1722 2851 alles Echte und Starke der Schönherrschen Poesie
1793 2806 2831 2893 Zweifler, dem erbitterten Analytiker wenig gemein.
672 2832 1727 2916 kommt, ist diese ältere Komödie soviel reiner und
1808 2862 2832 2943 Wohl aber erinnert der Gehalt seiner hageren, spitzen
670 2886 1725 2954 bedeutender, als die spätere, allzu erfolgreiche Tra¬
1792 2899 2844 2998 Form an das Leben, das in dem üppig breiten Bau
679 2938 1733 3016 gödie. Mit mächtigen Linien ist der Bau dieses
1810 2978 2840 3050 Emile Zolas wohnt: Natur und Mensch als in¬
678 2984 1735 3057 Dreiakters entworfen: mit dem Herbst scheint die
1799 2999 2837 3081 einander verwachsene, miteinander wachsende Dä¬
683 3031 1734 3099 Lebenskraft des alten Bauern tötlich getroffen; im
1802 3057 2840 3140 monen; der Mensch nicht mehr als getriebenes
688 3081 1726 3156 Winter legt er sich mit seiner Erde wie zum Todes¬
1795 3094 2845 3193 Teilchen Welt, nicht mehr eine im Sturm der Natur
680 3133 1732 3201 schlaf nieder und bestellt seinen Sarg; aber mit
1796 3153 2862 3234 verwehende Seele, sondern selbst ein schicksalhaltiges)
688 3169 1736 3247 den Frühlingsstürmen steht er wieder auf und zer¬
1805 3193 2854 3287 mächtig treibendes Stück Natur. Solch ein Gefühl
683 3234 1742 3295 hackt seinen Sarg zu Brennholz, stark und genesen
1796 3251 2849 3343 baut sich aus den kargen Motiven in der großzügigen
763 3277 1744 3362 ein Unsterblicher. Und alle, die auf seinen Tod
1814 3302 2855 3383 Rhythmik dieser Komödie empor. Und deshalb scheint
685 3328 1740 3412 lauerten, sind verzweifelt, enttäuscht: die gealterte
1813 3349 2851 3428 mir Karl Schönherr, der Dichter dieser „Erde“, kein
686 3372 1745 3443 Magd, die seit zehn Jahren den 46jährigen Sohn
1811 3401 2845 3492 geringer Faktor unserer dramatischen und geistigen
698 3435 1740 3496 des Alten aussichtslos liebt; der Sohn, der sich
1824 3474 2083 3545 Entwicklung.
700 3474 1750 3538 nicht von der Scholle trennen will, und ein alter,
2434 3497 2834 3577 Julius Bab.
691 3526 1745 3609 vertrottelter Knecht bei seinem Vater wird; und die
694 3557 1746 3656 junge kräftige Wirtschafterin, zu der sich bei der er¬
682 3619 1744 3695 wachenden Freiheitshoffnung der verschlafene Bauers¬
