3484 4128
2025 115 3092 205 W
3200 110 3354 206 ————
1584 180 2789 252 längst auf die Idee gekommen ist, vier oder fünf von diesen
2788 187 3345 274 aufziehen lassen. Jahre sind
2790 252 3357 316 Menschenschicksal, daß es m
1580 246 2785 312 lose zusammenhängenden und von den verschiedenartigsten
531 238 1442 346 Wiener Theater=Ereignisse.
1580 298 2785 382 Stimmungen erfüllten Einaktern an einem Theaterabend zu
2784 293 3360 366 bilden in  gesetzmäßige stille
355 296 1578 387 (Die Dramen Artur Schnitzlers: Uraufführung der „Kom¬
1578 344 1848 419 vereinigen.
2784 352 3354 420 will nicht mehr Pallestri, je
364 372 1593 425 resse Mizzi“ und erste Aufführung der „Liebelei“ im
2783 393 3361 468 chennamen Langhuber gen#
355 412 1587 475 Deutschen Volkstheater, erste Aufführung von „Anatols Hoch¬
1657 393 2790 461 Eine einzige von den Anatolszenen, und zwar gerade die
358 452 1586 505 zeitsmorgen“ im Johann Strauß=Theater. — Josef Kain¬
2790 448 3359 517 Und weil ihr der Graf Pa#
1579 448 2787 528 reizendste, ist nicht auf die Bühne zu bringen. Es ist der
356 495 1579 558 zens Abschied an drei Stätten: im Burgtheater, im Musikvereins¬
2791 500 3357 568 bietet, zu alt ist, und weil
1584 506 2782 558 Dialog „Weihnachtseinkäufe“, der am Weihnachtsabend, so
356 538 1581 610 gaal und im Johann Strauß=Theater als Simone in Wildes
2781 543 3357 612 geboren fühlt, beglückt sie
1595 557 2785 623 zwischen 6 und 7 Uhr, bei leichtem Schneefell in den Straßen
616 574 1344 647 „Florentinischer Tragödie".)
2781 587 3374 674 Hausbesitzer und Bürger von
1597 610 2790 665 Wiens spielt. Anatol trifft Frau Gabriele, die Frau eines
552 627 1424 705 Ein Theaterbrief von Wilhelm v. Wymetal.
2789 643 3365 708 Fürst Ravenstein hat seinem
1590 658 2786 727 anderen, die er geliebt hat, die aber nicht den Mut hatte,
2794 690 3363 762 Geheimnis seiner Herkunft v#
456 682 1583 759 Mit Schauspielen aus drei ganz verschiedenen Perioden
1586 706 2782 769 seine Liebe zu erwidern. Er erzählt ihr von dem süßen Vor¬
2783 743 3362 813 den liebenswürdig=unverschä
358 753 1580 839 seines Schaffens ist uns Artur Schnitzler im ersten Drit¬
1591 754 2781 811 stadtmädel, das er jetzt liebt und von dem Milieu dieser
2790 795 3363 867 Gnade des Kaisers den für
360 809 1311 872 tel des Jänner auf Wiener Buhnen begegnet.
1589 797 2785 869 Liebe: „Also — denken Sie sich — ein kleines, dämmeriges
2791 849 3363 912 tragen wird, den Pazmand
451 831 1569 910 Eine, Matinee der Concordia im Johann Strauß=Thea¬
1577 843 2779 913 Zimmer — so klein,— mit gemalten Wänden — und noch
2793 899 3378 962 Gelegenheit der Komtesse
356 886 1582 972 ter machte den frühesten Schnitzler und seinen vielgelesenen“
1581 899 2783 962 dazu etwas zu licht — ein paar alte, schlechte Kupferstiche
2787 944 3381 1008 antrag. Es gibt noch ein ##
352 939 1584 1026 weniger aufgeführten „Anatol“, diesen liebenswürdigen,
1587 964 2782 1018 mit verblaßten Aufschriften hängen da und dort. — Eine
2799 993 3360 1061 Fürsten und der Komtesse, ds
352 1001 1571 1063 leichtsinnigen Melancholiter wieder lebendig. Von den sieben
1581 1005 2789 1068 Hängelampelmit einem Schirm. — Vom Fenster aus, wenn
2795 1043 3374 1100 heit die vielen Liebesverhä
353 1055 1582 1118 Anatolszenen ist eine auf unzähligen Bühnen unzählige
1591 1051 2789 1111 es Abend wird, die Aussicht auf die im Dunkel versinkenden
2794 1093 3382 1155 beiden in den letzten 10 Jah
354 1117 1580 1165 Male gespielt worden, das „Abschiedssouper“, weil die ur¬
1583 1101 2790 1158 Dächer und Rauchfänge! .. Und — wenn der Frühling
3106 1146 3158 1180 ah
2785 1143 3367 1206 werden der 5ojährige Fürst
356 1156 1579 1222 wüchsige Ballerine Annie für Darstellerinnen des Drasti¬
1587 1162 2782 1231 kommt, da wird der Garten gegenüber blühn und duf¬
2791 1195 3373 1261 tesse Mizzi ein samoses Eh
1588 1209 1828 1277 ten ....“
365 1205 1567 1271 schen immer eine lockende Aufgabe bilden wird, wie sie bei¬
2790 1237 3368 1299 junge Ravenstein wird bald
365 1250 1587 1322 spielsweise Gisela Schneider, Adele Sandrock und Hansi
1659 1234 2791 1336 Dies ist der Schauplatz des klassischen Wiener Stückes,
2790 1285 3380 1367 mütterlicherseits gelüftet seh
356 1309 1579 1366 Niese zu Triumphen verhalf. Jarno hat in Wien auch zwei
1587 1310 2785 1365 das Schnitzler geschrieben und das vor einigen Tagen im
2794 1343 3387 1414 ihren letzten Liebhaber und
358 1353 1574 1425 weitere von diesen Einaktern aufzuführen gewagt, die iro¬
1591 1368 2784 1425 Deutschen Volkstheater eine Auferstehung voller Glanz und
2798 1387 3383 1457 Professor Windhofer, in Gi
356 1409 1575 1466 nische „Frage an das Schicksal“, wo einem sehr eifersüch¬
1576 1415 2780 1478 Glorie gefeiert hat, der „Liebelei“. Aus Anatol ist hier
2785 1424 3388 1509 ihrem Vater den Sommer in
357 1456 1568 1521 tigen Hypnotiseur die Gelegenheit geboten ist, seine hypno¬
1582 1463 2787 1530 Fritz Lobheimer geworden, Frau Gabriele spielt nur unsicht¬
2802 1491 3372 1559 auch Ravenstein Vater und
355 1496 1581 1565 tisierte Geliebte zu fragen, ob sie ihm treu sei, und er diese
1580 1512 2791 1586 bar mit, indem sich Anatol=Fritz von ihrem Mann im Duell
2869 1532 3382 1612 Das alles und noch viel
354 1549 1574 1612 Frage lieber nicht stellt, und die „Episode“, in der Anatol,
1583 1565 2785 1626 erschießen läßt. Das süße Mädel aber, das sich hoch oben
2794 1568 3379 1648 Schlag in einem einzigen A
365 1603 1576 1665 vor seinem Freund Max Liebeserinnerungen auskramend,
1587 1623 2788 1681 im dämmerigen Mansardenstübchen für die einzig Geliebte
2801 1638 3385 1698 schen im Schlosse des Grafen
361 1655 1583 1715 eine Episove von zwei Stunden erzählt, in denen er, wie
1584 1668 2785 1734 Fritzens hielt, ist hier zu einer wundervollen Figur von er¬
2790 1698 3386 1752 falls an einem schönen Son
369 1698 1577 1771 er meint, ein Frauenschicksal für immer zermalmt hat, wor¬
1581 1719 2791 1777 greifender, vielleicht unsterblicher Tragik geworden. Das
2804 1740 3389 1806 den. Der Graf und seine T###
360 1755 1588 1815 auf dieselbe Frau)prompt bei der Tür hereintritt, und wohl
1589 1758 2794 1817 Publikum des in allen Rängen ausverkauften Deutschen
2799 1790 3377 1856 mit der gräflichen Familie
358 1807 1584 1871 den Freund Max, nicht aber ihren Zermalmer Anatol wie¬
1588 1805 2787 1874 Volkstheaters lauschte mit einer Ehrfurcht und Spannung,
2801 1844 3383 1907 zu Besuch und fragt an, ob e
360 1854 640 1923 dererkennt
1590 1865 2783 1927 als ob nicht jeder dieser Premierenbesucher die „Liebelei“
2793 1894 3377 1954 dieser Sohn kommt dann in
450 1874 1574 1960 Gern blättert man nach langen Jahren in diesen leicht¬
1590 1912 2789 1976 schon ein paarmal gelesen und im Burgtheater gesehen ge¬
2794 1937 3388 1999 natürlich der Wasner lenkt;
372 1938 1585 2007 sinnig=wehmütigen Anatolgeschichten, die vor einem halben
1584 1965 2786 2034 habt hätte. Tränen flossen, viele schamhaft verhehlte Tränen,
2801 1993 3380 2060 Überraschung des Grafen sc
367 2008 1580 2066 Menschenalter erschienen sind und an denen heute nur
1583 2014 2788 2078 und als der Vorhang zum dritten= und letztenmal nieder¬
2792 2044 3382 2104 weil ihr der Graf immer ver
366 2051 1583 2123 Eines antiquiert, deplaciert anmutet: das einleitende Ge¬
1584 2063 2792 2127 ging, da rief den Dichter einhelliger, überschwenglicher Jubel,
2795 2089 3392 2157 Hochzeit einmal sein Landschl
365 2109 1573 2172 dicht Hugo v. Hofmannsthals, das zu Schnitzlers
1592 2116 2791 2180 der ihm zeigte, wie sehr ihn Wien liebt, und der die Wiener
2808 2139 3395 2216 So ist also „der Familien##
365 2153 1576 2210 Dramatik schon damals nicht paßte und das mit dem Dichter
1594 2160 2793 2226 Theaterdirektoren deran erinnern sollte, daß weder „der
2794 2193 3385 2257 versteht sich vortrefflich mit
362 2201 1584 2267 der „Komtesse Mizzi“ ganz und gar nichts mehr zu schaffen
1583 2214 2797 2271 Schleier der Beatrice", noch „der Ruf des Lebens“ bisher
2801 2236 3386 2308 dauere, die langjährige Gefä
365 2250 1081 2339 hat. Denn die vielzitierten Verse:
1585 2260 2790 2332 auf einer unserer Bühnen zu sehen waren. Die Christine
2794 2278 3390 2349 kennen gelernt und nicht zur
583 2291 1195 2375 „Also spielen wir Theater,
1586 2316 2794 2382 spielte im Volkstheater, auf besonderen Wunsch Schnitzlers,
2796 2337 3383 2410 Ebensogut gefällt der Komt
1586 2364 2797 2431 Käthe Hannemann. Sie befremdete anfangs durch ihr
602 2355 1249 2427 Spielen unsre eigenen Stücke,
2800 2390 3384 2459 Graf ist von den Sympath
587 2406 1306 2475 Frühgereift und zart und traurig,
1589 2410 2802 2475 norddeutsches, unwienerisches Sprechen. Allein als sie im
2796 2433 3396 2508 entzückt, wie von dem vorla#
1579 2459 2790 2522 dritten Akt, ein Bild erschütternder Verzweiflung, allmensch¬
584 2457 1351 2531 Unsres Fühlens Heut' und Gestern,
2801 2490 3394 2556 Ehe seiner Tochter und in ##
582 2511 1235 2589 Böser Dinge hübsche Formel,
1583 2512 2797 2571 liches Leiden zu tragischer Größe hob, da begriff man den
2811 2526 3387 2606 in der edlen Liebeskunst En
589 2560 1212 2621 Glatte Worte, bunte Bilder,
1586 2558 2797 2630 Wunsch des Dichters. Auch die anderen Darsteller, Herr
2802 2582 3390 2656 Familienleben an Lolos Sei
584 2608 1255 2683 Halbes, heimliches Empfinden,
1575 2613 2797 2672 Kutschera als Vater des süßen Mädels, der talentvolle
2808 2637 3371 2706 Wasner gefällt allen. Und
579 2655 1115 2733 Agonien, Episoden...“
1589 2665 2797 2725 neue Mann des Volkstheaters Edthofer als Fritz, der
2795 2670 3391 2748 der zuletzt anrückende Profe
1582 2703 2787 2772 vielseitige Kramer als sein flotter Freund Theodor und
458 2688 1585 2793 Diese Verse charakterisieren die Dramen Hofmanns¬
2805 2737 3390 2800 den Malstunden“ aus ist, de
1583 2755 2797 2824 Fräulein Waldow vom Intimen Theater als schneidiges
370 2758 1590 2836 thals, aber nicht die Schnitzlers, obwohl eine Anatolszene
2800 2780 3393 2844 ein Witz, der im Buch noch
1593 2806 2792 2875 Wiener Modistenmädel, gingen in ihren Rollen vollkom¬
381 2819 1592 2876 „Epifode“ und eine andere „Agonie“ heißt. Die „Agonie",
2804 2833 3400 2887 offenbar erst bei den Probe
1589 2863 1803 2937 men auf.
370 2873 1595 2932 die das Ende eines Liebesverhältnisses schildert und die
2803 2884 3402 2950 Grüße an seine liebe Frau un
369 2912 1588 2985 Szene „Denksteine“, die gleichfalls das Aufhören einer Lei¬
1659 2894 2807 2979 Und dann kam das Ereignis, die Novität, der jüngste
2871 2931 3395 3000 Von guten Witzen ist der
1595 2966 2803 3027 Einakter des heutigen Schnitzler, die „Komtesse
375 2966 1601 3019 denschaft zum Stoff hat, sind für die Bühne zu zart, zu
2801 2970 3401 3052 jeder Seite voll. Diese Witze
369 3014 1585 3074 leicht, zu inhaltsarm. Dagegen schlägt der letzte Einakter
1587 3016 2795 3083 [Mizzi“*“. Wenn im Schaffen mancher Dichter Wellental
2799 3030 3405 3097 eine Stimmung behaglichster
3053 3070 3132 3125 aff
372 3063 1589 3138 der Sammlung, von dessen erster Aufführung hier zu berich¬
1590 3065 2801 3138 und Wellenberg wechseln, so ist die „Liebelei“ der Höhepunkt
2800 3082 3402 3144 rend der Aufführung keiner
368 3112 1588 3189 ten ist, „Anatols Hochzeitsmorgen“, einen kräf¬
1594 3118 2799 3188 einer Periode Schnitzlers, der „Weg ins Freie“ aber, obwohl
2808 3124 3401 3200 zwicktheit des Familientages
369 3165 1589 3219 tigen, bühnenwirksamen Ton an. Anatol sitzt melancholisch
1606 3167 2799 3227 mit seinen zwanzig Auflagen das meistgekaufte Buch des
2796 3179 3393 3257 zum Telephon gerufen wird
374 3220 1585 3285 beim Frühstück in seinem Arbeitszimmer: um zwei Uhr soll
1604 3214 2797 3275 Dichters und auch der sehr verwickelte, sehr gekünstelte Ein¬
2797 3231 3402 3299 mit dem sie allein zurückble
1601 3271 2800 3327 akter „Komtesse Mizzi“ sind gewiß nur Werke einer Über¬
364 3264 1596 3327 er heiraten, ist aber entschieden nicht in der Stimmung
2803 3282 3409 3348 heute so schweigsam? Erzähl
1588 3318 2793 3378 gangszeit des Poeten auf dem Wege zu einer neuen Alters¬
376 3306 1590 3375 dazu und möchte am liebsten absagen. Max, der Freund und
2804 3332 3395 3403 nichts Neues in der Welt?“;
1592 3366 2788 3428 und Arbeitsperiode. So kompliziert ist diese Komödie zu¬
373 3360 1593 3429 heute Tranzeuge, kommt, um zu fragen, was für eine Toi¬
2804 3375 3404 3455 tet: „Unser Sohn hat matum
1593 3423 2803 3486 sammengebaut, idaß man ihrem Inhalt erzählend kaum
376 3417 1589 3475 lette Anatols Cousine, seine Dame, tragen wird, damit er
2798 3437 3389 3501 hernach erklärt: „Ich hoffe,
365 3473 1591 3536 ein Bukett in den passenden Farben bestellen könne. Plötzlich
1594 3469 2789 3523 folgen kann. Diese Komtesse Mizzi hat einen ganz netten,
2804 3481 3398 3546 Neuigkeiten im Vorrat? Ode
1591 3515 2799 3566 leider seit 20 Jahren verwitweten Vater, den Grafen Arpad
369 3528 1591 3580 ertönt aus dem benachbarten Junggesellenschlafzimmer
2807 3532 3401 3601 mich persönlich mehr angehen
1592 3566 2797 3632 Pazmandy. Daß sich der Graf nach dem Tod seiner Frau
377 3565 1591 3645 Ilonas Stimme: „Anatol!“ Max ist entrüstet. Anatol
2797 3582 3391 3651 unbekannten jungen Herrn“,
1598 3618 2791 3676 als Mann in den besten Jahren bei der Ballettänzerin Lolo
370 3617 1590 3678 erzählt, wie er beim Polterabend war, wie es ihn nachher
2805 3627 3402 3703 die von der Mutterschaft der
1608 3662 2804 3723 Pallestri getröstet und mit ihr, die so ausgezeichnet kochen
382 3662 1584 3733 übermächtig gepackt habe, daß die letzte Nacht der Freiheit
2804 3681 3398 3756 haben, die erste Bombe. Und
1603 3718 2799 3779 konnte, achtzehn Jahre hindurch außerhalb seines Hauses
382 3716 1590 3782 und des Abenteuerns vor ihm liege und wie er daher — auf
2800 3731 3406 3799 so fort, Ulk reiht sich an U
1596 3764 2795 3820 ein so schönes Familienleben geführt hat, das kann ihm
375 3763 1592 3841 die Redoute ging. Dort traf er Ilona, der er vor 6 Wochen,
2799 3780 3408 3848 Lachen überhaupt nicht hera
1593 3819 2791 3877 niemand übelnehmen. Dabei hat er freilich keine Zeit gehabt,
373 3815 1593 3890 als er sich verlobte, erzählt hatte, er müsse eine kleine Reise
2800 3832 3390 3893 virtuos gebracht wird, wie es
1591 3859 2804 3930 sich um sein verwaistes Töchterchen zu kümmern, und so hat
371 3859 1591 3922 antreten. Es war ein frohes Wiedersehen, und als Anatol
2798 3876 3404 3939 wo Thaller mit dem ung
1597 3914 2789 3976 die Mizzi von ihres Vaters Freund, dem Fürsten Egon Ra¬
383 3909 1590 3975 mit Ilona von der Redoute heimfuhr, schmiegt sich Ilona
2797 3930 3403 4011 mer mit dem deutsch=franzh
1587 3975 2804 4026 venstein, grad vor 18 Jahren ein Kind kriegen und es in
378 3968 1586 4032 an ihn und sagt: „Nun wollen wir uns nie wieder trennen.“
2802 3973 3405 4050 mit dem fürwitzigen Maturan
1603 4024 2801 4075 aller Stille und Gemütlichkeit in einem Försterhäuschen des
383 4014 1587 4074 Ilona kommt aus dem Schlafzimmer, begrüßt Max und in
2797 4033 3406 4095 und die Damen Galafre
383 4074 2807 4134 lustiger Weise erfährt sie so ganz allmählich von den beiden Fürsten zur Welt bringen können, während sie der Vater
2846 4075 3412 4135 allen der Mizzi nud Lolo se
