3436 4320
658 261 759 324 S 9
860 258 1057 325 Miz
2361 259 2840 348 box 26/4
191 271 2360 360 21. Konte#sez1 oder der Fanilientag
144 1495 3146 1570 3 (1893 entstand die Dichtung!), da sprach einer mit den Versen Klang und Gewicht Zu geben verstand,iken läßt. Es müßte einem doch Wunder nehmen,
157 1543 1170 1599 nie gehörten Worten so berückend das letzte iener
1168 1539 3147 1626 seine Rolle aber mit einer schätzbaren Verhalten= wenn solches Theater nicht immer, über alle Kri¬
183 1580 1161 1633 seltsamen Lebensstimmung aus, welche die Jahr¬
1161 1590 3147 1648 heit umgab. Es war eine sehr vornehme, große sen hinweg, sich durchzusetzen vermöche! Marietta
162 1617 1185 1688 lhundertwende schmerzlich kannte (und die jeder sen¬
1163 1632 3142 1684 Leistung, die den bewundernswert gestaltungsfähi=] Weber war als „Komtesse Mizzi“ vollendet in
167 1651 1164 1711 sible Mensch, der junge zumal stets wieder an sich
1169 1675 3152 1734 gen Darsteller von seiner besten Seite zeigte. Grete Wort und Gehaben in der äußern Erscheinung und
175 1682 1165 1752 erfährt) daß Hofmannsthal sehr lange nur als
1158 1692 3152 1766 Kaiser legte in die Worte der „Mutter“ viel im viven, aber doch von leichter Melancholie um¬
177 1734 1159 1791 Dichter dieses einen Werkes gekannt war. Man ver¬
1165 1738 2147 1797 schlichte Wärme; es war sehr still im ganzen, dicht
2136 1751 3148 1799 lauerten Spiel. Sie darf diese prächtige Leistung
173 1769 1163 1821 Isteht es, denn „Tor und Tod“ ist voll der unnenn¬
1162 1775 2151 1828 besetzten Hause, als sie mit ihrer wundervollen Be¬
2148 1786 3142 1855 neben ihre bisherigen Erfolge reihen: man wird sie
158 1810 1159 1865 baren Schönheiten, die einem nicht mehr lassen,
1167 1819 2150 1875 seeltheit die Bühne erfüllte. — Die „Geliebte“ der
2145 1825 3138 1873 als hervorragende Interpretin dieser reizvollen
168 1839 1166 1906 wenn man einmal von ihnen berührt wurde. Dieser
1162 1857 2148 1913 Dora v. Seiffert hätte noch um eine Note milder,
2145 1866 3131 1915 Frauengestalt in wachster Erinnerung behalten. —
177 1880 1174 1941 sehnsuchtsvolle Gesang um ein ungelebtes Leben,
1168 1897 2147 1954 liebevoller sein dürfen, so klar und fein auch im
2144 1891 3134 1945 Und was ein goldiger Mensch ist diese Grete Kai¬
3096 1922 3155 1985 7
176 1921 1170 1980 diese schwermütige Weise vom Hinscheiden eines
1165 1939 2141 1994 ganzen der Künstlerin ihre Szene gelang. — Sig¬
2144 1931 3111 1991 ser! Sie stellt eine österreichische „Lolo Langhuber“
175 1959 1165 2015 „Toren“, dem weder Gott noch Liebe je offenbar
1166 1972 2141 2027 frit Steiner war ein impetuoser „Freund“, der
2142 1964 3143 2038 hin, die schlechthin einzigartig ist. Alles ist in die¬
173 1999 1178 2044 wurde und der erst im visionären Saitenspiel des
1167 2005 2150 2063 seine Rolle mit gedämpfter Leidenschaft und schar¬
2145 2018 3146 2068 sem zur Bürgerlichkeit bekehrten Balletthaserl und
172 2036 1162 2092 Todes den Sinn seines Seins zu ahnen beginnt,
1165 2044 2144 2115 fer Präzision zeichnete. Als „Diener“ amtete Lud¬
2143 2046 3144 2110 Grafen=Gspuserl von einst: die warme Natürlichkeit
174 2072 1171 2128 diese ganze Melodie voll namenloser verzehrender
1158 2085 1488 2148 wig Weber.
2128 2083 3132 2145 der Frau „von unten“, die wienerische Liebens¬
171 2110 1176 2178 Sehnsüchte — dies alles ist einmalig und herrlich.
2152 2131 3138 2177 würdigkeit einer Vollblütigen, der lächelnd be¬
1184 2129 2159 2205 Die Wiedergabe des viel gelesenen, aber selten
200 2146 1172 2209 In einer warm getönten, den ganzen Hofmanns¬
2143 2167 3144 2230 kämpfte Schmerz um eine entschwindende, geliebte
1161 2163 2154 2230 gehörten Spiels fand ergriffene und von Schönheit
184 2180 1171 2252 thalschen Stimmungsgehalt fein untermalenden Auf¬
2146 2204 3147 2264 Welt. Man konnte sich nicht satt sehen und hören
1166 2204 2141 2265 gefangene Zuhörer. Sie dankten mit herzlichem
170 2218 1160 2285 führung adelte dieser Tor und Tod“ unsern Li¬
2146 2241 3136 2302 an dieser ganz von Leben und Charme umspielten
1161 2257 2144 2313 Beifall für diese im wirklichen Sinne „literarische“
175 2256 1161 2316 terarischen Zyklus“ wieder einmal zu einem Thea¬
2145 2282 3147 2351 „Lolo“. — Prachtvoll auch Emil Mamelok als
1155 2287 2152 2335 Tat unseres Theaters. Auf die Stimmung der ver¬
166 2294 1167 2365 terabend der tiefen Werte. Emil Mamelok lei¬
2144 2306 3133 2371 Graf Arpad“, fertig durchgeführt die ganze Dar¬
1160 2329 2143 2392 zichtenden Weltmüdigkeit, die aus Hofmannsthal in
169 2343 1162 2395 tete das Spiel mit schönstem Verständnis. Er schuf
2135 2344 3147 2426 stellung bis ins Detail, köstlich in jeder einzigen
1160 2362 2143 2427 schmerzlicher Schönheit erblüht war, folgte iene des
168 2371 1165 2430 einen Rahmen in dem dieses stille Drama um die
2144 2385 3145 2438 Nuance. Das war die Zeichnung eines Menschen,
1151 2406 2137 2448 kapriziösen Tändelns mit den menschlichen „Affären“
179 2418 1162 2475 Tragheit des Herzens“ zur sehr gemäßen Wirkung
2144 2422 3145 2490 wie sie sicherer und humorvoller auf keiner bedeu¬
1166 2444 2137 2496 dieses Lebens wie Schnitzler sie in ungezählten
176 2439 1162 2504 kommen konnte; der Innenraum und die Kostümie¬
2136 2459 2481 2527 tenden Bühne
2466 2460 3163 2531 zeigt würde. — Auch Sigfrit“
1161 2468 2148 2541 seiner Novellen und Einakter immer wieder auf¬
176 2492 1159 2545 rung der Darsteller ließen jene Impression von
2143 2504 3144 2552 Steiner fand yochst ansprechend den leichten Ton
1149 2519 2143 2572 kommen läßt. Aber auch sie so spielerisch und
170 2522 1156 2583 Gepflegtheit und Stil und leichter Uebersättigung
2138 2545 3138 2606 des wienerischen Wesens; er sprach so gütig und
1152 2545 2138 2608 schwerelos sie ist, wird angerührt vom Wissen um
177 2569 1156 2628 fühlbar werden, die sich wohl richtigerweise mit
2136 2575 3141 2642 liebenswürdig, daß er alle Sympathien in kurzem
1151 2589 2141 2651 das Altern, den Verzicht und einen mit Lächeln
169 2611 1155 2677 dieser Dichtung verbindet. Sergius Sax war aller¬
2140 2620 3141 2680 für sich hatte. Erfreulich zu sehen, wie ernst dieser
1155 2630 2145 2690 bespotteten Tod. „Komtesse Mizzi“ ist voll
166 2643 323 2699 dings
305 2639 1158 2695 nicht der „Claudio“, den wir uns ge¬
2142 2652 3139 2721 Darsteller an jede seiner Rollen herangeht — auch
1152 2669 2131 2724 von dieser echten Schnitzler=Luft, vom feinen Lebens¬
169 2677 1151 2737 wünscht hätten. Er spielte seinen Part viel zu sehr
2137 2696 3131 2749 wenn als Resultat etwas so Amüsantes und Hei¬
1156 2708 2143 2763 stil österreichischer Menschen, von ihrem Sinn für
170 2715 1163 2770 vom Kopfe her, nicht aus der lässigen Feinnervig¬
2136 2728 3137 2801 teres herauskommen soll wie bei diesem „Fürsten
1158 2736 2144 2792 heitere und schöne Dinge und von ihrer ahnungs¬
171 2747 1160 2810 keit eines frühe müd Gewordenen, nicht aus dem
2137 2758 3146 2812 Rauenstein“. — Daß Rainer Litten den kleinen
1151 2776 2134 2840 vollen Verspieltheit von ihrer Sehnsucht, selbst aus
173 2792 1155 2852 wehen Gesühl eines vom Leben nie Erfüllten. „Ganz
2132 2801 3133 2856 Frechling „Philipp“ überaus versiert und mit be¬
1158 2816 2140 2872 der „Liebelei“ noch Liebe und Geborgenheit und
169 2832 1155 2885 vergessener Völker Müdigkeiten kann ich nicht ab¬
2134 2849 3132 2908 zwingendem Lächeln spielen würde, konnte man
1157 2860 2140 2917 ergreifendes Erleben werden zu lassen. Ein bezau¬
182 2872 1164 2924 tun von meinen Lidern“ — dies müßte spürbar
2135 2885 3132 2947 eigentlich annehmen. Es war eine Leistung, die er¬
1154 2893 2129 2949 berndes kleines Werk, voll Anmut und Esprit. Man
182 2914 1161 2965 werden aus dem Spiele Claudios. Und die Verse
2132 2924 3151 2980 neut deutlich werden ließ, wie ungebührlich lange
1164 2925 2135 3007 wird ganz gelockert und froh davor — und auch ein
180 2947 1155 2996 Hofmannsthals müßten zu einer einzigen wehmüti¬
2126 2956 3141 3031 ein wirklich Junger“ auf unserer Bühne gefehlt
1151 2971 1666 3026 klein wenig nachdenklich.
179 2978 1158 3041 gen Melodie werden. Jedes Wort, jeder Klang,
2130 2989 3135 3044 hat. Rainer Litten schafft aus seinen paar leicht¬
1179 3003 2135 3062 Es kam in einer ganz meisterlichen Wiedergabe
170 3017 1167 3082 jede kleine Gebärde sollte ganze Welten der Abkehr
2135 3033 3140 3102 hienigen Sätzen ein kleines Kabinettstück. Sergius
1164 3033 2135 3106 zur Aufführung. Emil Mamelok verstand als
179 3054 1165 3110 und Resignation in sich schließen. Dies blieb uns
2126 3068 3134 3120 Sax und Gustav Rothe=Carey, beide wohl
1157 3082 2139 3138 Spielleiter den Ton unnachahmlich gut zu treffen.
174 3092 1152 3152 Sax schuldig, behindert teilweise durch sein nicht sehr
2131 3103 3132 3165 etwas verunglückt in der Maske, waren mit Anstand
1165 3125 2125 3177 Wir müssen ihm ein sehr vernehmliches Bravo
174 3133 1152 3182 günstiges Organ und sein stets unzuverlässiges Ge¬
2133 3150 3126 3215 mit im Spiel, ebenso Gustav Stelzer und Adolf
1159 3148 2131 3217 sagen für solch eine ausgefeilte nirgends aufdring¬
182 3170 1164 3222 dächtnis. mehr aber noch durch einen schwer begreif¬
2132 3178 2319 3248 Raden.
1158 3198 2140 3251 liche, aber bis ins letzte „richtige" Regieleistung.
175 3214 1157 3268 baren Verzicht, wirklich bis in die letzten Tiefen
2157 3212 3132 3295 Die treue Gemeinde des „Literarischen Zyklus“
1158 3230 2140 3296 Schnitzler hätte nicht wahrer und eindrücklicher
173 3253 1155 3302 dieser Dichtung und ihrer gedanklichen wie sprach¬
2128 3257 3133 3322 und eine erfreulich große Zahl von „Zuzügern“
1159 3259 1834 3333 lebendig gemacht werden können.
174 3284 1160 3333 lichen Herrlichkeiten vorzustoßen. Neben dieser wich¬
2128 3300 3136 3356 folgte mit angeregtem Vergnügen auch diesem Spiel,
173 3322 1159 3378 tigen Hauptgestalt mit der die Bühnenmöglichkeit
1175 3324 2142 3388 Und wie beglückend diese feine Komödie hinge¬
2127 3338 3135 3389 das zu volendeter Wirkung kam. Reicher Beifall
171 3359 1157 3415 dieses Spiel unlösbar verkoppelt ist, stand der sehr
1154 3362 3163 3421 spielt wurde! Das war gepflegtes Ensemblespiel, lohnte eine Aufführung, die sich zu den feinsten der
155 3388 2609 3484 nklar umrissene „Tod“ Friedrich Carlmayrs, der lwic es sich gerundeter und harmonischer schwer den= letzten Zeit zählen darf.
