3484 4480
242 86 391 185 21
2409 92 2851 205 box 26/1
366 126 2272 220 Komtesse Mizz 1odender-Fani Lientag
238 886 2613 963 mit großem Miß= lassen bleiben, ob auch die Koalitionsbinten wiederf Voltshalses ansgemeige konter.“
166 955 1918 1006 bgeordnete Steinwender s treiben. Dan wäre ein Beamtenministerium an der
1986 941 3120 1024 Die Seele der Intriguen scheint der frühere
172 996 1905 1066 beit, da er sich bemüht, Reihe und zwar keines der rangältesten Sektionschefs,
1890 995 3128 1082 Sektionschef und jetzige Votschafter für die Haager
165 1046 1817 1116 chst einzuschränken. Man sondern eines nach der freien Wahl des Monarchen.
1901 1059 3128 1121 Friedenskonferenz zu sein. Herr v. Merey, der unter
730 1152 1905 1226 iin an dem Mann eigentlich dramatisch?“ Und bin zur
1899 1161 3126 1240 darauf mit einem Duell in das helle Tageslicht trägt.
151 1177 344 1277 krei.
663 1185 1911 1275 #r blüffenden, durch kein Gegenargument niederzuringen¬
1900 1218 3133 1279 Sowie Her Fritz in Verlegenheit käme, wenn man ihn
685 1258 1911 1328 ven Erkenntnis gekommen: „Nichts, aber rein gar
1892 1264 3133 1332 fragen würde, warum er eigentlich die Sache so tragisch
305 1250 701 1353 — Deutsches Volks¬
160 1257 277 1356 o
671 1315 3124 1369 nichts!“ Und zu dem Pflichtbewußtsein, diese Erkenntnis nimmt, in der er noch nicht einmal die Hauptbeteiligte,
666 1357 1911 1424 dem empfindungsreichen Lyriker des Wiener Literatur¬
1888 1367 3126 1434 die kompromittierte Frau, befragt hat. Sowie der
162 1360 1910 1479 Zeiten wird mir vomfsnobs klipp und klar zu sagen, damit er noch beizeiten
1891 1410 3132 1477 „rührende“ alte Musikus in Verlegenheit käme, wenn
171 1448 3123 1520 vorgepredigt. Die be- gewarnt werde und sich später nicht baß zurückgesetztman ihn um die Begründung seiner ganz vagen Ver¬
187 1499 3124 1579 literarische Fachgrößen fühlt, wenn ihm der Standplatz in der Walhalla unserer mutung befragen würde. Freilich, es ist bequem, die
169 1548 1605 1628 kone geladen werden und dramaturgischen Schöpfung versagt bleibt.
1890 1563 3128 1626 Zuhörer mit Fragen zu entlassen, aber dramatisch ist es
162 1599 710 1666 Pert darauf legen, aus
800 1614 3131 1678 Der Mann ist vielleicht ein Dichter, er schöpft Ge fnicht. Die Bühne verlangt Schürzung und Lösung des
173 1650 3129 1755 tt zu sehen, die schließen stalten voll Natürlichkeit und in typischer Zeichnung aus IKnotens, wer keinen lösen kann, soll es auch nicht wagen,
192 1698 1900 1777 Schnitzler immer die einem reichen Phantasiefonds; er ist gewiß ein vorzüg¬
1901 1716 2456 1784 einen schürzen zu wollen.
182 1757 1904 1831 sie Annanas auf der licher Erzähler, dessen psychologische Beobachtung oft bis
1993 1738 3128 1832 Schnitzler hat die einpfindungsvolle Schwermut
162 1800 3128 1882 otthold Ephraims“ un=Izur anatomischen Studie heranwächst; er mag auch ein seiner Rasse zu eigen. Er rührt unter starken Worten,
157 1844 3131 1921 urgeschichtlichen Messung graziöser Causeur sein, dessen Esprit und sichtlich hohe drückt in der scharfen Wucht verbitterten Urteils auf die
175 1897 1908 1972 noch die Kleinigkeit des Bildung in den ein= und mehraktigen Plandereien auf
1895 1914 3125 1967 Tänendrüse, wie im kaustischen Humor Heineschen Welt¬
166 1926 1903 2025 orbildes fehlt, die be= der Bühne viel über den Mankel jeglicher dramatischer
1904 1964 3131 2020 schmerzes. Das sind gewiß nicht n unterschätzende
162 1996 1910 2064 s Sohnes des großen Begabung hinwegzutäuschen vermögen. Aber ein Dra¬
1898 2005 3129 2089 Tugenden eines schöpferischen Geistes, nur berechtigen
173 2032 706 2117 unseres ersten Dichter¬
691 2055 1914 2118 matiker ist er nicht, wahrhaftig nicht, so wahr Sardon
1893 2063 3131 2144 solche Vorzüge nicht zu falschem Zeugnisse. Schnitzler ist
166 2079 3121 2202 h=Versteiftes. Schnitzlerniemals etwas anderes war, als ein geriebener Dra sein erzählender Lyriker, er dichtet die hübschesten Gedichte
160 2150 1912 2227 chnitzler! Die Anfangs= matiker, so wahr heute noch in einer Szene Sudermanns
1905 2170 3128 2227 in Prosa, daß sie beinahe wie gebundene Lieder klingen.
161 2193 3124 2296 dere ist nur mehr eine weit mehr dramatische Begabung steckt als in den sämt=[Aber dramatisch ist der Mann nicht, wiewohl er in mo¬
169 2246 1572 2333 depeschiert's Herr Sieg=lichen dramatischen Werken Schnitzlers.
1885 2274 3127 2329 derner Erfahrung weiß, was auf der Bühne wirkt und
170 2295 714 2373 und dann muß es not¬
785 2313 3135 2386 Wie dumm, wie unsäglich dumm diese ganze was am leichtesten wirkt. Wir begegnen in allen seinen
167 2345 314 2418 men.
697 2353 1913 2417 Episode der kleinen Musikertochter ist, dessen wird man
1902 2368 2475 2434 Stücken dieser Wahrheit.
2484 2366 3127 2435 In „Freiwild“ ebenso im
173 2396 3132 2482 nige Male gehörten Ge-erst gewahr, wenn man sich diesen deus ex m#china-] „Vermächtnis“, in „Liebelei“ genau so wie in seinen
173 2457 3128 2532 hrenden süßen Musiker=]Ehemann, der um nenn Uhr als Rächer seiner Ehre in Anatolstückchen. Dialoge sind's, längere oder knappere
170 2505 3126 2580 Liebschaft davonrennt —die Liebelei=fete des kleinen Fritz hereinschneit, bei Licht Dialoge, wirkungsvoll, auch voll Geist und Witz oft,
168 2556 3127 2600 des angeblich so rühren=betrachtet. Bei Tageslicht, in dem dieser seltsame Ehren=immer sehr unterhaltlich. Aber Theaterstücke sind's nicht.
167 2600 3126 2684 chtbebend vermutet, das ritter gewiß keinen Geschmack am Kugelwechsel findet. Es wäre denn, daß die Bühne der Zukunft überhaupt der
169 2655 3124 2727 gesichts der frischen Ein¬ nachdem er die Briefgeschichte so unmotiviert unter vierldramatischen Wirkung entraten kann und sich damit be¬
158 2699 3133 2795 mer wieder gerühmten Augen erledigte. Er käme, ebenso wie der Dichter, in lgnügen soll, daß die Leute „reden und reden und reden,
170 2751 2623 2842 00 habe ich mich ehrlich Verlegenheit, würde man ihn fragen ,warum er zu nacht= bis einem die Galle herausgeht.
171 2806 1926 2865 t: „was zum Teufel ist schlafender Zeit eine Angelegenheit abmacht, die er Tags
1992 2796 3134 2903 Dann allerdings würden auch Humoresken wie der
2132 2897 2306 3002 —
523 2898 2157 3020 Die heutige nummer umfaßt 12 Seiten.
157 3059 334 3177 001
286 3102 619 3391 727
