3436 4384
543 215 701 285 Kom
294 240 2333 344 21 esse Mizz1 oder der Fani Lientag
2479 239 2928 333 box 26/4
862 1403 1712 1489 Frankfurter Generalanseiger,
1065 1474 1521 1555 Frankfurt a. M.
1081 1581 1417 1671 0 Ane 4028
1848 1668 2926 1747 matürlich auch lacht, die aber mit Schnitzler nichts mehr zu
896 1651 1772 1795 Schnißzler im Schauspielhaus.
1852 1722 2924 1790 tun hat. Thoeren als Anatol und Danegger als
1855 1760 2919 1812 Max hatten anfangs den Stil, kamen aber gegen die
782 1772 2915 1860 Neu einstudiert: „Abschiedssouper“ und „Komtesse Mizzi“. klaute, allzu laute Lustigkeit ihrer Partnerin nicht auf.
1212 1830 1726 1896 „Also spielen wir Theater,
1830 1832 2921 1907 [Es war ein Fehler der Spielleitung, die in den Händen
1205 1883 1756 1929 Spielen unsre eignen Stücke,
1823 1891 2925 1951 [der Frau Sagan lag, das Stückchen in dieser Besetzung
1206 1905 1844 1968 Früh gereift und zart und traurig:
1843 1914 2163 1985 herauszubringen.
1195 1944 1739 2014 Die Komödie unsrer Seele.“
811 1965 1857 2053 Diese Verse stehen in dem Prolog Hugo von Hof¬
797 2003 1862 2094 mannsthals zum „Anatol“=Zyklus, und das Wesen der
1852 2012 2916 2079 Die Aufführung der „Komtesse Mizzi“ war wesent¬
784 2050 2922 2123 Kunst Arthur Schnitzlers läßt sich nicht treffenderslich glücklicher. Dieses leicht satirische Herbststück, das eine
784 2087 2919 2174 charakterisieren als mit diesen Worten, die Robert Thoerenjenmutig fröhliche Brücke über tiefe Abgründe baut und
791 2139 2908 2208 gestern sehr fein sprach. „Früh gereift und zartsaußerdem einen Dialog hat, den Schnitzler kein deutscher
796 2183 2908 2218 und traurig!" Denn das ist der Grundzug aller Dramatiker nachmacht, kam recht erfreulich heraus, hatte
790 2218 2907 2275 Schnitzlerschen Dramen und Novellen: eine mideeise Lebendigkeit und Stimmung. Dank der ausgezeichneten natur¬
787 2257 2904 2337 (Trauer. In der Welt Schnitzlers gehört es geradezu zum sichten Leistung Arthur Bauers als Graf Arpad und dank
775 2286 2903 2350 Wohlbefinden der Menschheit, ein bißchen dekadent zu seinsder feinen und überlegenen Sprechkunst Leontine Sagans.
774 2326 2907 2404 und auchrhinter  dem leisen Lachen die streichelnde Melodie Das war der Stil Schnitzlers. Auch Fritz Odemarstraf
780 2368 2913 2429 einer milden Schwermut klingen zu hören. Im Sechsachtel-sihn als Fürst Egon, obwohl er an Zurückhaltung vielleicht
768 2402 2909 2481 takt eines weichen Wiener Walzers lieben diese Menschen sein wenig zu weit ging. Den Philipp gab Robert Thoeren
775 2437 2918 2509 und leiden und lächeln über sich selbst, über die Komödiejmit lauter, erfrischend eckiger Jugendlichkeit; Aid###
782 2486 2907 2567 ihrer Seele, die nicht Kraft genug hat, zum wirklichen Lust=[Stuckering konnte man die Wiener Tänzerin nicht recht)
774 2526 2893 2582 spiel oder — zur Tragödie zu werden. Es ist das Wien der lalauben, und Norbert Schiller übertrieb als Fiaker
768 2558 2911 2609 neunziger Jahre, das uns mit seiner locker sitzenden Ge=Wasner doch allzu sehr. Im ganzen aber kam dieser
767 2597 1839 2659 rührtheit und seiner milden Frivolität, mit seinen müd ge¬
1827 2614 2902 2672 „Familientag“ prächtig heraus und fand mit Recht den
774 2636 1828 2699 wordener Romantik und mit seinen leicht moussierenden
1836 2652 2910 2725 vollen Beifall des Hauses. Daß man die beiden Stücke im
768 2679 1827 2745 Zynismen grüßt, eine versunkend Welt voll entzückender
1833 2687 2583 2752 Kostüm ihrer Zeit gab, war dankenswert.
765 2708 1843 2788 Halbtöne, voll schmerzlich gedämpfter Lustigkeit und voll
763 2742 1840 2819 lächelnden Schmerzes. „Anatol“, der Tragiker der glück¬
759 2804 1842 2856 lichen Liebe, weiß sehr wohl, was hinter den Gefühlen
1850 2788 2915 2873 Theater der Vergangenheit! Aber man sah mit einer Art
762 2836 1824 2898 und Gefühlchen steckt, die er sich und den anderen mit ernst¬
1831 2833 2890 2910 wehmütiger Freude durch einen schmalen Spalt in eine Welt,
770 2863 2909 2927 hafter Lustigkeit vorspielt und die ihm ebenso vorgespielt die nicht mehr die unfrige ist und die vielleicht schöner war
761 2913 2893 2990 werden. Eine versunkene Welt — schade, daß sie versunken lals die unfrige. Vielleicht? Nein: wahrscheinlich! Denn sie
767 2945 2905 3014 ist! Denn die füße, leise, anmutige Lüge ist immer noch war weich und zärtlich und auch ihre Trauer barg ein leises,
757 2973 1629 3054 erträglicher als die brutal bittere Wirklichkeit.
1822 3002 2233 3053 aumutiges Lächeln...
2703 3010 2908 3090 Ubg.
796 3090 1834 3193 Aus dem „Anatol“=Zyklus ist „die Frage an das Schicksal“
752 3128 1832 3224 das beste, das „Abschiedssouper“ das meistgespieltef
763 3201 1827 3258 Stück. Die „Annie“ im „Abschiedssouper“ ist nämlich eie
761 3228 1823 3300 Rolle. Gestern spielte sie Renée Stobrawa. Sieyist
751 3277 1836 3339 eine große Künstlerin, aber das kann sie nicht. Ihrer fest
746 3300 1824 3389 zugreisenden Art liegt dieses Wiener Mädel, das auch im
748 3364 1825 3417 Champagnerrausch noch immer Charme haben muß das
757 3388 1837 3444 nie übermäßig laut lacht, nicht. Aber schon gar nicht! Diese
747 3419 1823 3485 „Annie“ ist in Berlin beheimatel und macht aus der zart
751 3476 1826 3537 getönten Komödie eine derbe Posse, über die das Publikum:
