3436 4224
1547 255 1930 414 Juce
3008 423 3076 523 8
1458 572 1542 650 A
2365 668 2488 753 Scere
1102 703 1235 766 7
1042 735 1389 839 val
317 816 438 917 88
2705 822 3058 953 S
1090 810 2684 999 scenen och esträden
2777 1044 3222 1139 artistisk form sällan
327 1063 680 1170 AEN SOA tror
2785 1118 2958 1189 brista.
755 1092 913 1197 1
287 1131 671 1213 att erinringen
2820 1154 3228 1233 Arthur Schnitzler
245 1186 673 1251 om forntida stor¬
2775 1215 3216 1273 är en af de fá mo¬
233 1234 672 1308 svenska bragder, om
913 1079 1008 1292 4
2784 1273 3226 1330 derna wienerförfat¬
260 1287 638 1351 mannamod och
2782 1308 3228 1385 tare vi känna till
231 1319 660 1397 omutlig bederskün¬
2784 1356 3240 1434 här i landet, men
228 1385 677 1454 sla numera inte kan
2773 1408 3228 1474 han kan ocksä räk¬
239 1434 685 1501 sütta den svenska
2784 1458 3230 1530 nas bland de bästa
230 1481 673 1558 folksjälen i svall¬
2776 1503 3235 1589 och har i synnerhet
228 1526 675 1599 ning, emedan den
1194 1536 1383 1622 —
2773 1563 3240 1631 gjort sig bemärkt
235 1580 681 1650 ställer sig skeptisk
2777 1603 3233 1672 som dramaturg. Jag
227 1622 674 1700 gent emot det öfver¬
2795 1656 3233 1726 vill blott i förbigä¬
237 1684 679 1749 mättan storvulna och
2791 1708 3237 1781 ende erinra om hans
229 1725 685 1807 karaktärsstarka, be¬
2787 1759 3219 1826 komedi Alskog“
239 1780 682 1854 höfde endast be¬
2780 1805 3222 1874 med motiv ur mo¬
746 1802 1583 1918 e c
233 1815 689 1895 vittna stämningen
1563 1806 1747 1913 gere
2200 1854 2263 1907 S
2099 1846 2199 1908 4
2784 1858 3247 1920 dernt wienerlif och
1633 1870 1793 1911 NAR
977 1875 1148 1919 ATAS
239 1862 689 1951 hos premiärpubliken
2795 1902 3226 1977 skädespelet“ Para¬
242 1928 688 1996 pá Svenska teatern,
2788 1948 3240 2020 celsus“, bäda gifna à
235 1983 684 2054 dä kapten G. von
2789 2005 3224 2073 hufvudstadsscenen.“
242 2018 699 2094 Horns skädespel
814 1994 2674 2089 Nils. Ehrensköld“ pa Svenska teatern. I:a aktens slutscen: tsar l’eter (hr Svennberg) hyllar den särade
2791 2055 3236 2116 Nu harf Dramatiska
1324 2068 2150 2153 Ehrensköld (hr Wingärd). Ateljé Jager soto.
246 2065 672 2144 Nils Ehrensköld“
2804 2099 3246 2178 teatern framfört tre
240 2122 696 2197 uppfördes, för att
1744 2133 2713 2220 för denne författares mängsidiga skildrarkonst
241 2153 1740 2238 bli öfvertygad om, hur fabelaktigt lätt det gär att elda upp den svenska
1737 2212 2709 2273 typiska enaktare,  Släktingar“,“ Damen med
247 2222 1203 2291 patriotismen — ätminstone i en teatersalong.
1738 2260 2713 2321 dolken“ och •Pä Gröna papegojan'“, hvilka
284 2255 1735 2356 Sällan har ett sceniskt verk väckt större hänförelse än dessa tablä¬
1743 2312 2712 2370 med sina originella motiv och sin förnäma
711 2309 1738 2376 #artade skildringar af den karolinske sjöhjältens
1745 2354 2708 2435 litterära konst starkt bryta sig mot den dra¬
715 2361 1735 2426 bragder och äfventgr, och för den oinvigde säg
1736 2412 2426 2478 matik vi dagligdags fá till lifs.
715 2406 1748 2483 det nästan ut, som om Sverige fätt en dramatiker
1805 2426 2597 2511 Det första stycket ger en ganska
715 2461 1725 2534 #af Herrans näde, mot hvilken “Mäster Olofs“
1733 2475 2589 2579 bitter frumställning af erotikens härjnin¬
716 2487 1750 2572 och“ Gustaf Vasas“ skald knappast ür värd att
1735 2548 2596 2619 gar inom storstadens mondäna kretsar
717 2544 1747 2622 minnas. Atminstone ür det min öfvertygelse, att
1737 2607 2597 2672 och skänker för öfrigt nägra öfver¬
711 2603 1751 2655 de talrikt närvarande herrarne och damerna af
1737 2640 2605 2711 raskande inblickar i familjelifvets mänga
705 2657 1742 2712 societeten och det svenska sjövapnet aldrig
1741 2701 2598 2766 irrgängar. Hr Fredrikson uppbar med
709 2696 1750 2761 kostat pä sig en hylining af mera emfatisk natur.
1744 2749 2594 2821 sin distingerade framställningskonst rollen
885 2747 1749 2823 Och dock harNils Ehrensköld“ intet
1740 2793 2600 2864 af en bördsaristokrat, som förlorat be¬
833 2801 1738 2870 af mästerverkets tjusning, ej ens af en ung
1743 2838 2607 2915 tydligt i kärlekens hasard, och de öfriga
832 2849 1743 2931 skalds obehärskade, men inspirerade och
1750 2896 2596 2957 viktigare rollerna utfördes med ett fint
1076 2903 1743 2974 äkta patos. Det är ett försök
1737 2944 2605 3024 afvägdt spel af fröken Borgström samt
1061 2941 1752 3019 till dramatisk historiemälning,
1737 2989 2206 3060 herrarne Hillberg.
1070 2997 1744 3065 med ett stort förräd af klingande
1810 3023 2599 3105 Damen med dolken“ är en fantasi
1060 3046 1744 3122 retoriska fraser, nägra väl funna
1732 3085 2603 3158 om preexistensen, här knuten till ett
1072 3094 1752 3162 dramatiska situationer, men med
1738 3135 2588 3203 konstverk, en tafla af en okänd floren¬
1073 3145 1750 3217 uteslutande af det mänskligt in¬
1735 3175 2592 3250 tinsk 1500-talsmästare, hvars tillkomst
1068 3188 1751 3261 dividuella sä godt som öfver
1740 3243 2597 3307 är förknippad med en kärlekstragedi,
1067 3236 1740 3306 hela linjen. Nä... karaktärs-
1732 3289 2600 3357 som diktaren läter en ung gift nutids¬
885 3291 1739 3358 teckning är nu det sväraste af allt och
1744 3336 2598 3400 kvinna se i en vision, dä hon med sin
896 3342 1727 3414 författaren har ej rädt med uppgiften —
1737 3380 2604 3465 älskare är pä besök i det museum, där
903 3386 1740 3447 den här gängen. Men han har redan
1751 3432 2595 3494 taflan, Damen med dolken“, hänger.
888 3439 1748 3520 förebädat ett nytt stycke; kanhända slär
1747 3485 2604 3536 Det unga paret spelas af hr de Wahl
895 3483 1745 3555 han dä ett större slag och vinner en
1743 3529 2598 3609 och fru Sandell, och bäda äga en sam¬
889 3531 1733 3607 seger af varaktigare och mindre öfver¬
1752 3582 2595 3645 stämmighet i tolkningen, som gör äskä¬
890 3585 1479 3666 raskande natur än denna.
1773 3627 2609 3696 andet af den lilla passionerade akten
938 3618 1737 3702 Spelet gick med kraft och aplomb,
1743 3677 2599 3761 med sin fantastiska stämning till en
902 3686 1749 3753 och sürskildt de bäda hufvudpersonerna,
1748 3730 2190 3808 ogrumlad njutning.
888 3743 1742 3798 Nils Ehrensköld och tsar Peter, hade
1791 3761 2606 3843 Programmets tredje stycke försiggär
897 3781 1747 3846 synnerligen illusoriska representanter i
1781 3821 2598 3904 Paris 1789, pä själfva dagen för Ba¬
896 3836 1685 3898 hrr Wingärd och Svennberg. —
1739 3868 2603 3939 stiljens stormning. 1 den lilla under¬
949 3886 1755 3940 Wienerblodet är helt sükert en rödare
1752 3928 2589 3996 jordiska vinkrogen“ Gröna papegojan“,
896 3937 1742 4001 och fylligare substans än hvad vi Nord¬
1751 3974 2608 4041 som äges al en f. d. teaterdirektör,
894 3970 1745 4051 Europas folk ha i vära ädror. Det
1751 4023 2604 4078 samlas en hop skädespelare och ge de
904 4025 1744 4091 alstrar en intellektuell liflighet, som icke
909 4065 2599 4141 ger den franska intelligensen efter, och mest realistiska prof pä sin konst inför
1741 4125 2421 4181 en grupp edelsmän, som smyga
899 4126 1753 4208 det präglar humöret med ett gemyt, pä
1231 4168 2441 4254 känslostarkt och med dit ned för att under upprors¬
