3484 4256
298 132 2341 235 21. Kontesse Mizz 1oder der FaniLientag
1346 1036 1443 1106 M
460 1038 594 1113 G
1522 1084 2571 1140 Inszenierung des Herrn Dr. Alberty fehlte die Stim¬
1519 1128 2582 1188 mung, und das lag auch in der Darstellung. Fräulein
459 1126 1306 1259 Gee fTheater und Mussk.
1535 1179 2567 1244 Wolff ließ auch in der Salome merken, daß die Wie¬
1091 1209 1492 1288 Graz, 26. April.
1521 1219 2570 1301 dergabe großer Emotionen, der wirksame Eindruck gewal¬
618 1267 1347 1347 Theater am Franzensplatz.
1527 1275 2569 1336 tiger Leidenschaften nur zum Teile im Bereiche ihrer
448 1314 1515 1389 Salome, Tragödie von Oskar Wilde. Fräulein Margarethe
1527 1328 2576 1391 Ausdruckmittel liegt. Was ihr gut gelang, war die
448 1369 1453 1423 Wolff vom Deuischen Theater in Petersburg a. D.
1521 1384 2578 1442 perverse Lüsternheit in ihrem Gespräche mit Jochanaan;
445 1406 1515 1482 Komtesse Mizzi oder Der Familientag, Komödie von
1533 1441 2577 1496 was ich vermißte, war der wilde Trotz des verwöhn¬
818 1440 1194 1512 Arthur Schnitzler.
1519 1475 2579 1543 ten Fürstenkindes, die naive unbewußte Verderbtheit,
529 1481 1511 1557 Oskar Wildes Drama Salome ist durch Richard
1521 1532 2581 1582 der Haß wegen verschmähter Werbung und dann vor allem
447 1539 1511 1596 Strauß' gleichnamige Oper, der es als Text zu Grunde
1521 1587 2568 1651 die große, wenn auch aus perversen Instinkten aufflam¬
456 1586 1518 1652 liegt, weit mehr bekannt und berühmt geworden, als
1517 1630 2582 1698 mende Liebe zu dem bewunderten Propheten. Diese muß
448 1649 1515 1714 durch die gesprochene Wiedergabe. Und doch ist die letztere
1522 1679 2586 1741 namentlich in der Schlußszene mit dem Haupte in der
460 1700 1517 1748 eine Art nötiger Ergänzung. Denn im Drama sind
1519 1727 2584 1807 Schüssel zur Geltung kommen, und das Entsetzen und den
456 1745 1516 1803 äußerst seine Unterscheidungen und physiologische und
1522 1782 2582 1840 physischen Ekel vor ihrem Tun bei den Zuschauern mil¬
460 1787 1515 1852 psychologische Ausführungen enthalten, die auch durch
1512 1832 2587 1909 dern. Aber die furchtbare Szene blieb ziemlich wirkungs¬
461 1851 1511 1909 die kühnsten Ausdrucksformen der Musik nicht so charak¬
1523 1881 2582 1943 los, weil dem Spiele der Darstellerin der große Zug
463 1892 1522 1954 teristisch wiedergegeben werden können als durch die
1524 1936 2582 2002 fehlt. Den Schleiertanz führte sie nicht ohne Grazie
452 1936 1517 2004 Sprechstimme. Im Drama lebt sich eine Natur aus in
1513 1973 2576 2060 und sehr charakteristisch aus. Sie ist gewiß eine gewandte
449 2006 1524 2063 gewaltiger Tiefe bis zum dionysischen, ja perversen Wahn¬
1526 2031 2581 2094 und verwendbare Schauspielerin, aber ich vermag den
451 2046 1511 2108 sinn. In dem Einakter steckt eine große Kraft der Kon¬
1523 2087 2583 2149 wirklichen Gewinn nicht zu ersehen, den ihr Engagement
457 2087 1512 2152 zentration und eine Plastik der Gestalten, besonders des
1527 2133 2577 2190 für unser gegenwärtiges Schauspiel haben soll. Herr Dr.
447 2139 1517 2210 Jochanaan, der in fanatischem Hasse, in visionärer Ver¬
1531 2186 2579 2255 Alberty vexgriff sich in der Darstellung des Herodes
492 2188 1514 2249 zückung seine Flüche über das Geschlecht der Herodes
1524 2235 2584 2292 wieder einmal an dem richtigen Gradmesser für seine
453 2243 1518 2303 herausschleudert, und dann der Salome, die in ihrer
1526 2283 2578 2338 dramatische Wiedergabe. Die weinselige Stimmung des
461 2301 1516 2357 fast überreifen Verderbtheit sich nach dem weißen kühlen
1533 2331 2583 2397 asiatischen Despoten wurde zur lärmenden Trunkenheit,
455 2352 1515 2405 Fleische und dem roten Munde des unheimlichen Pro¬
1527 2392 2577 2447 die wandelnden abnormen Launen zum wirklichen Wahn¬
463 2394 1521 2459 pheten sehnt, und zuletzt mit der krankhaften Ausdauer
1526 2429 2580 2497 sinn und stellenweise zur scheinbaren Verblödung. Dabei
465 2441 1515 2519 eines verzogenen Kindes nach seinem Haupte verlangt,
1519 2485 2577 2551 ging der Fürst und König, ging die Würde des Herrschers
464 2508 1521 2556 um in fast tierisch brünstiger Gier die blutigen Lippen
1526 2530 2586 2598 von Judäa völlig verloren. Wenn König Lear in Wahn¬
456 2541 1516 2613 zu küssen. Dazu eine unheimliche, sinnlich glühende Fär¬
1522 2590 2579 2669 sinn verfällt, so kann er doch noch immer stolz ausrufen:
454 2594 1517 2649 bung des ganzen Dialogs, förmlich rhythmische Sprach¬
1540 2637 2575 2699 „Jeder Zoll ein König!“ Aber dem schreienden, trun¬
456 2655 1526 2706 kadenzen, schwül atmende Wechselreden. Nur in einem
1534 2685 2586 2748 kenen Manne gegenüber klingt es fast komisch, wenn
462 2697 1525 2761 weicht das Stück von der biblischen Erzählung ab, daß
1532 2738 2587 2792 die Wachen sich wiederholt ängstlich und scheu zuflü¬
465 2742 1512 2819 hier der Tod des Johannes lediglich von Salome aus¬
1524 2799 2576 2867 stern: „Wie finster sieht der Vierfürst aus!“ Diese Be¬
454 2790 1527 2862 geht, und die Gestalt der Herodias, die dort die eigentliche
1521 2834 2586 2915 merkungen sind ja zugleich ein Wink für den Darsteller
464 2844 1204 2910 Ursache ist, vollständig zwecklos wird.
1535 2880 2584 2950 des Herodes. Im übrigen sind Fräulein Fasser als
543 2874 1525 2960 Die Aufführung am Samstag zeigte übrigens deut¬
1533 2942 2575 3028 Herodias und Herr Höller als Jochanaan noch her¬
458 2945 1513 3019 lich, daß as gesprochene Drama von Wilde bei weitem
1522 2998 1802 3057 vorzuheben.
457 2993 1522 3051 nicht die Wirkung hervorrief, wie seinerzeit das Musik¬
1608 3018 2582 3121 Nach der schwülen Erotik der Salome, dieser brutalen,
461 3026 1554 3133 drama von Richard Strauß. Trotz der vortrefflichen
2484 115 2926 220 box 26/1
3094 990 3336 1093 S
2586 1084 3409 1138 sast sadistischen Mischung von Liebe und
2587 1122 3408 1185 Morde, berührte Schnitzlers Komtesse A
2591 1174 3411 1242 heitere Satire. Das Wort ist eigentlich ni
2586 1230 3411 1286 tige, denn Schnitzler ist zu viel Poet und
2582 1274 3418 1344 ganz Satiriker zu sein: aber es ist eine
2583 1328 3423 1397 mödie mit seinem anmutigen und feinem Dic
2575 1376 3426 1448 Mischung von Pariser Esprit und anheimel
2582 1426 3418 1484 Gemütlichkeit. Im Mittelpunkte der Handlu
2591 1481 3416 1535 der das „süße Wiener Mädel“, aber es hat
2594 1521 3421 1597 stadt den Weg zur Terrasse eines gräflich
2587 1583 3419 1645 genommen, nur in älterer Gestalt. Graf Pa
2589 1629 3422 1687 frühzeitig Witwer geworden, hat mit einem
2589 1677 3422 1750 Lolo Langhuber, durch 18 Jahre lang ein
2594 1723 3429 1800 gehabt; er wollte sie sogar heiraten, aber
2590 1769 3425 1839 ihn aus, weil „es doch kein gut täte“ u
2584 1819 3432 1894 sich dafür mit einem Fiaker und Hausb
2588 1886 3413 1939 ihrer Verheiratung besucht sie noch den
2581 1922 3414 1994 ein wenig seiner Tochter, der Komtesse 2
2584 1974 3425 2040 geniert ist. Doch diese ist lang über Vorur
2596 2026 3424 2095 sie hat vor achtzehn Jahren den Fürsten
2583 2074 3418 2135 einen Freund ihres Vaters, geliebt und vor
2595 2126 3426 2189 Sohn gehabt, den nun der Fürst adoptie
2590 2169 3433 2246 im Schlosse vorstellt. So ist der „Famili
2596 2229 3416 2302 ständig beisammen: Vater und Maitresse,
2588 2280 3433 2346 „illegale“ Mutter, Fürst Ravenstein und sein
2586 2336 3426 2392 Sohn. Des letzteren wegen entschließt sich Ko
2590 2373 3434 2432 ihrem heimlich geliebten Zeichenlehrer, Prof
2592 2431 3438 2497 hofer, kurzweg den Laufpaß zu geben um
2595 2484 3423 2550 dem mittlerweile auch Witwer gewordenen
2597 2528 3435 2592 venstein zu vermählen. Der Kern des Ein
2597 2580 3432 2648 in der lebensvollen Wahrheit und scharfen A
2587 2629 3435 2690 womit Schnitzler hier ein Sittenbild aus der
2585 2674 3420 2742 zusammenstellt und im Gegensatze zwischen
2594 2729 3434 2796 lüge der bevorzugten Stände und der ehrliche
2595 2779 3445 2847 Auffassung eines Mädchens aus dem Volk
2598 2833 3430 2893 beiden aristokratischen Typen, der gutmütig
2605 2887 3438 2951 fache ungarische Edelmann Pazmandy „der si
2590 2926 3441 2996 und Urteil der Welt nicht kümmert, und der d
2599 2976 3443 3048 Fürst Ravenstein, der als echter Feudaler u
2583 3036 3434 3118 Meinung der Welt besorgt ist, sind gut gez
2617 3105 3436 3179 wurden von den Herren Großmann un
2620 3144 3440 3217 trefflich dargestellt. Sonst verlief das heitere
2614 3201 3448 3262 matt und gedehnt, obwohl die Frauengestal
2623 3249 3449 3335 Mitzi und Lolo Langhuber, durch die Dam
2618 3296 3441 3379 und Rainer sehr gut wiedergegeben wurh
2625 3343 3446 3421 schend war die flotte, muntere und der Ro
2628 3394 3444 3475 gemessene Darstellung des Philipp durch H
2631 3448 3437 3537 svelt. Das Haus war ausverkauft und,
2614 3505 2901 3580 beife Ialustig
