3484 4224
2589 314 3130 415 DEN 2 APRII. 1910
432 323 810 430 NUMMER 12
791 447 1031 550 S
2502 527 2724 613 S
1259 530 1322 646 S
2589 634 2851 729 OCH·
642 647 1056 745 ·SCENISK·
2539 706 2898 820 MUSIK:
697 729 1020 827 KONST·
1279 749 2511 858 Dar Ganr
1826 864 2245 970 FTTE
2544 912 2815 1017 2
2215 1102 3088 1194 digaste försäkrats, hvarför ju intet ytter¬
1326 1124 2215 1214 heist — ja, till och med att mörda sin
572 1131 1201 1239 Arthur Schnitzler
2215 1184 3101 1239 ligare kräfdes. — Marie som obemärkt
1337 1185 1495 1247 sader.
2218 1232 3091 1298 sinugit sig in i Max’ rum, blir bakom
1380 1203 2208 1294 Hästtramp höres nedanför fönstret.
452 1215 1322 1324 och hans à Volkstheater uppförda stycke
2217 1270 3093 1353 ett förhänge vittne till väldshandlingen.
1345 1284 2218 1346 1 dag draga de blä kyrassiärerna ut — mot
647 1293 1149 1384 Der Ruf des Lebens.“
2213 1331 3096 1392 Inte ens den afskräcker henne. Marie
1332 1325 2208 1400 elden. Det är nämligen krig och en säker
2218 1374 3094 1451 har uppenbarligen starka nerver och hion
1343 1385 2219 1444 död väntar dem, ty de söka den för att
995 1399 1304 1486 Wien i mars.
2225 1421 3095 1503 kastar sig esterät like besinningslöst i
1338 1434 2214 1505 sà utpläna en gammal skuld som vid¬
2212 1460 2606 1542 sin Max’ armar.
1329 1481 2212 1527 läder regementet. En afgörande drabb¬
461 1450 1328 1552 Der Ruf des Lebens'' (När lifvet kal¬
2317 1505 3095 1585 tredje akten har Marie kommit till
1339 1528 2208 1602 ning gick för trettio är tillbaka förlorad
555 1536 1337 1593 lar), det senaste verk af Schnitzler
2219 1571 3092 1627 Katharinas mor pä landet. Max är död.
459 1564 1335 1643 som uppförts pä en af Wiens scener, är
1333 1573 2216 1658 till följd af att de bläa kyrassiärerna
2216 1626 3099 1688 Han skôt sig kvällen före slaget öfver
441 1621 1330 1695 ej helt nytt. Skrifvet är 1905, gals det
2225 1673 3098 1748 Irenes lik. Den dödssjuka Katharina,
446 1683 1326 1745 1906 pä Lessingteatern i Berlin men upp¬
2227 1715 3093 1796 som Hytt frän sin mor för att följa det
452 1723 1335 1785 nädde dä knappast en succès d’estime
2221 1766 3103 1838 lockande lifvet, ätervänder döende, men
455 1777 1331 1844 och försvann frän spellistan helt kort
2212 1812 3088 1890 ännu i döden förkroppsligande och be¬
451 1826 1343 1887 efterät. Man hörde sedan ej vidare talas
2220 1867 3038 1929 kännande lifvets skönhet — kärleken.
457 1877 1333 1939 om det och trodde, att det begrafts för
2280 1910 3101 1992 Tack vare läkarens omsorg har Marie
451 1922 1337 1985 alltid. Förliden höst öfverraskade emel¬
2221 1964 3084 2026 undgätt att bli dömd som fadermöder¬
459 1968 1342 2043 lertid'’Deutsches Volkstheater'' med att
2217 2016 3093 2091 ska. Hon känner ej heiler nägra sam¬
452 2011 1334 2091 tillkännagifva dess snara premiär.? Deut¬
2220 2070 3064 2140 vetsförebräclser öfver hvad hon gjort.
456 2063 1332 2131 sches Volkstheater'' är för Wien hvad
2269 2109 3100 2181 Hlennes minnen störas blott af att hon
452 2101 1345 2181 Brahms scen är för Berlin, och man
2221 2166 3100 2231 tvingats inse, att Max ej älskat henne,
458 2160 1331 2236 har här stort förtroende till herr Weis¬
2220 2214 3097 2274 som hon önskat. Hon grips visserligen
456 2212 1329 2272 se S lermlagussein diekter. Palls glan¬
2212 2260 3092 2328 ibland som af fasa, när hon tänker till¬
450 2267 1346 2341 sande ensemble borgar alltid för intres¬
2218 2308 3085 2384 Daka pa allt det fruktansvärda hon upp¬
455 2298 1351 2367 santa uppföranden, dessutom har ju¬
460 2356 1340 2418 Schnitzler, '’vär'’ diktare, naturligtvis här
2214 2357 3097 2428 lefvat, och hon förstär sig inte riktigt
2224 2391 3107 2476 själf i grunden. Hon nörstär inte, att
454 2400 1340 2478 en mycket stor publik. Man motsäg sä¬
2212 2450 3098 2519 hon kan och vill lefva vidare: ’Hvad är
452 2447 1335 2522 lunda kvällen med de mest spända för¬
2217 2500 3096 2563 du för ett väsen, som förmär resa dig
460 2503 1346 2575 väntningar — hvilka dock tyvärr ej skulle
455 2553 788 2621 helt uppfyllas.
2209 2556 3108 2630 frän ett sädant öde som frän en vild
2214 2599 3110 2690 dröm — och vaknar — och leiver? Och
531 2580 1342 2674 ) Der Ruf des Lebens'’ är ej ett barn
2260 2657 2664 2726 — längtar att lefva?''
447 2643 1339 2716 af äkta Schnitziersk anda. Man häpnar
2265 2681 3092 2766 En diktare äger naturligtvis rätt alt
464 2704 1337 2767 att diktaren, som framför allt vetat ati
2219 2746 3098 2815 ocksä söka sceniskt gestalta dylika psy¬
462 2749 1338 2829 snillrikt och djupt psykologiskt belysa de
2215 2790 3104 2863 kologiska problem, men man fordrar dä
454 2802 1344 2860 enklaste drag och handlingar, griper till
1532 2804 2031 2893 AkrnuR ScHNITZL.ER.
2216 2851 3105 2926 att hans figurer skola vara gripna ur
449 2851 1338 2919 bloddrypande kraftmedel och traktar efter
460 2902 997 2961 skräckinjagande effekter.
2224 2895 3093 2957 den verkliga mänskliga tillvaron, att nä¬
1346 2871 2209 2966 togo till Hlykten. Al hvad anledning och
508 2929 1336 3013 Den 20-äriga Marie Moser känner vid
2219 2949 3105 3004 got af lifvets pulsslag skola förnimmas.
1340 2944 2213 3005 hvems skuld det var vet ingen. Ingen
2220 2996 3093 3052 Det är detta som saknas i det Schnitz¬
463 2985 1340 3060 tiden för styckets början ännu intet an¬
1343 2997 2212 3049 utom Maries fader som själf varit den
2209 3046 3098 3125 lerska stycket. Denne löjtnant Max! En
461 3045 1340 3123 nat om lifvet än hvad hennes drömmar
1339 3049 2212 3121 skyldige och som nu nied hän och ska¬
2219 3089 3098 3163 uniform, ett det naivaste exempel pä den
452 3089 1332 3161 och önskningar vetat att förtälja. Hon
1335 3096 2211 3171 deglädje berättar det för sin dotter, just
2220 3137 3102 3209 Poemotständlige, lättsinnige, dödsförak¬
1346 3151 2212 3215 dä hon ser ryttarne draga förbi och
464 3148 1337 3203 har endast gätt upp i att plikttroget vär¬
2222 3180 3108 3265 tande löjtnanten?' — och hvilken upplaga
463 3205 1336 3261 da sin fader, som i samvetslös egoism
1339 3183 2221 3265 tror honom den hon älskar vara bland
2210 3230 3096 3305 i ordningen af denna urgamla ärgäng?
457 3247 1336 3302 gjort henne till sin slafvinna, natt och
1336 3241 2212 3300 dem. Maries lättsinniga lilla kusin Ka¬
2262 3286 3086 3364 — Att öfversten skjuter sin trolösa hust¬
452 3290 1338 3364 dag fjättrad vid hans sida. Till tack för
1338 3285 2217 3350 tharina bringar henne emellerlid det
2218 3335 3091 3400 ru — det mä sä vara skick och bruk
461 3339 1331 3414 att hon uppoffrar sig lönas hon med
1346 3336 2212 3398 glädjande budskapet att Max ej dragit
2220 3383 3092 3451 bland officerare, inen än mer uppröran¬
460 3390 1333 3455 all möjlig retlighet och elakhet. Intet un¬
1336 3389 2209 3455 bort, att han ännu skall stanna en natt
2208 3430 3097 3495 de ter sig haus handling att sända sitt
1344 3439 2214 3510 i staden — och att han ännu ej glömt
458 3438 1331 3498 der att hon längtar bort frän denna
1343 3493 2200 3549 henne. Maries längtan blir henne öfver¬
2221 3491 3094 3545 regemente i döden, dä han läter ana
461 3488 1327 3553 plägoande ut till lifvet. Hon stär i be¬
2220 3530 3089 3588 att motivet endast är personlig hämd¬
1341 3545 2214 3607 mäktig. Fadern som vill hälla henne till¬
459 3535 1329 3595 grepp att följa en stillsam sommarkär¬
2221 3581 3094 3637 känsla, lefnadströtthet — och har föga med
463 3595 1333 3651 lek, dä det '’vidunderliga' möter henne
1345 3583 2211 3661 baka, förgiftar hon och utan tvekan
2208 3631 3104 3709 upphöjd patriotism att göra. — Den gamle
1334 3630 2022 3702 skyndar hon bort — till May.
458 3629 1334 3697 och länkar alla hennes tankar och dröm¬
2217 3683 3096 3755 Möser verkar i sin ensidighet nästan ka¬
1404 3676 2212 3744 I nästa akt befinna vi oss hos löjt¬
458 3680 1331 3757 mar in pä en ny väg. Pä den enda bal,
2215 3738 3088 3792 rikatyr. Han har ej ett enda försonande
463 3733 1339 3808 hon nägonsin varit med om, har hon
1334 3722 2217 3797 nant Max, kvällen före utryckningen.
2211 3779 3094 3845 drag. Men denna af älder förstelnade
464 3775 1337 3849 lärt känna'Löjtnant Max'’ vid 'blaa
1339 3775 2212 3857 En som det synes onödigt blodig epi¬
467 3833 1339 3905 kyrassiärerna“ — och frän denna natt
2218 3822 3101 3889 ondska räcker dock à andra sidan ej
1347 3833 2217 3896 sod inleder den. Ofversten öfverraskar
2210 3873 3099 3948 tillatt förklara dotterns däd. Dessa män¬
1334 3871 2214 3947 sin fru, Irene, hos Max och skjuter hen¬
461 3865 1330 3953 gär all hennes längtan till honom. IIon
2216 3925 3095 3991 niskor äro tyvärr inga människor; de
457 3936 2212 3991 gör upp de förvägnaste planer, i sina ne. Max var redan förut dödens man
462 3976 3100 4058 fantasier är hon beredd till hvad som enligt hvad som tidigare pä det trovär- äro problem. Marie förstär inte sig själl
