3436 4320
616 227 728 292 es
858 226 1078 293 Mi2Z
1684 231 1812 316 am
2358 218 2821 323 box 26/4
1191 233 1740 322 oder der a
194 230 1285 336 21. Kontisse1 0d
1788 210 2237 325 ilientag
243 1650 3154 1689 schaften genossen hat. Nun, an der Schwelle zum besondere die letztere, sind aber der Gefahr einer ge= ausbrücksvolen Mimiik und schönen, verinnerlichten
2159 1672 3149 1736 Sprechweise vorzüglich dargestellt. Frau Kaiser
240 1667 2183 1754 Jenseits, zeigt ihm der grausame und doch gütevolle wissen Einförmigkeit und Larmoyanz des Tones nicht
1215 1720 3147 1760 entgangen. Markanter spricht Hr. Steiner als! entspricht als „Lolo“ wohl nicht ganz dem Bilde, das
247 1723 1215 1769 Tod in einer trauervollen Phantasmagorie, was er
1210 1751 3142 1798 „Jugendfreund“, doch dürfte auch er der farbigen man sich von einer erst kürzlich noch aktiv gewe¬
242 1747 1211 1818 im Leben versäumt und unwiderbringlich verloren.
2169 1782 3148 1838 senen Ballettänzerin macht. Sie spricht und spielt
1217 1789 2177 1840 Nüancierung der Diktion noch vermehrte Aufmerk¬
240 1792 1219 1848 ] Das seltsame Nachtstück ist von Regisseur Mame¬
2181 1818 3149 1869 aber wieder mit so erquickender, echt wienerischer
1221 1822 2178 1880 samkeit schenken. Die kleine Dienerrolle ist bei Hrn.
255 1824 1223 1882 lok, unter Beistellung stilgerechter Möbel und son¬
2171 1861 3135 1912 Ursprünglichkeit Ausdruckskraft und Liebenswürdig¬
1217 1856 2177 1920 Weber, der auf derartige Chargen spezialisiert ist,
244 1868 1216 1925 stiger Requisiten aus der Galerie Fischer, stimmungs¬
2168 1890 3143 1947 keit, daß ihre Gestaltug doch nur eitel Freude aus¬
1221 1891 1628 1965 sehr gut aufgehoben.
256 1899 1217 1958 tief inszeniert und auch im Kolorit der Beleuchtung
2168 1928 3150 1989 löst. Eine vortreffliche Charakterstudie voll stiller
1246 1926 2171 1991 Läßt somit die Wiedergabe' von „Tor und Tod“
135 1928 263 1995 lite¬
262 1941 1216 1994 und im schwermütigen Rhythmus der violinistischen
2177 1965 3145 2023 Noblesse schafft Hr. Steiner mit seinem „Fürst¬
1214 1961 2168 2029 sprachlich und darstellerisch noch einige Wünsche un¬
249 1980 1224 2041 Begleitmusik zart abgetönt worden. Dagegen er¬
121 1976 255 2043 chische
2184 2004 3151 2051 Egon Ravenstein“ den er namentlich im diskreten,
1210 2002 2189 2066 erfüllt, so ist dafür die Aufführung der „Kom¬
150 2021 259 2076 das
261 2012 1222 2069 scheint die Abdämpfung und Monotonisierung des
2186 2045 3154 2102 milden Tonfall des altösterreichischen Adeligen sehr
1211 2044 2176 2101 tesse Mizzi“ von Schnitzler gerade in diesen Be¬
158 2061 263 2107 von
251 2054 1219 2112 dadurch schwer verständlich werdenden Dialoges bei
2183 2062 3151 2130 fein ausdeutet. Bestechend jugendfrisch und schalk¬
1225 2084 2182 2139 langen als glänzend zu bezeichnen. Der geistvolle
116 2093 251 2159 Dmödie
256 2090 1221 2146 den Erscheinungen der Toten etwas zu weitgehend.
2171 2103 3143 2168 haft verkörpert Hr. Litten, dessen Talente immer
1207 2119 2183 2166 Wiener Psychologe und Ironiker entwirft hier mit
117 2126 255 2186 Werke
260 2123 1214 2185 Die führende Partie des Edelmannes „Claudio“ wird
2177 2154 3149 2209 erfreulicher zu Tage treten, den liebenswürdigen
1215 2156 2180 2221 seiner scharfen, pessimistischen Menschenkenntnis und
112 2159 263 2229 eater¬
259 2150 1230 2226 von Hrn. Sar leider nicht überzeugend gestaltet.
2173 2188 3148 2252 jungen Frechling „Philipp“. In den weiteren, mehr
1216 2198 2177 2250 etwas dekadenten Müdigkeit, aber mit mildem Spott
265 2212 1222 2265 Wohl ist alles Gedankliche intelligent durchgearbeitet,
135 2209 262 2259 eine
2186 2218 3154 2287 episodischen Rollen sind die Herren Rothe=Carey
1215 2235 2183 2287 und wissendem, verzeihendem Lächeln, dazu mit seiner
254 2219 1223 2299 der Vers verständnisvoll gegliedert und die trauer¬
129 2245 267 2309 rischen
2180 2264 3140 2326 als gravitätischer im Habitus etwas zu sehr kari¬
1219 2256 2198 2325 unübertrefflichen Kunst eines aus Heiterkeit, Skepsis
248 2276 1220 2335 volle Einsicht in die Nichtigkeit seines früheren Le¬
149 2281 269 2341 eicht
2180 2297 3140 2348 kierter „Wasner“ Sar als näselnder „Professor
1210 2313 2185 2361 und Wehmut filigranhaft gewobenen Dialoges ein
255 2318 1216 2368 bens mit Geschmack und Empfindung veranschaulicht.
151 2322 263 2374 Re¬
2170 2336 3146 2414 Windhofer“, Stelzer (Gärtner) und Raden (Diener)
1210 2349 2189 2403 echt österreichisches Familienbild von intimem Reiz
253 2352 1214 2408 Aber es fehlt seiner im ganzen doch ziemlich matten,
117 2359 252 2416 ch im
2182 2368 2751 2438 mit löblichem Bemühen tätig.
1216 2373 2180 2432 und feinem Duft. Hr. Regisseur Mamelok ver¬
249 2376 1220 2444 in Mimik und Geste konventionell bleibenden Ge¬
126 2401 264 2447 und
1217 2422 2182 2473 leiht dieser entzückend pikanten und doch alles Mensch¬
2200 2411 3142 2476 Das fast ausverkaufte Haus nahm diesen höchst
261 2426 1222 2489 staltung an Schwung und Größe, und der dünne,
125 2435 262 2499 akkord
1219 2455 2176 2513 liche diskret verschleiernden Komödie in vornehmer
2169 2467 3141 2517 aparten und reizvollen literarischen Abend, den Hr.
254 2464 1226 2515 nasale Stimmklang verhindert eine sprachlich ein¬
1226 2490 2183 2548 Inszenierung und Kultur des Ensemblespiels hohe
2173 2501 3151 2551 Dir. Falkenhausen mit der Rezitation des schö¬
248 2500 1227 2571 dringlichere Auswertung der gerade bei Hofmanns¬
146 2495 273 2563 r Art
1220 2534 2177 2600 künstlerische Wirksamkeit. Er selbst gibt den gut¬
2171 2534 3154 2596 nen Weihegedichtes von Hofmannsthal auf den ver¬
261 2538 1222 2601 thal sehr wichtigen klangpoetischen Akzente. Bedeu¬
149 2540 258 2598 Hof¬
1213 2577 2181 2624 herzigen und temperamentvollen „Graf Arpad Paz¬
2172 2580 3151 2630 storbenen großen Schauspieler Friedrich Mitterwur¬
255 2563 1230 2627 tungsvoll in der geisterhaften Erscheinung eines
136 2573 266 2635 hoch¬
1221 2608 2186 2655 mandy“ in seinem originellen ungarisch=deutschen
2183 2610 3155 2664 zer wirksam eröffnet hatte, mit viel Interesse und
258 2610 1226 2677 dämonischen Musikers à la Paganini und in der
137 2610 269 2671 wun¬
1222 2644 2183 2699 Akzent als warmblütigen und humorvollen alten
2176 2641 3148 2695 warmem Beifall auf. Es dedizierte dem Regisseur
267 2654 1217 2715 herben Strenge der düsteren Diktion verkörpert Hr.
116 2649 266 2718 ugend¬
1223 2677 2187 2738 Knaben in Maske, Ton und Gebärde ganz ausge¬
2172 2685 3154 2735 und den Hauptrollenträgern hübsche Blumengaben
120 2694 272 2747 En und
257 2693 1228 2736 Carlmayr den „Tod“ wirklich als „großen Gott
1227 2724 2180 2779 zeichnet. Die in ihrer Kälte und ihrem wenig müt¬
2173 2716 3148 2777 und quittierte insbesondere die charmante Komödien¬
266 2730 1226 2787 der Seele“ Frau Kaiser spielt und spricht als
113 2724 259 2796 Paseins
1228 2759 2175 2807 terlichen Verhalten anfänglich nicht gerade sympa¬
2184 2755 3152 2820 aufführung mit verständnisinnigem Lachen und einem
260 2768 1228 2818 „Mutter“ sehr liebevoll und gütig, und Frl. von
130 2777 262 2825 großer
1212 2792 2169 2864 thische aber später doch gefühlsbetonter werdende
2950 2797 3123 2865 O. M.
2179 2797 2913 2873 Beifall von ungewöhnlicher Intensität.
273 2798 1234 2860 Seiffert stellt Claudios Geliebte mit Anmut und
144 2804 270 2861 t und
135 2819 2196 2902 Leiden= Empfindungswärme dar. Beide Darstellerinnen, ins= „Komtesse Mizzi“ wird von Frau Weber mit ihrer
