3484 4480
763 137 830 193 8 8
2470 121 2867 235 box 26/1
257 116 2288 251 21. Kontesse Mizz 1odender Fani Lientan
1042 1334 1187 1436 S
2647 1357 3000 1435 Pe
1984 1346 2225 1438 M
1737 1361 1858 1434 Mn
197 1429 3198 1486 Fortsetzung des Romans „Die Schauspielerin“ von das ganze Stück. Die Komtesse wird sich einem Rudel samen Auflehnung benützt. Rings um Revolutionen
202 1473 999 1531 Hans Bartsch Seite 23, vom 13. Jänner 1909.
1122 1480 2167 1538 Männer anwerfen und muß über kurz oder lang ein
2151 1468 3193 1549 hatte die Bühne seit Beaumarchais mit dem Adel
186 1509 1136 1582 Jortsetzung des Romans „Der Stiftbarzt“ von Theodor
1122 1526 2163 1607 Kindlein kriegen. In diesen natürlichen Folgen liegt
2147 1523 3193 1600 manchen Strauß ausgefochten. „Vous vous étes
193 1566 846 1653 nozky Seite 25, vom 13. Jäuner 1909.
1134 1586 1512 1660 schon der Erfolg.
2139 1594 3193 1657 donné la peine de naitre, et rien de plus. Du
2161 1632 3203 1721 reste, homme assez ordinaire!“ Die beiden
1205 1622 2165 1717 Mit einem Komtessenstück hatte man immer den
775 1571 1092 1764 7
2157 1677 3203 1751 Sätze wurden von den modernen Geistern des
1126 1677 2168 1759 zarten, blauseidenen Begriff der geistigen Un¬
411 1687 826 1802 Feuilleion.
2152 1738 3205 1814 sozialen Fortschrittes nicht überholt. Und die
1111 1748 2164 1815 berührtheit und der Zimperlichkeit verbunden. Die
846 1758 1029 1869 7#7
195 1761 430 1888 Men
2151 1796 3203 1876 Kleinen? Im älteren Volksstück durften Adelige
1124 1799 2150 1858 Komtessen bewachten die Keuschheit der Literatur.
1126 1854 2160 1919 Vielleicht erreichte sie gerade darum die Rache der
2157 1846 3199 1915 nicht anders als gebrechlich oder mit Defekten des
296 1832 927 1934 Glossen zum Theater.
1123 1897 3205 1967 modernen Dichter. Die Komtessen wurden aus der Verstandes auf dem Theater erscheinen. Nicht einmal
425 1909 793 1997 Dichter und Komtesse.
1123 1956 3205 2031 Theaterloge, wo sie, Gefrornes schlürfend und Zuckerl ihre Brieftasche war gesund. Der Adel verpflichtete
200 1959 1130 2047 Staberl, der Parapluimacher, den man längst
1122 1990 2163 2067 knabbernd, den Fortschritt der neuen Dichtkunst
2211 2017 3193 2089 zum Thaddädeltum. Warum bewegen sich aber
186 2035 1138 2103 ähnte, treibt sein Unwesen noch in dem modernen
1132 2047 2154 2129 hemmten, auf die Bühne verpflanzt, die sie unter
2149 2063 3198 2130 die modernen Autoren, die Kotzebue und Bäuerle
194 2087 1131 2148 ter. Er hat nur Kleid, Gestalt und in letzter
1125 2113 2151 2176 dem Gelächter des Publikums zu einer so unge¬
2149 2114 3206 2186 mitleidig belächeln, noch immer in dem gleichen
203 2138 1133 2207 auch das Geschlecht gewechselt. Um ein hoch¬
1116 2162 2154 2243 hemmten Entwicklung der Geschlechtlichkeit kom¬
2153 2164 3205 2234 engen Kreise? Die alten Kampfer besaßen sittlichen
196 2174 1130 2257 chrendes Publikum sinnlos und ohne Mühe zu
1123 2215 2157 2275 mandiert, daß selbst Zuschauer vom Feldwebel ab¬
2153 2217 3195 2283 Ernst oder leichte Unbefangenheit. Sie dienten einer
191 2244 1139 2311 tigen, haben die Dichter den typischen Staberl,
1117 2268 2162 2350 wärts vor diesen Komtessenstücken erröten. Staberl
2160 2278 3198 2345 schweren Zeit des Ständekrieges, oder die Zeit diente
195 2296 1136 2355 ohne innern Grund, nur durch seine An¬
1131 2316 2017 2389 ist doch auch nicht gerade feinfühlig gewesen.
2162 2326 3188 2397 ihren Stücken. Wie komisch sind aber die An¬
191 2346 1129 2409 heit, zum Lachen reizt, in die stereotype Komtesse
1206 2360 2162 2458 Man hätte glauben dürfen, daß Strindberg das
2146 2368 3198 2445 strengungen unsrer Dichter, sich auf der abgetretenen
196 2401 1141 2464 andelt. Die Komtesse besorgt nun den bequemen
1121 2401 3196 2490 Komtessenthema seelisch, physiologisch, pathologisch Stufe zu erhalten! Staberl will durchaus amüsieren
182 2450 1131 2509 ern das Geschäft der Lustigmacher mit der
1129 2488 3193 2561 und, so weit die sexuelle Anziehung ungleicher Stände und schwitzt dabei und erhitzt sich und merkt in seiner
187 2502 1136 2567 en Sicherheit. In früher Jugend stahl ich mich
1129 2542 2151 2602 und Klassen in Betracht kommt, hinlänglich aus¬
2144 2536 3196 2618 grotesken Anstrengung gar nicht, daß der Kampfplatz
190 2553 1135 2612 mit einem Büchlein in die Ecke, das im Format
1109 2581 3199 2670 geschöpft habe. Auf Fräulein Julie folgten aber die der Stände sich längst um einige Stufen nach unten
182 2607 1131 2670 Kraumbüchel den vielverheißenden Titel führte:
183 2645 2169 2711 llerbsen oder du sollst und mußt lachen.“ Staberl andern, Komiesse Klo und Komtesse Mitzi, verzerrte
2144 2647 3196 2707 verschoben hat. Sind etwa die kleinen Komtessen dem
1124 2699 3199 2772 Staberlexemplare. Unsre ermüdete, entkräftete Bürgertum gefährlich? Bringen ihre privaten
188 2708 1122 2769 ganz derselbe kategorische Imperativ auf der
1129 2747 2152 2816 Literatur, der nichts Gescheiteres mehr einfällt, hängt
2138 2758 3187 2833 Neigungen die Gesellschaft in Verwirrung? Ist es
192 2759 1129 2826 ie, und die neueste Knallerose unsrer hehren
1125 2803 2144 2867 sich noch immer an die Komtessen. Das scheint mir
191 2816 1136 2883 rischen Kulturhüter ist die Komtesse. Wenn
2146 2812 3194 2882 für die soziale Ordnung nicht gan; gleichgültig, wem
1125 2857 2152 2920 ein Zeichen innerer Schwäche, eine bedenkliche Rück¬
213 2864 1124 2924 Bäuerles Staberl aus den Kulissen hervor¬
2145 2861 3197 2931 eine Komtesse ihre legitime oder unlegitiwierte Liebe
1118 2903 2144 2986 bildung der Gebildeten, ein Rückfall in die alte, vor¬
199 2907 1118 2980 wußten unsre Großväter sogleich, was sie von
2138 2918 3198 2977 schenkt? Aber du sollst und mußt lachen! Also können
1124 2958 1469 3040 märzliche Posse.
194 2969 1128 3030 kypischen Figur zu erwarten haben. Sehen wir
2127 2953 3187 3050 nur Uebertreibungen helfen, die in der Operette
209 3012 1128 3077 eine Komtesse auf dom Zettel, so bleiben auch
1201 3002 3202 3094 Die unterdrückten Stände haben im Kampfe wenigstens durch die Musik gemildert werden. Die
200 3061 3202 3164 keinen Augenblick im Zweifel uund kennen sofort lgegen die höhergestellten Klassen die Bühne zur wirk= Staberlkomödie und die Operette sind nicht so
