3344 4352
1588 280 1684 359 F
2333 282 2788 374 box 26/3
1118 293 1225 364 0 C
926 306 1059 366 7.7.
145 318 2267 393 21. Kontess Midenderani Tientag
555 1367 1094 1464 Berüiner Tageblat
736 1639 1093 1769 N l. 1912
2697 1747 3269 1827 weiter, der feit achtzig Jahren
1468 1758 2691 1826 gödie alternder Mägde, deren Sehnsucht nach eigenem Grund und
2691 1793 3274 1865 deiht. Schon oft genug hatte
259 1678 1346 1877 —Schönherr und Schnitzler.
1459 1814 2689 1874 Boden unerfüllt oder schlecht erfüllt blieb. Auch nicht die Tragödie
2693 1836 3272 1909 „Brüderl kumm“ gezupft, aber
1460 1846 2687 1906 des alternden Bauernsohnes, der das Kronprinzenschicksal erlebt, nie
418 1872 1295 1952 (Erstaufführung im Lessingtheater.)
2694 1879 3266 1940 ihn wie über den alten Grutz,
1471 1894 2701 1951 ans Zepter zu kommen. Sondern es ist die Komödie der unverwüst¬
2700 1917 3280 1989 Komplikationen aus seiner eigen
778 1931 921 1985 Von
1463 1948 2697 1994 lichen Lebenskraft einer erdgeborenen Menschennatur, eines wurzel¬
2694 1968 3277 2036 Grutzalter heraus spielt. Hier in
631 1954 1084 2041 Paul Schlenther.
1464 1969 2698 2039 starken Naturmenschen. Wohl falle Mitleid auf die engen Herzen und
2697 2016 3281 2066 an einen denkenden Künstler, a#
1466 2014 2704 2067 darbenden Triebe jener heimatlosen Dienstboten. Noch mehr Mit¬
280 2018 1473 2082 Ein großer Erfolg, wie ihn Karl Schönherrs
2698 2060 3274 2117 Naive, das Animalisch=Begetabi
1454 2057 2703 2117 leid falle auf den schwachen, widerstandslosen Schlemihl von
243 2068 737 2131 Glaube und Heimat“
712 2076 1468 2136 hat, zieht nicht bloß Plagiat¬
2699 2086 3271 2158 versagt ist. Er stand, obwohl
1468 2080 2691 2152 Bauernsohn. Aber sie finden sich alle mehr oder minder tief seufzend
232 2103 1038 2175 chnüffler und Marodeure nach sich,
1033 2106 1466 2170 sondern zeigt auch
2704 2124 3283 2192 mann mit ihm wirkten, in e
1466 2138 2696 2195 in ihr Schicksal und geben sich mit dem Strohhalm zufrieden, der
794 2144 899 2208 er
888 2142 1377 2218 wirft klarere Lichter
243 2147 788 2212 ine erquicklichere Folge;
1351 2162 1472 2208 als
2687 2164 3270 2240 folgten Vorstellung, die des L
1463 2180 2701 2240 ihnen in der Hand bleibt. Zur Furcht um sie ist kein Anlaß. Hannes
233 2183 1470 2243 isher auf die frühere Tätigkeit desselben Dichters. So ging es einst
2700 2217 3275 2271 wie der Dichtung und des Dicht
1472 2220 2702 2284 wird sich schon begnügen, Trine wird sich schon begnügen, Mena wird
230 2238 1464 2292 Sudermann; erst als die „Ehre“ heraus war, besann man sich auch
2695 2251 3278 2315 die Darsteller fühlten, desto en
1460 2263 2705 2327 sich oben im Eishof sogar leidlich einnisten. Furcht ist nur dort, wo
239 2268 1469 2332 ruf seinen innigeren Jugend= und Heimatroman „Frau Sorge". Für
2691 2295 3289 2356 sich bei den vielen hingezerrte#
1476 2304 2710 2368 es dem alten Grutz wirklich ans Leben zu gehen scheint, wo er sich
242 2316 1468 2373 Schönherr war es die höchste Zeit, daß er endlich allgemeine Be¬
2694 2338 3277 2413 legenen Pausen nicht zurechtfand
1469 2356 2706 2408 selbst schon aufgeben will. Aber aus dieser Furcht wird Freude. als
235 2354 1472 2422 ichtung fand. Darin viel mehr als in ihr selbst liegt der Wert
2703 2375 3275 2445 und ein Versuch, der Frau #
1470 2403 2700 2449 mit dem jungen Frühjahr nicht bloß der alte Birnbaum im Hofe,
234 2394 1475 2462 seiner Tragödie vom Kampfe zwischen Heimat und Glauben. Man
2704 2410 3291 2490 Wenn schließlich doch Direktor ###
1469 2430 2703 2491 sondern auch der alte Grutz drinnen in der Kammer neue Lebens¬
241 2445 1471 2501 hat allmählich dieses eine Werk in demselben Maße überschätzt, wie
2701 2469 3285 2532 konnte, so entsprach dies mehr
1467 2481 2698 2528 keime ansetzt. Die Freude, daß der alte Bauer leben bleibt und gesund
238 2486 1378 2542 nan frühere unbeachtet ließ und läßt. Wenigstens in Berlin.
2695 2500 3294 2567 Heimat“. Die „Erde“ muß noch
1462 2513 2703 2574 wird, ist um so ungemischter, als er selbst seinen Tod ganz ohne
279 2510 1471 2574 Das erste Anrecht, rehabilitiert zu werden, gebührte der
2751 2538 3285 2610 Zu den seltenen Vorzügen de
1465 2544 2718 2623 Sentimentalität, wie ein unvermeidliches Geschäft betrachtet. Mit
233 2562 1463 2627 „Komödie vom Leben“ die sich jetzt auf der Siegesstätte
2697 2572 3277 2652 matische Knappheit, seine gedrun
1469 2586 2710 2648 dem Sargtischler, dem Totengräber verhandelt er, als gelte es eine
236 2607 1466 2663 jener „Tragödie eines Volkes“ behaupten wollte. In Schön¬
2702 2627 3274 2691 erforderlich. So wurde dem
1461 2635 2706 2699 Bettstelle oder eine Kalkgrube anzuschaffen. Nur die erwerbsgierige
227 2648 1464 2709 herrs zweiter Heimat Wien hält sich die „Erde“ im Burg¬
2695 2663 3279 2740 sprossen der Salonmensch, dem
1469 2673 2703 2737 Leichenwäscherin hänselt er wie den Tod selber. Sein Herz verschließt
238 2678 1468 2746 theater schon seit vier Jahren aufrecht. Mit Hilfe einer nahezu voll¬
2703 2709 3211 2779 Natur die Dekadenz gesellt.
1463 2723 2701 2780 sich vor den Menschen, vor dem eigenen Sohne, vor sich selbst. Sein
236 2729 1481 2785 endeten Darstellung gelang es, die stark angezweifelte „Burgtheater¬
2738 2753 3288 2817 Arthur Schnitzlers
1472 2756 2710 2828 Herz öffnet sich vor aller Kreatur und Begetation seines Erdengutes.
238 2773 1475 2834 fähigkeit" dieser Bauernkomödie durchzusetzen. „Burgtheaterfähigkeit“
2700 2791 3287 2867 jenen reizenden Komteßchen, um
1463 2806 2705 2881 Seine Saat und seine Ernte, sein Sattelroß und seine Weißbirke liebt
2693 2844 3283 2897 lers und auch Schönherrs nich
1462 2853 2699 2904 er von Herzen; die Menschen um sich her aber vergleicht er mit
239 2803 1476 2912 Seieter der anensten SAasbract in sener Sonchargen und e.
2705 2894 3289 2943 höheren Ständen eine verschäm
1466 2880 2704 2947 Geiern, Habichten, Uhus, weil er an ihnen Eigenschaften findet, die aus
232 2887 1481 2951 Dieses Stück aber hatte vor der Feuerprobe nicht nur die Anwälte
2693 2930 3283 2994 verschämte Defloriertheit. Wäh
1469 2934 2707 2995 der vegetierenden Natur zu Spekulationen entarten. Ob er selbst
229 2945 1471 2996 des Schöngeister= und Komtessenunwesens gegen sich, sondern auch
2704 2966 3284 3036 Offenheit ihre Volkstracht an
1475 2976 2698 3033 zu diesen Raubvögeln gehört, kommt ihm freilich nicht in den Sinn.
233 2979 1471 3043 seinen Hauptdarsteller, den weithin wirkenden Josef Kainz. „Eine
1467 3006 2701 3078 Keinesfalls hat es seiner Lebenskraft, seiner Körperkraft, seiner
2693 3026 3287 3083 lings trägt, muß eine Komtesse
1465 3049 2695 3119 äußeren und inneren Gesundheit geschadet. Keine Krankheit, sondern
2703 3047 3294 3118 wirklich ein Fall ist, sogar hinte
244 2945 1474 3116 Kr ererter e ertetelte aul he. 2r
1478 3104 2696 3172 ein Unfall bringt ihn dem Tode nahe. Kein Arzt, keine Medizin
2695 3093 3297 3166 lichkeit verbergen. Weder ihr 2
228 3104 1469 3160 fahrung, es gibt einen Theaterskandal, wie noch nie. Wenn ich auf der
1467 3141 2317 3216 heilt ihn, sondern sein gesunder Winterschlaf.
2702 3131 3278 3206 wissen etwas. Mitten in einer
240 3150 1474 3204 Wage steh', brüllt's ganze Publikum.“ Als ich dem Dichter diese
1514 3164 2699 3240 Kürzlich schrieb eine mir unbekannte „Alwine“ an mich, ich möge
232 3185 1477 3241 Befürchtung übermittelte, antwortete er trocken und ruhig: „Das wäre
2695 3178 3271 3240 Zügel genommen ist, glaubt
1471 3212 2701 3280 doch dafür sorgen, daß unsere Dramatiker „endlich eine gesetzte, männ¬
2703 3228 3275 3292 Unpassioniertheit einer jungen
232 3216 1477 3284 ja gut. — Ich wünsche mir nichts Besseres; erst wenn die Leute lachen,
1473 3267 2707 3320 liche Richtung einschlügen und uns mit den ewigen lyrischen Traub¬
246 3257 863 3334 haben sie das Stück verstanden.“
2696 3270 3294 3322 Aber die Gräfin nahm sich he
1463 3301 2708 3366 rosinen verschonten“. Sie fügte hinzu: „Es wird ja selbst uns Frauen
2694 3309 3288 3365 Balletteuse offen eingeräumt wir
295 3309 1476 3366 Im Verlaufe der Proben änderte plötzlich auch Kainz seine Mei¬
1468 3349 2706 3405 zuviel.“ Diese Verehrerin bitterer Mandeln sände im alten Grutz ihr
2706 3340 3296 3415 liche Papa um so ängstlicher b#
245 3336 1479 3404 nung. Nachdem er die einheitlich=eherne Gestalt etwas virtuosenhaft
1466 3383 1626 3456 Ideal.
2699 3381 3286 3454 Umgang dieser Balletteuse genoß
237 3400 1478 3449 nnanciert und kompliziert mit Sentiments ausgestattet hatte, leuchtete
1514 3408 2707 3486 Wie der alte Grutz alles überlebt, so überlebte er auch seinen so
2696 3423 3295 3498 Verhältnissen bildet sich ein rech
236 3431 1481 3491 zuletzt, als der Genesende auf der Wage stand, die lichteste. Lebens¬
1481 3472 2707 3533 sehr viel jüngeren berühmten Wiener Darsteller, dem man wohl die
253 3476 1483 3531 freude: Kainz lachte, wie nur er lachen konnte, das Publikum lachte,
2706 3466 3282 3538 der vom alten Grafen bis zum
247 3506 1481 3570 der Dichter lachte, wir alle lachten. Nun war es klar, daß dieses
2705 3519 3295 3570 Geliebten des Grafen zum ue
1470 3513 2707 3569 gleiche Zähigkeit zugetraut hätte. Nun spielt ihn dort wie zur köst¬
246 3550 3292 3629 Stück nicht eine Tragödie ist, sondern eine Komödie. Nicht die Tra- lichsten Selbstperfiflage der fünfundachtzigjährige Bernhard Baumeister und vom Direktor mit mehr a
