3436 4384
348 41 473 136 21
471 90 2373 196 Kontesse Mizzi oder der Fanilientag
2530 79 2987 191 box 26/4
2046 991 2433 1098 M. März 1927
2761 1006 3003 1089 Seite 9
1948 1087 3034 1170 Ein solcher klassischer Einakter ist auch die „Kom¬
1857 1146 3040 1215 tesse Mitzi“, deren heitere Unverwüstlichkeit die Auf¬
1867 1197 3038 1267 führung am Akademietheater neuerlich erhärtet. Das Wiener
1868 1242 3034 1303 Gesellschaftsbild, das der Wiener Dichter in diesem Stück
809 1261 1341 1366 #Akademielheater.
1853 1280 3043 1374 vor bald zwanzig Jahren entwarf, ist nicht nur koloristisch,
1372 1281 1491 1378 *
1870 1342 3043 1400 auch gesellschaftlich seither bedeutend nachgedunkelt — Fürst
500 1309 1666 1433 „Komtesse Mitzi“ von Schnitzler. — „Das'Peilchen“
957 1386 1289 1449 von Molnar.
1870 1386 3037 1457 Ravenstein sitzt nicht mehr im Herrenhaus und Graf
1870 1433 3035 1509 Pazmandy fährt nicht mehr mit seiner Tochter nach Ostende
576 1419 1668 1522 Zu den Toten des Weltkrieges gehört, wenn man den
1927 1474 3032 1537 aber indem das Zuständliche etwas zurücktritt, tritt der
489 1443 1663 1570 Versicherungen deutscher Theaterdirektoren Glauben schenken
1857 1530 3031 1596 zeitlose Spott über alle Klassenvorurteile in Liebessachen nur
487 1509 1661 1626 darf, auch der Einakter. Diese dramatische Kunstform hat sich
1674 1552 1777 1602 tät
1860 1581 3029 1649 um so deutlicher hervor. Es ist ein Vorwurf, eines Komödien¬
492 1554 1664 1669 überlebt, heißt es, das Publikum will nichts mehr von ihr
1661 1590 1763 1649 hat
1859 1607 3037 1678 dichters würdig, und er hat ihn im vorliegenden Fall ge¬
484 1602 1650 1718 wissen, nur Mehrakter lohnen die Mühe ihrer Aufführung.
1673 1638 1767 1687 au
1659 1677 1761 1728 bei
1868 1665 3032 1738 funden. Zu der Endgültigkeit dieses Eindrucks, die ein un¬
483 1650 1662 1761 Lauter Behauptungen, die man als solche nicht ernster zu
1661 1708 1748 1778 lar
1860 1723 3036 1787 gewöhnlich starker äußerer Erfolg besiegelte, trug auch eine
479 1699 1667 1798 nehmen braucht als andere dieses an unbewiesenen und schwer
1657 1756 1768 1819 frei
1868 1765 3025 1829 liebevoll launige Darstellung bei, die dem liebenswürdigen
484 1747 1658 1856 zu beweisenden Behauptungen so überreichen Zeitalters. In
1659 1803 1763 1880 abe
1865 1805 3034 1865 Meisterwerk nichts Wesentliches schuldig blieb. Es ist, was
471 1801 1655 1906 Wahrheit ist der Einakter die klassische und die ewige Form
1859 1847 3033 1930 die wenigsten von sich behaupten können, nicht ganz ver¬
477 1831 1640 1933 des Dramas. Der „König Oedipus“ ist ein Einakter und —
1659 1879 1746 1943 Pr
1853 1907 3036 1979 geblich älter geworden, denn zu Thaller, der den Grafen
481 1894 1643 1992 um zweitausend Jahre zu überspringen — der „Zerbrochene
1675 1931 1745 1976 an
1865 1952 3027 2000 Pazmandy schon vor achtzehn Jahren im Deutschen Volks¬
480 1946 1637 2029 Krug“ ist es gleichfalls. Davon abgesehen ist der Einakter
1649 1968 1751 2025 Kli
473 1982 1645 2087 allen anderen Kunstformen durchaus ebenbürtig, von denen
1863 1998 3030 2063 theater mit einleuchtender Echtheit verlebendigt hat, tritt nun,
1660 2013 1774 2067 hült
1854 2050 3030 2099 ein mehr als ebenbürtiger Partner, Herr Devrient, dessen
1646 2052 1769 2106 Bü¬
476 2028 1635 2127 er sich oft nur durch eine größere Ehrlichkeit unterscheidet:
1648 2095 1751 2159 ver
1856 2087 3032 2148 Fürst Ravenstein einen Vorzugsplatz in der Galerie
477 2082 1638 2170 er nimmt für die Entfaltung eines Einfalles nicht mehr Zeit
1643 2141 1748 2201 dei¬
1867 2138 3031 2190 älterer Lebemänner dieses Künstlers für sich in Anspruch
471 2123 1643 2222 und Raum in Anspruch, als der ihm innewohnenden Be¬
1864 2187 3031 2249 nehmen darf. Man weiß nicht, was man an diesem
477 2174 1632 2255 deutung zukommt. Tritt dazu eine besondere dichterische Ver¬
1860 2226 3034 2285 in den muntersten Lustspielfarben gehaltenen Charakter¬
473 2220 1638 2314 anlagung, derjenigen des Novellisten verwandt, so wäre es
1640 2262 1749 2319 Th¬
1864 2269 3027 2348 gemälde mehr bewundern soll: die Vornehmheit
473 2267 1629 2364 mehr als unbillig, den Einakter aus dem Bereich des
1630 2310 1740 2357 Ka
1862 2328 3031 2394 oder die Selbstverständlichkeit und Mühelosigkeit, mit der
455 2311 1639 2415 praktischen Theaters zu verbannen weil er „nur“ ein Einakter
1636 2351 1739 2402 Pü
1851 2363 3023 2438 diese Vornehmheit sich gibt. Sie nimmt keine Anläufe
461 2360 1633 2460 ist. In diesem Falle befindet sich Arthur Schnitzler, dessen
1627 2393 1752 2443 und
1848 2427 3020 2485 und erreicht ihr Ziel, gleichsam ohne sich vom Fleck zu
460 2399 1624 2490 „Letzte Masken“, „Literatur", „Große Szene“, „Puppen¬
1626 2432 1740 2486 65
1853 2468 3036 2514 rühren. ... Auch Frau Retty als Komtesse Mitzi und der
1634 2457 1737 2537 Sc
461 2461 1624 2542 spieler". — um nur einige seiner kurzen Dramen anzuführen
1632 2517 1727 2577 29.
1843 2501 3031 2566 ihr nahestehende junge Herr Albach als naseweises junges
502 2496 1613 2596 — wahre Meisterwerke sind, die in jedem Sinn, auch im rein
1634 2547 1737 2625 aufe
1855 2548 3026 2623 Fürstchen geben gutes Burgtheater, dessen überkommene
454 2535 1611 2642 dramatischen, zu den geglücktesten und schlakenlosesten dieses
1628 2599 1746 2664 schri
1848 2596 3031 2675 Gesprächskunst sich an den im Bereiche dieser Komödie
452 2588 1614 2674 Dichters zählen. Man kann Schnitzler, ohne seinen abend¬
1857 2648 3014 2703 gestellten Aufgaben neu entwickelt und bewährt. Frau
445 2627 1758 2738 füllenden Stücken im geringsten Abbruch zu tun, geradezu] Veri
1856 2690 3013 2745 Medelsky als Lolo ist vielleicht um eine Linie zu derb
444 2691 1225 2781 einen Klassiker des Einakters nennen.
1852 2736 3025 2797 in ihrer Mundart, auch ein wenig geschmacklos in ihrem
1842 2768 3025 2857 Anzug. Trotzdem ist die kurze Szene, in der sie der Gräfin
1850 2830 3019 2911 und diese ihr ihr Herz ausschüttet, eine von jenen, die in
1849 2872 3020 2936 ihrer scheinbaren Anspruchslosigkeit eindringlich fühlbar
1848 2926 3007 2991 machen, welche unzerstörbaren Werte das oft achtlos hin¬
1855 2975 3024 3056 geworfene Wort „Burgtheaterkultur“, noch immer und
1857 3008 2423 3089 immer wieder in sich schließt.
1931 3067 3011 3137 Auf Schnitzlers Komödic folgte, in lustigster Laune
1854 3111 3019 3179 gespielt und aufgenommen, das „Veilchen“ von Molnar,
1853 3157 3012 3226 über das anläßlich der Faschingsvorstellung des Burg¬
1852 3202 3014 3264 theaters bereits ausführlich berichtet wurde. Frau Seidler
1846 3252 3011 3315 ist in der Rolle des so bescheidenen und in seiner Be¬
1853 3293 3013 3363 scheidenheit so hintergründigen Veilchens von bezaubernder
1846 3336 3015 3397 Drolligkeit. Die übrige Darstellung — Herr Höbling,
1854 3392 3016 3460 Heim und Arndt — ist vergnügt genug, nur vielleicht
1854 3432 3011 3505 für einen so leichten Schwank zu gründlich. Die exakte
1850 3480 3011 3551 Regie des Herrn Brahm läßt nichts vermissen als ein
1827 3528 2453 3601 paar wohlangebrachte Striche.
2797 3529 2961 3586 R. A.
