3344 4352
2318 155 2780 259 box 26/3
1359 174 1430 251 d
135 204 2272 291 21. Kontesse Mizzi oder der Fanilientan
73 1276 585 1369 Aacercaa, Chrisdame.
57 1341 583 1412 arid, Malland, Minneapolle.
58 1363 593 1465 #isco, Stockholm, St. Peters¬
56 1435 191 1492 #nto.
70 1494 532 1656 geszeifung, Perite
657 1690 3152 1780 Geliebte auf, und sie wie Komtesse Mizzi verstehen sich gänz=ssin, diese sonst so tüchtige Schauspielerin, wirkte als Lolo
1892 1754 2236 1834 etwas farblos.
57 1655 415 1858 Theater.
823 1754 1906 1835 Zwei Seelen und ein Gedanke! Und des
674 1778 820 1843 lich.
1976 1764 3137 1864 Es folgte eine völlig anders geartete Komödie in drei
92 1802 1913 1896 unbekannten Mikosch führt Fürsten und Komtesse Mizzis Sohn steht als schlaues
1899 1831 3138 1905 Akten, Karl Schönherrs „Erde“, die damit von dem
95 1853 1909 1945 einaktige Komödie mit dem Bürschel da, das den Vater und seine Märchen durchschaut
1902 1875 3156 1954 Hebbel=Theater an die Brahms=Bühne gelangt ist. Auch
666 1898 1912 1979 hat und die richtige Mutter sofort errät. Glorreich
97 1916 681 1995 eMizzi oder der Fa¬
75 1960 3157 2029 selche und so ’ne Familientage läßt Schnitzler jetzt aus dem Flammenpotpourri anzüglicher hiet wurde man diesem Stücke, das sich aus einer Tragi¬
77 2005 3154 2078 [Bei Schnitzler finden wir im Witzeleien sein Schlußmorälchen auf glimmen. Das Mutter=komödie Groteske und Posse zusammensetzt, nicht völlig ge¬
1897 2002 3143 2080 recht. In seinem Mittelpunkt steht bekanntlich ein alter
53 2038 1909 2125 pad Pazmandy zunächst den herz hat sich beim Anblick des Sohnes doch geregt: uns bleibt
1893 2047 3142 2123 72jähriger Bauer, der seinem weichmütigen Sohne den Hof
62 2094 1913 2163 Ravenstein im Gespräch, wobei die tröstliche Aussicht, Komtesse Mizzi wird den Fürsten hei¬
74 2094 3151 2204 * Dinge mit jener scherzreichen raten und — hoffen wir es — eine brave Gattin werden. trotz seines Alters nicht abtreten will. Da schlägt den Alten
84 2133 3157 2250 sie im Lustspiel und Witzblatt Die Zeit, das Leben in allen Erscheinungen zu genießen, hat ein Pferd; er glaubt sterben zu müssen und siecht den Winter
103 2165 3147 2295 r Graf trauert, daß seine ge= sie gar redlich benutzt. Wir befinden uns also nicht allein in hindurch hin. Inzwischen sucht sein 46jähriger Sohn den
105 2221 3152 2326 um zu heiraten; der Fürst der Heimat des Mikosch, sondern auch im Milieu seiner Witze.] Wunsch, Kinder um sich zu sehen, mit Hilfe der Wirtschaf¬
685 2255 3146 2368 Freilich die grobe Art ist hier geworden. Vielmehr wird mit terin Mena zu erfüllen. Aber der Alte richtet sich im Früh¬
108 2309 703 2383 ,daß er ihm seinen achtzehn¬
104 2303 3155 2417 der bisher völlig im Ver= seienen österreichischen Fingern ein Scherzknäuel geflochten, ling wieder gesundet auf, Mena wird entlassen, und Han¬
1904 2355 2716 2441 nesle muß weiter den Knecht spielen.
83 2371 1917 2459 wir den Fürsten in ähnlichen das auf allen Seiten, wohin man es wenden mag, seine
1973 2382 3151 2476 Das Lessing=Theater hat den Holzschnitt=Stil, der hier
72 2444 1916 2517 Mizzi des Grafen Töchterlein Dialogfeinheiten funkeln läßt. Ist es Schnitzler oder Bahr,
67 2432 3153 2559 ahre für völlig naiv hält und sicher Wiener Schule, stark verfeinerter „Pschütt". Immer= am Platze ist, verfehlt; ebenso war das Tempo besonders am
1903 2489 3149 2578 Beginn zu langsam, als gäbe es Ibsensche Seelen=Rätsel zu
78 2517 1925 2600 8 jährigen Jünglings Mutter hin. Schade um Schnitzler, der doch bisher häufig Menschen
1909 2534 3154 2609 aten. Auch verschob sich infolge von Else Lehmanns
68 2562 1927 2662 nd Plänkelei. Aber die Jung=schuf, während wir hier nur Typen, Karikaturen — denn das
80 2566 3149 2688 nicht sehen oder doch sich nicht sind sie durch ihre Anhäufung — vor uns sehen. Ein gra=iftiger, kraftvoller Darstellung der Mena und Emanuel
71 2605 3155 2738 n Antrag des Fürsten, jetzt ziöses Spiel mit sogenannter „Unmoral“, aber daran hat[Reichers zu weicher Durchführung des alten Bauern das
101 2717 3149 2790 t einem Versuch von ernst=unsere und die französische Bühne keinen Mangel. Der Er= Schwergewicht auf Menas Seite, als wäre sie die Haupt¬
125 2715 3058 2813 Damals wäre sie für Sohn folg für diese Seifenblase war jedenfalls stark genug, daß person. Dazu kam die mangelhafte Beherrschung
71 2802 3157 2863 ebten, durchs Feuer gegangen, Direktor Brahm im Namen des Autors danken konnte. Frei= Diolekts, die wiederum bei Else Lehmann störte. Gute
88 2779 3162 2909 ihren Wunsch, weil er Herren= lich gebührt ein Teil der ausgezeichneten Darstellung des Les= Leistungen gaben Kurt Stieler als Hannes, Ma¬
73 2821 3153 2955 cksichtigt. Sie aber tue alles sing=Theaters, das ja in modernen Konversationsstücken seinesthilde Sussin als die verkümmerte Magd Trine und
86 2924 3148 3004 hlle sie überhaupt nicht mehr Stärke hat. Irene Triesch als Komtesse Mizzi. Ema=[Ernst Neßler, Bruno Ziener, Erich Walter
692 2924 3153 3031 [nuel Reicher als Witzblattgraf, Heinz Monnardsin den kleinen Rollen der Knechte. Aber der ganzen Auf¬
2941 2976 3121 3050 O. A.
87 3001 2632 3088 der Familientag. Aus einem als Fürst und Erich Walter als sein Sohn wurden ihren führung fehlte die rechte Frische.
94 3038 1950 3137 en Grunde taucht des Grafen lleichten Aufgaben völlig gerecht, und nur Mathilde Sus¬!
