<?xml version="1.0" encoding="UTF-8" standalone="yes"?>
<PcGts xmlns="http://schema.primaresearch.org/PAGE/gts/pagecontent/2013-07-15" xmlns:xsi="http://www.w3.org/2001/XMLSchema-instance" xsi:schemaLocation="http://schema.primaresearch.org/PAGE/gts/pagecontent/2013-07-15 http://schema.primaresearch.org/PAGE/gts/pagecontent/2013-07-15/pagecontent.xsd">
    <Metadata>
        <Creator>prov=University of Rostock/Institute of Mathematics/CITlab/Gundram Leifert/gundram.leifert@uni-rostock.de:name=ONB_Newseye_GT_M1+(htr_id=10810)::::v=2.4.2
prov=University of Rostock/Institute of Mathematics/CITlab/Tobias Gruening/tobias.gruening@uni-rostock.de:name=de.uros.citlab.module.baseline2polygon.B2PSeamMultiOriented:v=2.4.2
prov=University of Rostock/Institute of Mathematics/CITlab/Tobias Gruening/tobias.gruening@uni-rostock.de:name=/mnt/transkribus/LA/DEA/URO/LA_news_onb_att.pb:de.uros.citlab.segmentation.CITlab_LA_ML:v=2.4.2
Transkribus</Creator>
        <Created>2019-10-07T11:18:22.965+02:00</Created>
        <LastChange>2019-10-08T03:02:06.936+02:00</LastChange>
        <TranskribusMetadata docId="223967" pageId="9496392" pageNr="153" tsid="16499479" status="IN_PROGRESS" userId="40391" imgUrl="https://files.transkribus.eu/Get?id=KPONUPYPWXUNPHYRPIYEBKVU&amp;fileType=view" xmlUrl="https://files.transkribus.eu/Get?id=PTBGTYLYPHDFYNETWCCOIYJV" imageId="6186619"/>
    </Metadata>
    <Page imageFilename="223967_0153.jpeg" imageWidth="3436" imageHeight="4224">
        <ReadingOrder>
            <OrderedGroup id="ro_1711440081186" caption="Regions reading order">
                <RegionRefIndexed index="0" regionRef="r1"/>
                <RegionRefIndexed index="1" regionRef="r2"/>
                <RegionRefIndexed index="2" regionRef="r3"/>
            </OrderedGroup>
        </ReadingOrder>
        <TextRegion orientation="0.0" id="r1" custom="readingOrder {index:0;}">
            <Coords points="483,2021 483,3991 1365,3991 1365,2021"/>
            <TextLine id="r1l1" custom="readingOrder {index:0;}">
                <Coords points="625,2059 1224,2055 1223,2027 1181,2009 1026,2021 976,2002 920,2025 854,2004 785,2019 624,2005"/>
                <Baseline points="630,2045 659,2045 688,2045 718,2045 747,2046 777,2046 806,2046 835,2046 865,2046 894,2046 924,2046 953,2045 982,2045 1012,2045 1041,2045 1071,2045 1100,2044 1129,2044 1159,2044 1188,2044 1218,2044"/>
                <TextEquiv>
                    <Unicode>Fkökts Hiuba Bokesrkön</Unicode>
                </TextEquiv>
            </TextLine>
            <TextLine id="r1l2" custom="readingOrder {index:1;}">
                <Coords points="797,2105 1004,2106 1085,2126 1136,2103 1184,2121 1281,2108 1335,2123 1350,2087 1301,2068 1170,2083 1025,2065 797,2071"/>
                <Baseline points="802,2098 829,2098 856,2098 883,2098 910,2099 937,2099 964,2099 991,2100 1018,2100 1045,2101 1073,2101 1100,2102 1127,2103 1154,2103 1181,2103 1208,2104 1235,2104 1262,2104 1289,2104 1316,2104 1344,2104"/>
                <TextEquiv>
                    <Unicode>1" Släktingar“. Foto. Atelier Jeger.</Unicode>
                </TextEquiv>
            </TextLine>
            <TextLine id="r1l3" custom="readingOrder {index:2;}">
                <Coords points="478,2204 1339,2210 1339,2177 1262,2146 1128,2177 478,2172"/>
                <Baseline points="484,2202 526,2204 569,2205 611,2207 654,2208 696,2208 739,2208 781,2208 824,2207 866,2206 909,2206 951,2205 994,2204 1036,2203 1079,2203 1121,2202 1164,2202 1206,2202 1249,2203 1291,2204 1334,2206"/>
                <TextEquiv>
                    <Unicode>tima har plänats ut, och revolutions¬</Unicode>
                </TextEquiv>
            </TextLine>
            <TextLine id="r1l4" custom="readingOrder {index:3;}">
                <Coords points="480,2272 1350,2255 1350,2220 1279,2211 480,2220"/>
                <Baseline points="486,2251 528,2252 571,2252 614,2253 657,2253 700,2253 743,2254 786,2254 829,2254 872,2255 915,2255 957,2255 1000,2255 1043,2255 1086,2255 1129,2254 1172,2254 1215,2254 1258,2253 1301,2253 1344,2252"/>
                <TextEquiv>
                    <Unicode>tiden har i stället fört med sig sä mycket</Unicode>
                </TextEquiv>
            </TextLine>
            <TextLine id="r1l5" custom="readingOrder {index:4;}">
                <Coords points="478,2301 621,2308 648,2329 701,2307 1138,2301 1080,2269 912,2259 478,2275"/>
                <Baseline points="484,2302 516,2302 548,2302 581,2302 613,2302 646,2302 678,2302 710,2301 743,2301 775,2301 808,2301 840,2301 872,2301 905,2301 937,2301 970,2301 1002,2302 1034,2302 1067,2303 1099,2304 1132,2305"/>
                <TextEquiv>
                    <Unicode>af det teatraliskt bullersamma.</Unicode>
                </TextEquiv>
            </TextLine>
            <TextLine id="r1l6" custom="readingOrder {index:5;}">
                <Coords points="540,2352 1354,2363 1354,2320 1319,2309 717,2314 661,2335 618,2308 540,2315"/>
                <Baseline points="546,2349 586,2350 626,2351 666,2352 706,2353 746,2354 786,2354 826,2354 866,2355 906,2355 947,2355 987,2355 1027,2355 1067,2354 1107,2354 1147,2353 1187,2353 1227,2352 1267,2351 1307,2350 1348,2349"/>
                <TextEquiv>
                    <Unicode>Iden att ge en blandning af lek och</Unicode>
                </TextEquiv>
            </TextLine>
            <TextLine id="r1l7" custom="readingOrder {index:6;}">
                <Coords points="481,2399 1200,2427 1346,2402 1346,2366 767,2374 667,2351 481,2377"/>
                <Baseline points="487,2402 529,2400 572,2399 615,2398 657,2398 700,2398 743,2399 785,2399 828,2399 871,2400 914,2401 956,2402 999,2402 1042,2403 1084,2403 1127,2404 1170,2404 1212,2403 1255,2403 1298,2402 1341,2400"/>
                <TextEquiv>
                    <Unicode>verklighet mot revolutionens bakgrund är</Unicode>
                </TextEquiv>
            </TextLine>
            <TextLine id="r1l8" custom="readingOrder {index:7;}">
                <Coords points="486,2452 519,2467 571,2458 606,2467 625,2458 654,2468 688,2452 686,2409 648,2416 615,2413 604,2423 539,2418 484,2428"/>
                <Baseline points="491,2459 518,2456 545,2453 573,2451 600,2449 628,2449 655,2449 683,2451"/>
                <TextEquiv>
                    <Unicode>ypperlig.</Unicode>
                </TextEquiv>
            </TextLine>
            <TextLine id="r1l9" custom="readingOrder {index:8;}">
                <Coords points="533,2488 572,2514 1051,2495 1265,2517 1357,2487 1277,2450 1060,2473 901,2446 824,2470 533,2465"/>
                <Baseline points="538,2496 578,2498 619,2500 660,2501 700,2502 741,2502 782,2503 822,2503 863,2503 904,2502 945,2502 985,2502 1026,2501 1067,2501 1107,2501 1148,2500 1189,2500 1229,2500 1270,2501 1311,2502 1352,2503"/>
                <TextEquiv>
                    <Unicode>En värdshusvärd, f. d. teaterdirektör</Unicode>
                </TextEquiv>
            </TextLine>
            <TextLine id="r1l10" custom="readingOrder {index:9;}">
                <Coords points="487,2553 1347,2551 1332,2511 487,2513"/>
                <Baseline points="493,2548 535,2548 577,2548 620,2548 662,2548 705,2548 747,2548 790,2548 832,2548 875,2548 917,2548 959,2548 1002,2548 1044,2548 1087,2548 1129,2548 1172,2548 1214,2548 1257,2548 1299,2547 1342,2547"/>
                <TextEquiv>
                    <Unicode>förstär att roa sina högadliga klienter med</Unicode>
                </TextEquiv>
            </TextLine>
            <TextLine id="r1l11" custom="readingOrder {index:10;}">
                <Coords points="487,2604 1353,2594 1353,2564 1233,2554 487,2559"/>
                <Baseline points="493,2602 535,2600 578,2599 621,2599 664,2598 706,2597 749,2597 792,2597 835,2596 877,2596 920,2597 963,2597 1006,2597 1048,2597 1091,2598 1134,2598 1177,2598 1219,2599 1262,2599 1305,2600 1348,2600"/>
                <TextEquiv>
                    <Unicode>att läta mer och mindre afsigkomna kome¬</Unicode>
                </TextEquiv>
            </TextLine>
            <TextLine id="r1l12" custom="readingOrder {index:11;}">
                <Coords points="479,2650 1365,2654 1365,2631 1250,2601 1211,2626 1014,2602 479,2623"/>
                <Baseline points="485,2649 528,2649 572,2649 616,2649 660,2648 703,2648 747,2648 791,2648 835,2648 878,2648 922,2647 966,2647 1010,2647 1053,2647 1097,2647 1141,2647 1185,2647 1228,2648 1272,2648 1316,2648 1360,2649"/>
                <TextEquiv>
                    <Unicode>dianter spela förbrytare och skurkar. Annu</Unicode>
                </TextEquiv>
            </TextLine>
            <TextLine id="r1l13" custom="readingOrder {index:12;}">
                <Coords points="479,2701 1306,2717 1348,2701 1348,2671 739,2652 479,2674"/>
                <Baseline points="484,2701 529,2699 574,2698 619,2697 664,2696 710,2696 755,2696 800,2695 845,2696 890,2696 936,2696 981,2696 1026,2697 1071,2697 1116,2697 1162,2697 1207,2698 1252,2698 1297,2697 1343,2697"/>
                <TextEquiv>
                    <Unicode>sedan revolutionsklockan börjat klämta, är</Unicode>
                </TextEquiv>
            </TextLine>
            <TextLine id="r1l14" custom="readingOrder {index:13;}">
                <Coords points="485,2758 1273,2759 1273,2720 1234,2703 485,2717"/>
                <Baseline points="491,2745 529,2745 568,2746 607,2746 646,2746 685,2747 723,2747 762,2747 801,2747 840,2747 879,2746 917,2746 956,2746 995,2746 1034,2746 1073,2746 1111,2746 1150,2746 1189,2746 1228,2746 1267,2746"/>
                <TextEquiv>
                    <Unicode>det frivola Paris lika sensationslystet.</Unicode>
                </TextEquiv>
            </TextLine>
            <TextLine id="r1l15" custom="readingOrder {index:14;}">
                <Coords points="533,2805 1355,2803 1355,2769 1277,2756 533,2759"/>
                <Baseline points="539,2795 579,2795 620,2794 660,2794 701,2794 741,2793 782,2793 822,2794 863,2794 903,2794 944,2794 984,2794 1025,2795 1065,2795 1106,2795 1146,2796 1187,2796 1227,2796 1268,2796 1308,2796 1349,2796"/>
                <TextEquiv>
                    <Unicode>Det tilltalar dessa grefvar och markiser</Unicode>
                </TextEquiv>
            </TextLine>
            <TextLine id="r1l16" custom="readingOrder {index:15;}">
                <Coords points="478,2844 570,2866 793,2842 1346,2852 1346,2820 1296,2802 478,2819"/>
                <Baseline points="483,2847 525,2847 568,2846 611,2846 654,2845 697,2845 740,2845 783,2844 826,2844 869,2844 912,2844 954,2844 997,2844 1040,2844 1083,2844 1126,2844 1169,2845 1212,2845 1255,2845 1298,2845 1341,2846"/>
                <TextEquiv>
                    <Unicode>att pä skämt bli okvädade och hotade.</Unicode>
                </TextEquiv>
            </TextLine>
            <TextLine id="r1l17" custom="readingOrder {index:16;}">
                <Coords points="484,2883 613,2908 1300,2910 1358,2888 1294,2848 484,2869"/>
                <Baseline points="490,2896 533,2896 576,2895 619,2895 662,2895 705,2895 748,2895 791,2895 834,2895 877,2895 921,2896 964,2896 1007,2896 1050,2896 1093,2895 1136,2895 1179,2895 1222,2894 1265,2893 1308,2892 1352,2891"/>
                <TextEquiv>
                    <Unicode>De ana att det finns en smula verkligt</Unicode>
                </TextEquiv>
            </TextLine>
            <TextLine id="r1l18" custom="readingOrder {index:17;}">
                <Coords points="492,2945 1272,2963 1352,2908 492,2914"/>
                <Baseline points="498,2947 540,2946 582,2945 625,2945 667,2944 710,2944 752,2944 794,2943 837,2943 879,2943 922,2943 964,2943 1006,2943 1049,2943 1091,2943 1134,2943 1176,2943 1218,2943 1261,2944 1303,2944 1346,2944"/>
                <TextEquiv>
                    <Unicode>allvar i grunden, men det endast förhöjer</Unicode>
                </TextEquiv>
            </TextLine>
            <TextLine id="r1l19" custom="readingOrder {index:18;}">
                <Coords points="483,2981 716,3008 1357,2987 1208,2949 483,2964"/>
                <Baseline points="489,2993 532,2992 575,2992 618,2991 661,2991 704,2991 747,2991 791,2991 834,2992 877,2992 920,2992 963,2993 1006,2993 1049,2993 1093,2994 1136,2994 1179,2994 1222,2994 1265,2993 1308,2993 1352,2993"/>
                <TextEquiv>
                    <Unicode>nervretningen. — Bland krogens skädespe¬</Unicode>
                </TextEquiv>
            </TextLine>
            <TextLine id="r1l20" custom="readingOrder {index:19;}">
                <Coords points="494,3048 1341,3047 1328,3006 494,3006"/>
                <Baseline points="499,3044 540,3042 582,3041 624,3040 666,3039 708,3039 750,3039 791,3039 833,3039 875,3039 917,3040 959,3040 1001,3040 1043,3041 1084,3042 1126,3042 1168,3043 1210,3043 1252,3043 1294,3043 1336,3043"/>
                <TextEquiv>
                    <Unicode>larkrafter är Henri den främste. Han har ny¬</Unicode>
                </TextEquiv>
            </TextLine>
            <TextLine id="r1l21" custom="readingOrder {index:20;}">
                <Coords points="493,3096 1344,3094 1344,3059 1270,3052 493,3049"/>
                <Baseline points="499,3092 541,3093 583,3094 625,3094 667,3094 709,3094 751,3094 793,3093 835,3093 877,3092 919,3091 961,3090 1003,3090 1045,3089 1087,3089 1129,3089 1171,3089 1213,3089 1255,3090 1297,3091 1339,3093"/>
                <TextEquiv>
                    <Unicode>ligen gift sig med en slinka, som bedrar</Unicode>
                </TextEquiv>
            </TextLine>
            <TextLine id="r1l22" custom="readingOrder {index:21;}">
                <Coords points="492,3143 1349,3147 1349,3111 1304,3096 492,3102"/>
                <Baseline points="497,3140 539,3140 581,3140 624,3140 666,3139 708,3139 751,3139 793,3139 835,3139 878,3140 920,3140 962,3140 1005,3140 1047,3140 1089,3141 1132,3141 1174,3141 1216,3142 1259,3142 1301,3143 1344,3143"/>
                <TextEquiv>
                    <Unicode>honom med alla och ännu efter bröllopsda¬</Unicode>
                </TextEquiv>
            </TextLine>
            <TextLine id="r1l23" custom="readingOrder {index:22;}">
                <Coords points="481,3189 1350,3190 1350,3163 1252,3149 482,3166"/>
                <Baseline points="487,3190 529,3189 572,3188 615,3187 658,3187 701,3186 744,3186 786,3186 829,3186 872,3187 915,3187 958,3187 1001,3188 1044,3188 1086,3189 1129,3189 1172,3190 1215,3190 1258,3190 1301,3190 1344,3190"/>
                <TextEquiv>
                    <Unicode>gen. Han älskar henne vansinnigt och äm¬</Unicode>
                </TextEquiv>
            </TextLine>
            <TextLine id="r1l24" custom="readingOrder {index:23;}">
                <Coords points="496,3247 1260,3256 1349,3245 1349,3208 496,3212"/>
                <Baseline points="501,3239 543,3239 585,3238 627,3238 669,3237 711,3237 753,3237 795,3237 837,3237 879,3237 922,3237 964,3238 1006,3238 1048,3238 1090,3238 1132,3238 1174,3238 1216,3238 1258,3238 1300,3238 1343,3237"/>
                <TextEquiv>
                    <Unicode>nar flytta till landet för att hon skall komma</Unicode>
                </TextEquiv>
            </TextLine>
            <TextLine id="r1l25" custom="readingOrder {index:24;}">
                <Coords points="494,3286 766,3306 1077,3285 1154,3311 1362,3293 1362,3258 1321,3246 754,3239 656,3261 604,3236 494,3257"/>
                <Baseline points="499,3288 541,3288 584,3289 627,3289 670,3289 713,3289 756,3289 798,3289 841,3288 884,3288 927,3288 970,3287 1013,3287 1056,3287 1098,3286 1141,3286 1184,3286 1227,3286 1270,3286 1313,3287 1356,3287"/>
                <TextEquiv>
                    <Unicode>ifrän Paris' fördärf. Annu en sista gäng vill</Unicode>
                </TextEquiv>
            </TextLine>
            <TextLine id="r1l26" custom="readingOrder {index:25;}">
                <Coords points="495,3343 1348,3342 1348,3310 1275,3293 495,3300"/>
                <Baseline points="501,3338 543,3338 585,3339 627,3339 669,3338 711,3338 753,3338 795,3337 837,3336 879,3336 922,3335 964,3334 1006,3334 1048,3334 1090,3333 1132,3333 1174,3334 1216,3334 1258,3335 1300,3336 1343,3338"/>
                <TextEquiv>
                    <Unicode>han läta sin konst beundras, och han</Unicode>
                </TextEquiv>
            </TextLine>
            <TextLine id="r1l27" custom="readingOrder {index:26;}">
                <Coords points="484,3389 1345,3395 1345,3355 1279,3345 484,3356"/>
                <Baseline points="489,3387 531,3386 574,3386 616,3386 659,3385 701,3385 744,3385 786,3385 829,3385 871,3385 914,3385 956,3385 999,3385 1041,3385 1084,3385 1126,3385 1169,3386 1211,3386 1254,3386 1296,3386 1339,3386"/>
                <TextEquiv>
                    <Unicode>lofvar att öfverträffa sig själf. Han spe¬</Unicode>
                </TextEquiv>
            </TextLine>
            <TextLine id="r1l28" custom="readingOrder {index:27;}">
                <Coords points="485,3433 1338,3448 1338,3395 485,3396"/>
                <Baseline points="491,3436 533,3436 575,3436 617,3437 659,3437 701,3437 743,3437 785,3436 827,3436 869,3436 912,3435 954,3435 996,3435 1038,3435 1080,3434 1122,3434 1164,3434 1206,3435 1248,3435 1290,3435 1333,3436"/>
                <TextEquiv>
                    <Unicode>lar sä väl sitt eget öde, att ocksä skäde¬</Unicode>
                </TextEquiv>
            </TextLine>
            <TextLine id="r1l29" custom="readingOrder {index:28;}">
                <Coords points="496,3494 1354,3493 1341,3444 496,3457"/>
                <Baseline points="502,3485 544,3486 586,3486 628,3486 671,3485 713,3485 755,3485 798,3485 840,3484 882,3484 925,3484 967,3483 1009,3483 1051,3483 1094,3483 1136,3483 1178,3483 1221,3483 1263,3483 1305,3483 1348,3484"/>
                <TextEquiv>
                    <Unicode>spelarne tro det är sant, hvad han berättar</Unicode>
                </TextEquiv>
            </TextLine>
            <TextLine id="r1l30" custom="readingOrder {index:29;}">
                <Coords points="489,3536 1351,3544 1351,3510 1301,3490 1202,3512 1027,3490 489,3509"/>
                <Baseline points="495,3535 537,3534 580,3534 622,3534 665,3534 707,3534 750,3533 792,3533 835,3533 877,3533 920,3533 963,3533 1005,3533 1048,3533 1090,3533 1133,3534 1175,3534 1218,3534 1260,3535 1303,3536 1346,3537"/>
                <TextEquiv>
                    <Unicode>om hur han öfverraskat hertigen af Ca¬</Unicode>
                </TextEquiv>
            </TextLine>
            <TextLine id="r1l31" custom="readingOrder {index:30;}">
                <Coords points="492,3586 1313,3601 1339,3557 491,3543"/>
                <Baseline points="497,3582 538,3583 580,3583 622,3583 664,3584 706,3584 748,3584 789,3584 831,3583 873,3583 915,3583 957,3582 999,3582 1041,3582 1082,3582 1124,3582 1166,3581 1208,3581 1250,3582 1292,3582 1334,3582"/>
                <TextEquiv>
                    <Unicode>dignan hos sin hustru, och aft han mör¬</Unicode>
                </TextEquiv>
            </TextLine>
            <TextLine id="r1l32" custom="readingOrder {index:31;}">
                <Coords points="492,3635 745,3623 913,3650 1361,3625 1361,3595 1333,3592 578,3607 492,3586"/>
                <Baseline points="498,3629 540,3630 583,3631 626,3632 669,3632 712,3633 755,3633 798,3632 841,3632 884,3632 927,3631 969,3631 1012,3630 1055,3630 1098,3629 1141,3629 1184,3629 1227,3630 1270,3630 1313,3631 1356,3632"/>
                <TextEquiv>
                    <Unicode>dat denne. Men hvad som inte var sant</Unicode>
                </TextEquiv>
            </TextLine>
            <TextLine id="r1l33" custom="readingOrder {index:32;}">
                <Coords points="490,3686 1357,3683 1357,3650 1314,3637 490,3649"/>
                <Baseline points="495,3679 537,3680 580,3681 623,3682 666,3682 709,3683 752,3683 794,3683 837,3683 880,3682 923,3682 966,3682 1009,3681 1052,3680 1094,3680 1137,3680 1180,3679 1223,3679 1266,3679 1309,3679 1352,3679"/>
                <TextEquiv>
                    <Unicode>blir det. Han upptäcker, att man trott</Unicode>
                </TextEquiv>
            </TextLine>
            <TextLine id="r1l34" custom="readingOrder {index:33;}">
                <Coords points="487,3736 1353,3741 1353,3703 1321,3691 487,3686"/>
                <Baseline points="492,3729 534,3730 577,3730 620,3731 663,3731 706,3731 748,3731 791,3731 834,3731 877,3731 920,3731 962,3730 1005,3730 1048,3730 1091,3730 1134,3730 1176,3730 1219,3730 1262,3730 1305,3730 1348,3730"/>
                <TextEquiv>
                    <Unicode>honom — och när hertigen kommer, stö¬</Unicode>
                </TextEquiv>
            </TextLine>
            <TextLine id="r1l35" custom="readingOrder {index:34;}">
                <Coords points="491,3782 895,3798 947,3761 1079,3797 1304,3796 1343,3784 1343,3742 491,3747"/>
                <Baseline points="497,3776 539,3777 581,3778 623,3779 665,3779 707,3780 749,3780 791,3780 833,3779 875,3779 917,3779 959,3778 1001,3778 1043,3778 1085,3777 1127,3777 1169,3778 1211,3778 1253,3779 1295,3780 1338,3781"/>
                <TextEquiv>
                    <Unicode>ter han ned honom. Utanför larma seg¬</Unicode>
                </TextEquiv>
            </TextLine>
            <TextLine id="r1l36" custom="readingOrder {index:35;}">
                <Coords points="483,3828 1354,3837 1354,3790 1194,3786 1144,3816 1048,3785 793,3787 644,3813 579,3785 483,3813"/>
                <Baseline points="489,3827 534,3827 579,3828 624,3828 669,3828 715,3828 760,3828 805,3828 850,3827 895,3827 941,3827 986,3827 1031,3826 1076,3826 1121,3826 1167,3826 1212,3826 1257,3826 1302,3827 1348,3828"/>
                <TextEquiv>
                    <Unicode>rarne, som stormat bastiljen. De för¬</Unicode>
                </TextEquiv>
            </TextLine>
            <TextLine id="r1l37" custom="readingOrder {index:36;}">
                <Coords points="496,3870 701,3901 850,3874 947,3896 988,3867 1098,3898 1356,3873 1356,3846 1137,3831 496,3846"/>
                <Baseline points="502,3875 544,3875 586,3875 629,3876 671,3876 714,3876 756,3877 798,3877 841,3877 883,3878 926,3878 968,3878 1010,3878 1053,3878 1095,3878 1138,3877 1180,3877 1222,3876 1265,3876 1307,3875 1350,3874"/>
                <TextEquiv>
                    <Unicode>näma gästerna börja ana, hvad som</Unicode>
                </TextEquiv>
            </TextLine>
            <TextLine id="r1l38" custom="readingOrder {index:37;}">
                <Coords points="487,3931 918,3949 1180,3918 1209,3945 1333,3941 1348,3898 487,3879"/>
                <Baseline points="492,3922 534,3923 577,3924 619,3925 662,3925 704,3926 747,3926 789,3926 832,3927 874,3927 917,3927 959,3927 1002,3928 1044,3928 1087,3928 1129,3928 1172,3929 1214,3929 1257,3929 1299,3930 1342,3931"/>
                <TextEquiv>
                    <Unicode>försiggär, men undra ännu om ej möj¬</Unicode>
                </TextEquiv>
            </TextLine>
            <TextLine id="r1l39" custom="readingOrder {index:38;}">
                <Coords points="500,3985 1077,3974 1296,3998 1370,3978 1370,3943 1233,3928 500,3941"/>
                <Baseline points="505,3979 548,3979 591,3979 634,3979 677,3979 720,3979 763,3979 806,3979 849,3979 892,3979 935,3979 978,3979 1021,3979 1064,3979 1107,3979 1150,3979 1193,3979 1236,3979 1279,3979 1322,3980 1365,3980"/>
                <TextEquiv>
                    <Unicode>ligen folket utanför endast ocksä tillhör</Unicode>
                </TextEquiv>
            </TextLine>
            <TextEquiv>
                <Unicode>Fkökts Hiuba Bokesrkön
1" Släktingar“. Foto. Atelier Jeger.
tima har plänats ut, och revolutions¬
tiden har i stället fört med sig sä mycket
af det teatraliskt bullersamma.
Iden att ge en blandning af lek och
verklighet mot revolutionens bakgrund är
ypperlig.
En värdshusvärd, f. d. teaterdirektör
förstär att roa sina högadliga klienter med
att läta mer och mindre afsigkomna kome¬
dianter spela förbrytare och skurkar. Annu
sedan revolutionsklockan börjat klämta, är
det frivola Paris lika sensationslystet.
Det tilltalar dessa grefvar och markiser
att pä skämt bli okvädade och hotade.
De ana att det finns en smula verkligt
allvar i grunden, men det endast förhöjer
nervretningen. — Bland krogens skädespe¬
larkrafter är Henri den främste. Han har ny¬
ligen gift sig med en slinka, som bedrar
honom med alla och ännu efter bröllopsda¬
gen. Han älskar henne vansinnigt och äm¬
nar flytta till landet för att hon skall komma
ifrän Paris' fördärf. Annu en sista gäng vill
han läta sin konst beundras, och han
lofvar att öfverträffa sig själf. Han spe¬
lar sä väl sitt eget öde, att ocksä skäde¬
spelarne tro det är sant, hvad han berättar
om hur han öfverraskat hertigen af Ca¬
dignan hos sin hustru, och aft han mör¬
dat denne. Men hvad som inte var sant
blir det. Han upptäcker, att man trott
honom — och när hertigen kommer, stö¬
ter han ned honom. Utanför larma seg¬
rarne, som stormat bastiljen. De för¬
näma gästerna börja ana, hvad som
försiggär, men undra ännu om ej möj¬
ligen folket utanför endast ocksä tillhör</Unicode>
            </TextEquiv>
        </TextRegion>
        <TextRegion orientation="0.0" id="r2" custom="readingOrder {index:1;}">
            <Coords points="1361,325 1361,3995 2236,3995 2236,325"/>
            <TextLine id="r2l1" custom="readingOrder {index:0;}">
                <Coords points="1610,356 2000,371 2001,334 1960,312 1933,323 1906,311 1881,322 1835,301 1781,310 1723,285 1691,306 1649,305 1611,283"/>
                <Baseline points="1615,352 1640,351 1665,350 1691,349 1716,349 1741,350 1767,351 1792,351 1817,353 1843,354 1868,355 1893,355 1919,356 1944,356 1969,355 1995,354"/>
                <TextEquiv>
                    <Unicode>THALIA</Unicode>
                </TextEquiv>
            </TextLine>
            <TextLine id="r2l2" custom="readingOrder {index:1;}">
                <Coords points="1364,489 1995,514 2067,479 2194,506 2227,501 2227,436 2075,468 1533,428 1364,457"/>
                <Baseline points="1370,491 1412,493 1455,494 1497,495 1540,496 1583,497 1625,497 1668,497 1710,497 1753,497 1796,497 1838,496 1881,496 1923,496 1966,495 2009,495 2051,495 2094,496 2136,496 2179,497 2222,498"/>
                <TextEquiv>
                    <Unicode>värdshusvärden Prospères trupp. VHvad</Unicode>
                </TextEquiv>
            </TextLine>
            <TextLine id="r2l3" custom="readingOrder {index:2;}">
                <Coords points="1363,541 2231,548 2231,517 2153,500 1363,515"/>
                <Baseline points="1368,543 1410,543 1453,544 1496,544 1539,544 1582,544 1625,545 1668,545 1711,544 1754,544 1797,544 1839,544 1882,544 1925,544 1968,544 2011,544 2054,544 2097,544 2140,545 2183,545 2226,546"/>
                <TextEquiv>
                    <Unicode>ska’ vislä hvad om?“ säger diktaren Rollin.</Unicode>
                </TextEquiv>
            </TextLine>
            <TextLine id="r2l4" custom="readingOrder {index:3;}">
                <Coords points="2081,597 2098,603 2105,600 2123,611 2180,598 2197,604 2210,598 2227,600 2228,549 2177,568 2169,561 2131,561 2113,553 2081,562"/>
                <Baseline points="2086,591 2113,592 2140,593 2167,593 2194,594 2222,593"/>
                <TextEquiv>
                    <Unicode>Bravo</Unicode>
                </TextEquiv>
            </TextLine>
            <TextLine id="r2l5" custom="readingOrder {index:4;}">
                <Coords points="1370,607 1558,591 1604,610 1714,594 1852,610 1978,583 2062,601 2062,572 1933,550 1370,560"/>
                <Baseline points="1375,583 1409,587 1443,591 1477,593 1511,595 1545,597 1579,597 1613,598 1647,598 1681,597 1715,597 1749,596 1783,595 1817,594 1851,593 1885,592 1919,591 1953,591 1987,590 2021,591 2056,591"/>
                <TextEquiv>
                    <Unicode>(Allt är endast arrangeradt“ —</Unicode>
                </TextEquiv>
            </TextLine>
            <TextLine id="r2l6" custom="readingOrder {index:5;}">
                <Coords points="1364,646 1708,635 2031,664 2230,640 2218,611 2090,598 1364,603"/>
                <Baseline points="1370,635 1412,637 1455,639 1498,641 1541,642 1583,643 1626,644 1669,644 1712,644 1754,644 1797,644 1840,643 1883,643 1925,642 1968,642 2011,642 2054,642 2096,642 2139,642 2182,643 2225,644"/>
                <TextEquiv>
                    <Unicode>Prospère! — hvilken förträfflig belys¬</Unicode>
                </TextEquiv>
            </TextLine>
            <TextLine id="r2l7" custom="readingOrder {index:6;}">
                <Coords points="1363,705 2202,701 2228,661 1363,663"/>
                <Baseline points="1369,689 1411,691 1454,691 1497,692 1539,693 1582,693 1625,693 1667,693 1710,693 1753,693 1796,693 1838,693 1881,693 1924,692 1966,692 2009,692 2052,692 2094,692 2137,693 2180,693 2223,694"/>
                <TextEquiv>
                    <Unicode>ning framträda icke här dessa världshi¬</Unicode>
                </TextEquiv>
            </TextLine>
            <TextLine id="r2l8" custom="readingOrder {index:7;}">
                <Coords points="1368,747 1626,757 1786,728 1830,754 2132,758 2240,744 2240,710 1368,714"/>
                <Baseline points="1373,740 1416,740 1459,739 1502,739 1545,739 1588,739 1631,739 1674,739 1717,739 1760,740 1803,740 1846,740 1889,741 1932,741 1975,742 2018,742 2061,742 2104,743 2147,743 2190,743 2234,743"/>
                <TextEquiv>
                    <Unicode>storiska ögonblick. Sken och verklighet</Unicode>
                </TextEquiv>
            </TextLine>
            <TextLine id="r2l9" custom="readingOrder {index:8;}">
                <Coords points="1372,788 2232,796 2205,752 2075,746 1372,763"/>
                <Baseline points="1377,790 1419,790 1462,790 1504,789 1547,789 1589,789 1632,789 1674,789 1717,789 1759,790 1802,790 1844,790 1887,790 1929,791 1972,791 2014,791 2057,792 2099,792 2142,793 2184,793 2227,794"/>
                <TextEquiv>
                    <Unicode>som bli till ett — sanning och tillfällighet</Unicode>
                </TextEquiv>
            </TextLine>
            <TextLine id="r2l10" custom="readingOrder {index:9;}">
                <Coords points="1368,840 2003,860 2147,840 2147,812 2088,801 1369,812"/>
                <Baseline points="1374,837 1412,837 1450,837 1489,837 1527,837 1566,838 1604,838 1642,839 1681,839 1719,839 1758,840 1796,840 1834,841 1873,841 1911,841 1950,842 1988,842 2026,842 2065,842 2103,842 2142,841"/>
                <TextEquiv>
                    <Unicode>om hvartannat i en enda bränpunkt.</Unicode>
                </TextEquiv>
            </TextLine>
            <TextLine id="r2l11" custom="readingOrder {index:10;}">
                <Coords points="1409,880 1512,905 2221,894 2221,856 2038,842 1409,863"/>
                <Baseline points="1414,886 1454,887 1494,888 1534,888 1574,888 1614,888 1654,888 1694,888 1734,888 1774,888 1815,888 1855,887 1895,887 1935,887 1975,888 2015,888 2055,888 2095,889 2135,890 2175,891 2216,893"/>
                <TextEquiv>
                    <Unicode>Hvad den inledande komedien “Släkting¬</Unicode>
                </TextEquiv>
            </TextLine>
            <TextLine id="r2l12" custom="readingOrder {index:11;}">
                <Coords points="1355,929 1476,956 2218,943 2218,918 2135,896 1356,902"/>
                <Baseline points="1361,936 1403,936 1446,936 1488,936 1531,936 1574,936 1616,936 1659,936 1701,936 1744,936 1787,936 1829,937 1872,937 1914,938 1957,938 2000,939 2042,940 2085,941 2127,942 2170,943 2213,944"/>
                <TextEquiv>
                    <Unicode>ar“ (Comtesse Mizzi) beträffar kan jag hän¬</Unicode>
                </TextEquiv>
            </TextLine>
            <TextLine id="r2l13" custom="readingOrder {index:12;}">
                <Coords points="1362,983 2225,989 2225,960 2164,946 1363,956"/>
                <Baseline points="1368,987 1410,987 1453,987 1495,987 1538,987 1581,987 1623,987 1666,987 1708,987 1751,987 1794,987 1836,987 1879,987 1921,987 1964,987 2007,988 2049,988 2092,989 2134,989 2177,990 2220,991"/>
                <TextEquiv>
                    <Unicode>visa till doktor von Ehrenthals artikel i</Unicode>
                </TextEquiv>
            </TextLine>
            <TextLine id="r2l14" custom="readingOrder {index:13;}">
                <Coords points="1366,1043 2126,1060 2233,1050 2234,989 1482,1016 1414,994 1366,1015"/>
                <Baseline points="1372,1033 1414,1034 1457,1034 1500,1035 1543,1035 1586,1036 1628,1036 1671,1036 1714,1037 1757,1037 1800,1037 1842,1038 1885,1038 1928,1038 1971,1038 2014,1039 2056,1039 2099,1039 2142,1039 2185,1039 2228,1039"/>
                <TextEquiv>
                    <Unicode>detta nummer. Jag fruktar dock, att det</Unicode>
                </TextEquiv>
            </TextLine>
            <TextLine id="r2l15" custom="readingOrder {index:14;}">
                <Coords points="1358,1078 1488,1106 1634,1081 2042,1108 2227,1090 2221,1041 1358,1051"/>
                <Baseline points="1363,1084 1408,1084 1453,1085 1498,1085 1543,1085 1589,1085 1634,1086 1679,1086 1724,1086 1769,1086 1815,1086 1860,1086 1905,1086 1950,1086 1995,1086 2041,1086 2086,1086 2131,1086 2176,1086 2222,1087"/>
                <TextEquiv>
                    <Unicode>är mycket i detta lilla kvicka stycke som</Unicode>
                </TextEquiv>
            </TextLine>
            <TextLine id="r2l16" custom="readingOrder {index:15;}">
                <Coords points="1369,1147 2241,1134 2241,1108 2158,1091 1369,1104"/>
                <Baseline points="1375,1136 1418,1135 1461,1135 1504,1134 1547,1134 1590,1134 1633,1134 1676,1134 1719,1134 1762,1134 1805,1134 1848,1134 1891,1134 1934,1134 1977,1134 2020,1135 2063,1135 2106,1135 2149,1135 2192,1135 2236,1135"/>
                <TextEquiv>
                    <Unicode>ej kan uppskattas mer än i Wien. Det</Unicode>
                </TextEquiv>
            </TextLine>
            <TextLine id="r2l17" custom="readingOrder {index:16;}">
                <Coords points="1361,1193 2095,1203 2228,1185 2228,1142 1361,1148"/>
                <Baseline points="1367,1183 1409,1183 1452,1184 1495,1184 1538,1184 1581,1184 1623,1184 1666,1184 1709,1183 1752,1183 1795,1183 1837,1183 1880,1183 1923,1183 1966,1183 2009,1183 2051,1183 2094,1184 2137,1185 2180,1185 2223,1187"/>
                <TextEquiv>
                    <Unicode>fick här ett utförande, som i hvarje fall</Unicode>
                </TextEquiv>
            </TextLine>
            <TextLine id="r2l18" custom="readingOrder {index:17;}">
                <Coords points="1371,1242 2233,1234 2233,1211 2173,1195 1371,1196"/>
                <Baseline points="1377,1234 1419,1235 1462,1235 1504,1235 1547,1235 1589,1235 1632,1234 1674,1234 1717,1234 1759,1233 1802,1233 1844,1232 1887,1232 1929,1232 1972,1232 2014,1232 2057,1233 2099,1233 2142,1234 2184,1235 2227,1237"/>
                <TextEquiv>
                    <Unicode>ej stod mycket efter det pä “Deutsches</Unicode>
                </TextEquiv>
            </TextLine>
            <TextLine id="r2l19" custom="readingOrder {index:18;}">
                <Coords points="1366,1284 1467,1311 1652,1268 1720,1294 2001,1300 2228,1277 2137,1239 1366,1247"/>
                <Baseline points="1371,1281 1413,1280 1456,1280 1498,1279 1541,1279 1583,1279 1626,1279 1668,1279 1711,1280 1753,1280 1796,1281 1839,1281 1881,1282 1924,1282 1966,1283 2009,1283 2051,1284 2094,1285 2136,1285 2179,1285 2222,1286"/>
                <TextEquiv>
                    <Unicode>Volkstheater“ Hrr Fredrikson, Hill¬</Unicode>
                </TextEquiv>
            </TextLine>
            <TextLine id="r2l20" custom="readingOrder {index:19;}">
                <Coords points="1372,1332 1589,1354 2236,1340 2202,1298 2157,1317 2094,1286 1372,1298"/>
                <Baseline points="1377,1330 1419,1331 1462,1331 1504,1331 1547,1332 1590,1332 1632,1332 1675,1332 1718,1332 1760,1332 1803,1332 1846,1332 1888,1332 1931,1332 1974,1332 2016,1333 2059,1333 2102,1334 2144,1335 2187,1336 2230,1337"/>
                <TextEquiv>
                    <Unicode>berg och fröken Borgström bilda en</Unicode>
                </TextEquiv>
            </TextLine>
            <TextLine id="r2l21" custom="readingOrder {index:20;}">
                <Coords points="1364,1381 2227,1398 2227,1362 2143,1339 1364,1359"/>
                <Baseline points="1370,1380 1412,1380 1455,1380 1497,1380 1540,1380 1583,1379 1625,1379 1668,1380 1710,1380 1753,1380 1796,1380 1838,1380 1881,1381 1923,1381 1966,1382 2009,1382 2051,1383 2094,1384 2136,1385 2179,1386 2222,1387"/>
                <TextEquiv>
                    <Unicode>ensemble, som man gärna skulle se oftare.</Unicode>
                </TextEquiv>
            </TextLine>
            <TextLine id="r2l22" custom="readingOrder {index:21;}">
                <Coords points="1366,1441 2233,1446 2233,1411 2037,1386 1799,1410 1366,1393"/>
                <Baseline points="1371,1430 1413,1430 1456,1430 1499,1430 1542,1430 1585,1430 1628,1430 1670,1430 1713,1431 1756,1431 1799,1431 1842,1431 1885,1431 1928,1431 1970,1431 2013,1431 2056,1431 2099,1432 2142,1432 2185,1432 2228,1432"/>
                <TextEquiv>
                    <Unicode>Unge hr Hillberg gjorde ocksä sonens</Unicode>
                </TextEquiv>
            </TextLine>
            <TextLine id="r2l23" custom="readingOrder {index:22;}">
                <Coords points="1363,1477 1427,1501 2232,1479 2232,1449 2185,1440 1363,1444"/>
                <Baseline points="1368,1478 1410,1479 1453,1479 1496,1480 1539,1480 1582,1481 1625,1481 1668,1482 1711,1482 1754,1482 1797,1483 1839,1483 1882,1483 1925,1483 1968,1483 2011,1483 2054,1483 2097,1483 2140,1483 2183,1482 2226,1482"/>
                <TextEquiv>
                    <Unicode>tacksamma roll förträffligt, fru Deurel!</Unicode>
                </TextEquiv>
            </TextLine>
            <TextLine id="r2l24" custom="readingOrder {index:23;}">
                <Coords points="1369,1551 1459,1528 2081,1546 2239,1537 2240,1504 1369,1491"/>
                <Baseline points="1374,1527 1417,1528 1460,1529 1503,1529 1546,1530 1589,1530 1632,1530 1675,1530 1718,1530 1761,1530 1804,1530 1847,1530 1890,1530 1933,1530 1976,1531 2019,1531 2062,1531 2105,1532 2148,1532 2191,1533 2234,1534"/>
                <TextEquiv>
                    <Unicode>äter kunde kanske som Lolo haft litet</Unicode>
                </TextEquiv>
            </TextLine>
            <TextLine id="r2l25" custom="readingOrder {index:24;}">
                <Coords points="1368,1578 1533,1600 1753,1574 1919,1597 1973,1575 2225,1582 2225,1547 2163,1536 1368,1550"/>
                <Baseline points="1373,1579 1415,1579 1457,1578 1499,1578 1542,1578 1584,1578 1626,1578 1669,1578 1711,1578 1753,1578 1796,1578 1838,1579 1880,1579 1922,1579 1965,1579 2007,1579 2049,1579 2092,1579 2134,1579 2176,1578 2219,1578"/>
                <TextEquiv>
                    <Unicode>mera Donaufläkt öfver sig. Min andra</Unicode>
                </TextEquiv>
            </TextLine>
            <TextLine id="r2l26" custom="readingOrder {index:25;}">
                <Coords points="1355,1627 2234,1629 2234,1599 2157,1586 1356,1597"/>
                <Baseline points="1361,1627 1404,1626 1447,1626 1491,1626 1534,1625 1577,1626 1621,1626 1664,1626 1707,1627 1751,1627 1794,1628 1837,1628 1881,1628 1924,1629 1967,1629 2011,1629 2054,1629 2097,1629 2141,1629 2184,1629 2228,1628"/>
                <TextEquiv>
                    <Unicode>egentliga anmärkning träffar kusken. Det</Unicode>
                </TextEquiv>
            </TextLine>
            <TextLine id="r2l27" custom="readingOrder {index:26;}">
                <Coords points="1363,1677 2106,1692 2223,1685 2223,1638 1363,1650"/>
                <Baseline points="1368,1677 1410,1677 1453,1678 1495,1678 1538,1678 1580,1678 1623,1678 1665,1679 1708,1679 1750,1679 1793,1679 1835,1679 1878,1679 1920,1679 1963,1679 2005,1679 2048,1679 2090,1678 2133,1678 2175,1678 2218,1678"/>
                <TextEquiv>
                    <Unicode>skall ju vara en riktigt stilig Wienkusk</Unicode>
                </TextEquiv>
            </TextLine>
            <TextLine id="r2l28" custom="readingOrder {index:27;}">
                <Coords points="1368,1731 2158,1742 2235,1731 2235,1686 1368,1695"/>
                <Baseline points="1374,1726 1416,1728 1459,1728 1502,1729 1545,1729 1588,1729 1630,1729 1673,1728 1716,1728 1759,1727 1802,1727 1844,1726 1887,1726 1930,1726 1973,1725 2016,1725 2058,1726 2101,1726 2144,1727 2187,1728 2230,1729"/>
                <TextEquiv>
                    <Unicode>med ljus, kort somwaröfverrock och liten</Unicode>
                </TextEquiv>
            </TextLine>
            <TextLine id="r2l29" custom="readingOrder {index:28;}">
                <Coords points="1365,1781 1711,1790 1744,1769 1772,1792 2056,1779 2102,1799 2226,1774 2191,1732 1365,1741"/>
                <Baseline points="1370,1775 1412,1776 1455,1776 1497,1776 1540,1777 1582,1777 1625,1777 1667,1777 1710,1777 1752,1776 1795,1776 1837,1776 1880,1776 1922,1776 1965,1776 2007,1777 2050,1777 2092,1777 2135,1777 2177,1778 2220,1779"/>
                <TextEquiv>
                    <Unicode>kubb. Man kan naturligtvis omöjligt fä</Unicode>
                </TextEquiv>
            </TextLine>
            <TextLine id="r2l30" custom="readingOrder {index:29;}">
                <Coords points="1360,1825 2179,1840 2227,1831 2228,1797 1533,1780 1465,1802 1360,1778"/>
                <Baseline points="1366,1823 1408,1824 1451,1825 1494,1825 1537,1826 1580,1826 1622,1826 1665,1827 1708,1827 1751,1827 1794,1827 1836,1827 1879,1826 1922,1826 1965,1826 2008,1826 2050,1826 2093,1826 2136,1826 2179,1826 2222,1827"/>
                <TextEquiv>
                    <Unicode>lika roligt ät honom här som man hade</Unicode>
                </TextEquiv>
            </TextLine>
            <TextLine id="r2l31" custom="readingOrder {index:30;}">
                <Coords points="1372,1883 2019,1898 2212,1874 2212,1844 1372,1845"/>
                <Baseline points="1377,1873 1418,1873 1459,1873 1501,1873 1542,1873 1584,1873 1625,1874 1667,1874 1708,1875 1750,1875 1791,1876 1832,1876 1874,1877 1915,1877 1957,1877 1998,1877 2040,1877 2081,1877 2123,1877 2164,1876 2206,1875"/>
                <TextEquiv>
                    <Unicode>i Wien — men jag kan ändä inte för¬</Unicode>
                </TextEquiv>
            </TextLine>
            <TextLine id="r2l32" custom="readingOrder {index:31;}">
                <Coords points="1372,1932 2191,1936 2212,1891 1372,1894"/>
                <Baseline points="1378,1922 1419,1923 1460,1924 1502,1924 1543,1925 1585,1925 1626,1926 1667,1926 1709,1926 1750,1926 1792,1926 1833,1926 1874,1926 1916,1926 1957,1925 1999,1925 2040,1924 2081,1924 2123,1923 2164,1922 2206,1921"/>
                <TextEquiv>
                    <Unicode>stä hvarför hr Linden, som är sä förtro¬</Unicode>
                </TextEquiv>
            </TextLine>
            <TextLine id="r2l33" custom="readingOrder {index:32;}">
                <Coords points="1364,1985 2227,1989 2227,1947 2185,1931 1364,1950"/>
                <Baseline points="1369,1974 1411,1974 1454,1974 1496,1974 1539,1974 1582,1974 1624,1975 1667,1975 1709,1975 1752,1975 1795,1975 1837,1976 1880,1976 1922,1976 1965,1976 2008,1976 2050,1976 2093,1975 2135,1975 2178,1975 2221,1974"/>
                <TextEquiv>
                    <Unicode>gen med Wienförhällanden, ej velat läta</Unicode>
                </TextEquiv>
            </TextLine>
            <TextLine id="r2l34" custom="readingOrder {index:33;}">
                <Coords points="1372,2036 2218,2028 2218,1994 2150,1979 1372,1988"/>
                <Baseline points="1378,2024 1419,2024 1461,2024 1503,2023 1544,2023 1586,2023 1628,2023 1669,2023 1711,2023 1753,2023 1795,2023 1836,2023 1878,2023 1920,2023 1961,2023 2003,2023 2045,2024 2086,2024 2128,2024 2170,2025 2212,2025"/>
                <TextEquiv>
                    <Unicode>honom verka äkta — och ätminstone till¬</Unicode>
                </TextEquiv>
            </TextLine>
            <TextLine id="r2l35" custom="readingOrder {index:34;}">
                <Coords points="1370,2073 1480,2078 1504,2091 1528,2077 1562,2092 1601,2076 1649,2088 1691,2079 1692,2051 1620,2033 1587,2046 1568,2032 1544,2039 1481,2029 1370,2041"/>
                <Baseline points="1375,2070 1400,2069 1426,2069 1452,2069 1478,2069 1504,2068 1530,2069 1556,2069 1582,2069 1608,2070 1634,2071 1660,2072 1686,2073"/>
                <TextEquiv>
                    <Unicode>räckligt tjusig.</Unicode>
                </TextEquiv>
            </TextLine>
            <TextLine id="r2l36" custom="readingOrder {index:35;}">
                <Coords points="1475,2116 1554,2140 1966,2116 2229,2133 2220,2087 1965,2066 1791,2093 1475,2091"/>
                <Baseline points="1480,2118 1517,2120 1554,2120 1591,2121 1628,2122 1666,2122 1703,2122 1740,2123 1777,2123 1814,2123 1852,2122 1889,2122 1926,2122 1963,2122 2000,2122 2038,2122 2075,2122 2112,2122 2149,2122 2186,2123 2224,2123"/>
                <TextEquiv>
                    <Unicode>eDamen med dolken“ tolkades de</Unicode>
                </TextEquiv>
            </TextLine>
            <TextLine id="r2l37" custom="readingOrder {index:36;}">
                <Coords points="1366,2183 2226,2173 2226,2133 1366,2123"/>
                <Baseline points="1371,2170 1413,2171 1456,2172 1498,2173 1541,2173 1583,2173 1626,2173 1668,2172 1711,2172 1753,2171 1796,2171 1838,2170 1881,2170 1923,2169 1966,2169 2008,2169 2051,2169 2093,2170 2136,2171 2178,2172 2221,2174"/>
                <TextEquiv>
                    <Unicode>bäda Ihufvudrollerna känsligt och fint</Unicode>
                </TextEquiv>
            </TextLine>
            <TextLine id="r2l38" custom="readingOrder {index:37;}">
                <Coords points="1364,2234 2122,2219 2084,2182 1947,2173 1723,2194 1416,2174 1364,2196"/>
                <Baseline points="1370,2216 1407,2216 1444,2216 1481,2216 1519,2216 1556,2216 1593,2216 1631,2217 1668,2217 1705,2217 1743,2217 1780,2217 1817,2217 1854,2217 1892,2218 1929,2218 1966,2218 2004,2218 2041,2218 2078,2218 2116,2218"/>
                <TextEquiv>
                    <Unicode>af fru Sandell och hr de Wahl.</Unicode>
                </TextEquiv>
            </TextLine>
            <TextLine id="r2l39" custom="readingOrder {index:38;}">
                <Coords points="1432,2262 1703,2271 1738,2293 2027,2261 2227,2270 2227,2233 2168,2225 1432,2240"/>
                <Baseline points="1438,2262 1477,2264 1516,2265 1555,2266 1594,2267 1634,2268 1673,2268 1712,2269 1751,2269 1790,2269 1830,2269 1869,2269 1908,2269 1947,2268 1986,2268 2026,2268 2065,2268 2104,2267 2143,2267 2182,2267 2222,2267"/>
                <TextEquiv>
                    <Unicode>7Pà Gröna papegojan“ är ett svärt</Unicode>
                </TextEquiv>
            </TextLine>
            <TextLine id="r2l40" custom="readingOrder {index:39;}">
                <Coords points="1364,2311 1432,2338 2219,2324 2219,2286 2152,2272 2061,2292 1781,2274 1738,2306 1698,2272 1571,2287 1527,2266 1364,2293"/>
                <Baseline points="1369,2321 1411,2319 1453,2317 1495,2317 1537,2316 1580,2315 1622,2315 1664,2315 1706,2315 1748,2316 1791,2316 1833,2317 1875,2317 1917,2318 1959,2318 2002,2318 2044,2319 2086,2319 2128,2319 2170,2319 2213,2318"/>
                <TextEquiv>
                    <Unicode>siycke att öfva in, Hr Linden har mycken</Unicode>
                </TextEquiv>
            </TextLine>
            <TextLine id="r2l41" custom="readingOrder {index:40;}">
                <Coords points="1383,3886 1394,3884 1414,3901 1441,3893 1445,3896 1462,3891 1493,3893 1493,3849 1483,3846 1479,3849 1465,3838 1450,3849 1424,3850 1410,3837 1391,3851 1383,3849"/>
                <Baseline points="1389,3880 1421,3877 1454,3879 1487,3878"/>
                <TextEquiv>
                    <Unicode></Unicode>
                </TextEquiv>
            </TextLine>
            <TextLine id="r2l42" custom="readingOrder {index:41;}">
                <Coords points="1388,3935 2192,3951 2181,3898 1388,3910"/>
                <Baseline points="1394,3935 1433,3935 1473,3934 1512,3934 1552,3934 1592,3934 1631,3935 1671,3935 1711,3935 1750,3935 1790,3935 1830,3935 1869,3935 1909,3935 1949,3935 1988,3935 2028,3934 2068,3934 2107,3933 2147,3932 2187,3931"/>
                <TextEquiv>
                    <Unicode>Ha R#sco i „Pà Grona papegojand.</Unicode>
                </TextEquiv>
            </TextLine>
            <TextLine id="r2l43" custom="readingOrder {index:42;}">
                <Coords points="1912,3999 1995,3996 2010,4007 2059,4011 2099,4002 2116,4010 2162,3995 2169,4002 2187,3988 2219,3994 2219,3959 2203,3954 2165,3962 2123,3944 2106,3955 2078,3946 2054,3958 2030,3954 2010,3968 1976,3947 1959,3957 1913,3952"/>
                <Baseline points="1918,3980 1944,3981 1971,3981 1998,3982 2025,3982 2052,3983 2078,3983 2105,3984 2132,3984 2159,3984 2186,3984 2213,3984"/>
                <TextEquiv>
                    <Unicode>Foto. Atelier Jrger.</Unicode>
                </TextEquiv>
            </TextLine>
            <TextEquiv>
                <Unicode>THALIA
värdshusvärden Prospères trupp. VHvad
ska’ vislä hvad om?“ säger diktaren Rollin.
Bravo
(Allt är endast arrangeradt“ —
Prospère! — hvilken förträfflig belys¬
ning framträda icke här dessa världshi¬
storiska ögonblick. Sken och verklighet
som bli till ett — sanning och tillfällighet
om hvartannat i en enda bränpunkt.
Hvad den inledande komedien “Släkting¬
ar“ (Comtesse Mizzi) beträffar kan jag hän¬
visa till doktor von Ehrenthals artikel i
detta nummer. Jag fruktar dock, att det
är mycket i detta lilla kvicka stycke som
ej kan uppskattas mer än i Wien. Det
fick här ett utförande, som i hvarje fall
ej stod mycket efter det pä “Deutsches
Volkstheater“ Hrr Fredrikson, Hill¬
berg och fröken Borgström bilda en
ensemble, som man gärna skulle se oftare.
Unge hr Hillberg gjorde ocksä sonens
tacksamma roll förträffligt, fru Deurel!
äter kunde kanske som Lolo haft litet
mera Donaufläkt öfver sig. Min andra
egentliga anmärkning träffar kusken. Det
skall ju vara en riktigt stilig Wienkusk
med ljus, kort somwaröfverrock och liten
kubb. Man kan naturligtvis omöjligt fä
lika roligt ät honom här som man hade
i Wien — men jag kan ändä inte för¬
stä hvarför hr Linden, som är sä förtro¬
gen med Wienförhällanden, ej velat läta
honom verka äkta — och ätminstone till¬
räckligt tjusig.
eDamen med dolken“ tolkades de
bäda Ihufvudrollerna känsligt och fint
af fru Sandell och hr de Wahl.
7Pà Gröna papegojan“ är ett svärt
siycke att öfva in, Hr Linden har mycken

Ha R#sco i „Pà Grona papegojand.
Foto. Atelier Jrger.</Unicode>
            </TextEquiv>
        </TextRegion>
        <TextRegion orientation="0.0" id="r3" custom="readingOrder {index:2;}">
            <Coords points="2242,2011 2242,3953 3106,3953 3106,2011"/>
            <TextLine id="r3l1" custom="readingOrder {index:0;}">
                <Coords points="2245,2029 3096,2044 3096,2018 2964,1988 2780,2010 2568,1993 2540,2016 2245,2002"/>
                <Baseline points="2251,2033 2293,2034 2335,2035 2377,2036 2419,2036 2461,2037 2503,2037 2545,2036 2587,2036 2629,2036 2671,2035 2713,2035 2755,2034 2797,2034 2839,2033 2881,2033 2923,2032 2965,2032 3007,2032 3049,2032 3091,2032"/>
                <TextEquiv>
                    <Unicode>Fau SaNpaul. i „Damen med dolkend.</Unicode>
                </TextEquiv>
            </TextLine>
            <TextLine id="r3l2" custom="readingOrder {index:1;}">
                <Coords points="2785,2078 2826,2097 2926,2083 2982,2086 3023,2102 3101,2076 3102,2052 3081,2061 3003,2049 2983,2061 2961,2047 2927,2045 2887,2062 2843,2045 2827,2052 2786,2043"/>
                <Baseline points="2790,2078 2815,2079 2841,2079 2866,2080 2892,2081 2917,2081 2943,2082 2968,2083 2994,2083 3019,2084 3045,2084 3070,2084 3096,2084"/>
                <TextEquiv>
                    <Unicode>Foto. Atelier Jmger</Unicode>
                </TextEquiv>
            </TextLine>
            <TextLine id="r3l3" custom="readingOrder {index:2;}">
                <Coords points="2243,2162 3072,2183 3109,2169 3110,2135 2813,2109 2674,2136 2243,2124"/>
                <Baseline points="2249,2163 2291,2163 2334,2163 2377,2163 2420,2163 2462,2163 2505,2164 2548,2164 2591,2164 2633,2164 2676,2163 2719,2163 2762,2163 2804,2163 2847,2163 2890,2163 2933,2163 2975,2163 3018,2163 3061,2164 3104,2164"/>
                <TextEquiv>
                    <Unicode>heder af det arbete han mäste nedlagt</Unicode>
                </TextEquiv>
            </TextLine>
            <TextLine id="r3l4" custom="readingOrder {index:3;}">
                <Coords points="2248,2225 2323,2205 2367,2226 3106,2222 3106,2182 3036,2170 2248,2177"/>
                <Baseline points="2254,2213 2296,2212 2338,2211 2380,2211 2423,2211 2465,2210 2507,2210 2550,2210 2592,2210 2634,2210 2677,2210 2719,2210 2761,2210 2803,2210 2846,2211 2888,2211 2930,2211 2973,2212 3015,2212 3057,2212 3100,2213"/>
                <TextEquiv>
                    <Unicode>pä det, men ändä kunde en del detaljer</Unicode>
                </TextEquiv>
            </TextLine>
            <TextLine id="r3l5" custom="readingOrder {index:4;}">
                <Coords points="2246,2260 2948,2275 3075,2268 3102,2226 2284,2219 2246,2239"/>
                <Baseline points="2252,2259 2294,2259 2336,2259 2378,2259 2420,2260 2463,2260 2505,2260 2547,2260 2589,2260 2631,2260 2674,2260 2716,2260 2758,2261 2800,2261 2842,2261 2885,2262 2927,2262 2969,2263 3011,2264 3053,2264 3096,2265"/>
                <TextEquiv>
                    <Unicode>ha kommit bättre till sin rätt. Det var</Unicode>
                </TextEquiv>
            </TextLine>
            <TextLine id="r3l6" custom="readingOrder {index:5;}">
                <Coords points="2244,2311 3097,2329 3097,2275 3015,2264 2958,2290 2920,2269 2244,2269"/>
                <Baseline points="2250,2307 2292,2308 2334,2308 2376,2308 2418,2309 2460,2309 2502,2309 2544,2309 2586,2309 2628,2309 2671,2309 2713,2309 2755,2309 2797,2309 2839,2309 2881,2309 2923,2309 2965,2309 3007,2309 3049,2310 3092,2310"/>
                <TextEquiv>
                    <Unicode>kanske främst hr Hedqvists fel. Hans</Unicode>
                </TextEquiv>
            </TextLine>
            <TextLine id="r3l7" custom="readingOrder {index:6;}">
                <Coords points="2247,2357 3109,2368 3109,2330 2956,2310 2837,2332 2247,2323"/>
                <Baseline points="2253,2356 2295,2356 2338,2357 2380,2357 2423,2358 2465,2358 2508,2358 2550,2359 2593,2359 2635,2359 2678,2359 2720,2359 2763,2359 2805,2359 2848,2359 2890,2359 2933,2359 2975,2359 3018,2359 3060,2359 3103,2360"/>
                <TextEquiv>
                    <Unicode>framställning af Henri var visserligen</Unicode>
                </TextEquiv>
            </TextLine>
            <TextLine id="r3l8" custom="readingOrder {index:7;}">
                <Coords points="2255,2412 3107,2418 3107,2379 2936,2363 2255,2378"/>
                <Baseline points="2260,2409 2302,2409 2344,2408 2386,2408 2428,2407 2470,2407 2512,2407 2554,2407 2596,2407 2638,2407 2681,2407 2723,2408 2765,2408 2807,2408 2849,2409 2891,2410 2933,2410 2975,2411 3017,2412 3059,2413 3102,2414"/>
                <TextEquiv>
                    <Unicode>ganska gripande, men han använde sig</Unicode>
                </TextEquiv>
            </TextLine>
            <TextLine id="r3l9" custom="readingOrder {index:8;}">
                <Coords points="2239,2447 2369,2471 3112,2462 3105,2416 2239,2419"/>
                <Baseline points="2244,2455 2287,2455 2330,2455 2373,2455 2416,2455 2459,2456 2502,2456 2545,2456 2588,2456 2631,2457 2675,2457 2718,2458 2761,2458 2804,2458 2847,2458 2890,2458 2933,2458 2976,2458 3019,2458 3062,2457 3106,2457"/>
                <TextEquiv>
                    <Unicode>af för starka medel. Som kontrast mot</Unicode>
                </TextEquiv>
            </TextLine>
            <TextLine id="r3l10" custom="readingOrder {index:9;}">
                <Coords points="2239,2502 3102,2518 3079,2465 2727,2487 2690,2465 2239,2466"/>
                <Baseline points="2244,2504 2286,2504 2329,2503 2371,2503 2414,2503 2457,2504 2499,2504 2542,2505 2584,2506 2627,2506 2670,2507 2712,2508 2755,2508 2797,2509 2840,2510 2883,2510 2925,2510 2968,2511 3010,2511 3053,2510 3096,2510"/>
                <TextEquiv>
                    <Unicode>revolutionslarmet hade en mera dämpad</Unicode>
                </TextEquiv>
            </TextLine>
            <TextLine id="r3l11" custom="readingOrder {index:10;}">
                <Coords points="2257,2568 2768,2572 2859,2555 2859,2531 2743,2517 2473,2528 2440,2512 2372,2529 2257,2512"/>
                <Baseline points="2262,2552 2291,2552 2321,2552 2350,2552 2380,2551 2410,2551 2439,2551 2469,2551 2498,2552 2528,2552 2558,2552 2587,2552 2617,2552 2646,2552 2676,2553 2706,2553 2735,2553 2765,2553 2794,2553 2824,2554 2854,2554"/>
                <TextEquiv>
                    <Unicode>lidelsefullhet verkat starkare.</Unicode>
                </TextEquiv>
            </TextLine>
            <TextLine id="r3l12" custom="readingOrder {index:11;}">
                <Coords points="2294,2604 2408,2627 2503,2604 2683,2625 2739,2603 2778,2626 3106,2605 3062,2561 2294,2575"/>
                <Baseline points="2300,2601 2340,2602 2380,2602 2420,2603 2460,2604 2500,2604 2540,2605 2580,2605 2620,2605 2660,2606 2700,2606 2740,2606 2780,2606 2820,2606 2860,2606 2900,2606 2940,2606 2980,2605 3020,2605 3060,2605 3100,2604"/>
                <TextEquiv>
                    <Unicode>Mänga af Schnitzlers egenskaper kunde</Unicode>
                </TextEquiv>
            </TextLine>
            <TextLine id="r3l13" custom="readingOrder {index:12;}">
                <Coords points="2250,2665 3089,2670 3089,2621 3050,2616 2250,2625"/>
                <Baseline points="2256,2651 2297,2652 2338,2652 2380,2652 2421,2653 2463,2653 2504,2653 2545,2654 2587,2654 2628,2654 2670,2655 2711,2655 2752,2655 2794,2655 2835,2655 2877,2655 2918,2655 2959,2655 3001,2655 3042,2654 3084,2654"/>
                <TextEquiv>
                    <Unicode>man denna afton lära känna, hans kvick¬</Unicode>
                </TextEquiv>
            </TextLine>
            <TextLine id="r3l14" custom="readingOrder {index:13;}">
                <Coords points="2236,2714 3097,2717 3097,2679 3053,2663 2237,2680"/>
                <Baseline points="2242,2701 2284,2701 2327,2701 2369,2702 2412,2702 2454,2702 2497,2703 2539,2703 2582,2703 2624,2704 2667,2704 2709,2704 2752,2705 2794,2705 2837,2705 2879,2705 2922,2705 2964,2705 3007,2704 3049,2704 3092,2703"/>
                <TextEquiv>
                    <Unicode>het, hans formkänsla; minst röjdes kanske</Unicode>
                </TextEquiv>
            </TextLine>
            <TextLine id="r3l15" custom="readingOrder {index:14;}">
                <Coords points="2246,2754 2868,2754 2932,2776 3106,2755 3068,2714 2953,2704 2884,2729 2246,2711"/>
                <Baseline points="2252,2753 2294,2752 2336,2751 2379,2750 2421,2750 2464,2750 2506,2750 2548,2750 2591,2751 2633,2751 2676,2752 2718,2752 2760,2752 2803,2753 2845,2753 2888,2754 2930,2754 2972,2754 3015,2754 3057,2754 3100,2754"/>
                <TextEquiv>
                    <Unicode>den subtile stämningsdiktaren. Schnitzler</Unicode>
                </TextEquiv>
            </TextLine>
            <TextLine id="r3l16" custom="readingOrder {index:15;}">
                <Coords points="2247,2807 3024,2821 3097,2813 3098,2774 2247,2768"/>
                <Baseline points="2252,2800 2294,2800 2336,2800 2378,2801 2420,2801 2462,2801 2504,2801 2546,2801 2588,2801 2630,2801 2672,2801 2714,2801 2756,2801 2798,2802 2840,2802 2882,2803 2924,2803 2966,2804 3008,2805 3050,2806 3092,2807"/>
                <TextEquiv>
                    <Unicode>hör dock ocksä till dem som anat san¬</Unicode>
                </TextEquiv>
            </TextLine>
            <TextLine id="r3l17" custom="readingOrder {index:16;}">
                <Coords points="2249,2846 2365,2872 2438,2850 3097,2867 3094,2811 2249,2824"/>
                <Baseline points="2254,2848 2295,2848 2337,2849 2379,2850 2421,2850 2463,2851 2505,2851 2547,2852 2589,2853 2631,2853 2673,2853 2714,2853 2756,2854 2798,2854 2840,2854 2882,2853 2924,2853 2966,2853 3008,2852 3050,2851 3092,2851"/>
                <TextEquiv>
                    <Unicode>ningen i Goethes gyliene ord, att konst</Unicode>
                </TextEquiv>
            </TextLine>
            <TextLine id="r3l18" custom="readingOrder {index:17;}">
                <Coords points="2241,2915 3054,2917 3111,2902 3111,2865 2241,2871"/>
                <Baseline points="2246,2895 2289,2896 2332,2897 2375,2898 2418,2899 2461,2899 2504,2900 2547,2900 2590,2900 2633,2901 2676,2901 2719,2901 2762,2901 2805,2901 2848,2901 2891,2901 2934,2901 2977,2902 3020,2902 3063,2902 3106,2903"/>
                <TextEquiv>
                    <Unicode>främst af allt är ven förmedlare af det</Unicode>
                </TextEquiv>
            </TextLine>
            <TextLine id="r3l19" custom="readingOrder {index:18;}">
                <Coords points="2260,2962 2339,2957 2380,2975 2418,2954 2439,2965 2474,2953 2512,2970 2523,2967 2524,2927 2508,2928 2482,2910 2458,2922 2395,2909 2377,2920 2310,2912 2261,2921"/>
                <Baseline points="2266,2945 2291,2947 2316,2949 2341,2949 2366,2950 2392,2950 2417,2949 2442,2949 2467,2949 2492,2950 2518,2952"/>
                <TextEquiv>
                    <Unicode>outsägbara“.</Unicode>
                </TextEquiv>
            </TextLine>
            <TextLine id="r3l20" custom="readingOrder {index:19;}">
                <Coords points="2704,2953 2792,2957 2810,2972 2888,2954 2959,2975 3001,2958 3063,2956 3082,2968 3095,2962 3096,2936 3049,2915 3030,2927 2966,2924 2923,2906 2882,2923 2751,2907 2705,2923"/>
                <Baseline points="2710,2946 2735,2947 2760,2947 2786,2948 2811,2949 2836,2950 2862,2950 2887,2951 2912,2951 2938,2952 2963,2952 2988,2953 3014,2953 3039,2954 3064,2954 3090,2955"/>
                <TextEquiv>
                    <Unicode>Gusrar CoLLIaN.</Unicode>
                </TextEquiv>
            </TextLine>
            <TextLine id="r3l21" custom="readingOrder {index:20;}">
                <Coords points="2407,3077 2508,3096 2537,3082 2898,3090 2944,3076 2945,3022 2763,3054 2677,3040 2548,3051 2447,3028 2407,3040"/>
                <Baseline points="2412,3073 2438,3074 2464,3075 2491,3075 2517,3076 2543,3076 2570,3077 2596,3077 2622,3077 2649,3078 2675,3078 2701,3078 2728,3079 2754,3079 2780,3079 2807,3079 2833,3080 2859,3080 2886,3080 2912,3081 2939,3082"/>
                <TextEquiv>
                    <Unicode>Ur pressens omdömen.</Unicode>
                </TextEquiv>
            </TextLine>
            <TextLine id="r3l22" custom="readingOrder {index:21;}">
                <Coords points="2288,3140 3091,3154 3091,3093 2674,3092 2636,3113 2574,3093 2535,3119 2289,3093"/>
                <Baseline points="2294,3126 2333,3128 2373,3129 2412,3131 2452,3132 2492,3133 2531,3133 2571,3133 2610,3134 2650,3134 2690,3134 2729,3134 2769,3133 2808,3133 2848,3133 2888,3133 2927,3132 2967,3132 3006,3132 3046,3132 3086,3132"/>
                <TextEquiv>
                    <Unicode>Svenska Dagbladet (A. B—s):</Unicode>
                </TextEquiv>
            </TextLine>
            <TextLine id="r3l23" custom="readingOrder {index:22;}">
                <Coords points="2243,3193 2638,3175 2674,3201 3096,3196 3096,3156 2964,3142 2243,3152"/>
                <Baseline points="2248,3177 2290,3178 2332,3179 2374,3180 2416,3180 2458,3181 2500,3181 2542,3181 2584,3181 2626,3181 2669,3181 2711,3181 2753,3181 2795,3181 2837,3181 2879,3181 2921,3182 2963,3182 3005,3182 3047,3182 3090,3183"/>
                <TextEquiv>
                    <Unicode>Altonen lick trots ’plockprogrammet' en</Unicode>
                </TextEquiv>
            </TextLine>
            <TextLine id="r3l24" custom="readingOrder {index:23;}">
                <Coords points="2240,3246 3041,3247 3105,3225 3105,3187 2240,3203"/>
                <Baseline points="2246,3231 2288,3230 2331,3230 2374,3230 2416,3230 2459,3229 2502,3230 2544,3230 2587,3230 2630,3230 2673,3230 2715,3230 2758,3231 2801,3231 2843,3231 2886,3232 2929,3232 2971,3232 3014,3232 3057,3232 3100,3232"/>
                <TextEquiv>
                    <Unicode>prägel af enhetlighet som i första rummet</Unicode>
                </TextEquiv>
            </TextLine>
            <TextLine id="r3l25" custom="readingOrder {index:24;}">
                <Coords points="2241,3284 2399,3302 2517,3273 2700,3298 2796,3276 2894,3301 3112,3272 3079,3245 2241,3245"/>
                <Baseline points="2247,3279 2292,3279 2337,3279 2382,3279 2427,3279 2473,3279 2518,3279 2563,3280 2608,3280 2653,3280 2699,3281 2744,3281 2789,3281 2834,3281 2879,3282 2925,3282 2970,3282 3015,3282 3060,3282 3106,3282"/>
                <TextEquiv>
                    <Unicode>beror pä alt lörfattaren är konstnär ut i</Unicode>
                </TextEquiv>
            </TextLine>
            <TextLine id="r3l26" custom="readingOrder {index:25;}">
                <Coords points="2241,3345 3045,3348 3100,3321 3100,3295 3019,3286 2242,3294"/>
                <Baseline points="2247,3324 2289,3324 2331,3325 2374,3325 2416,3326 2458,3326 2501,3327 2543,3328 2585,3328 2628,3329 2670,3330 2712,3330 2755,3331 2797,3332 2839,3332 2882,3333 2924,3333 2966,3333 3009,3333 3051,3334 3094,3334"/>
                <TextEquiv>
                    <Unicode>fingerspetsarna om än icke nägon stor ge¬</Unicode>
                </TextEquiv>
            </TextLine>
            <TextLine id="r3l27" custom="readingOrder {index:26;}">
                <Coords points="2242,3382 2261,3377 2274,3389 2302,3381 2373,3394 2402,3388 2413,3397 2453,3380 2470,3387 2493,3378 2493,3355 2471,3364 2446,3346 2376,3349 2331,3337 2242,3356"/>
                <Baseline points="2248,3371 2274,3373 2301,3374 2328,3374 2354,3373 2381,3373 2408,3372 2434,3372 2461,3372 2488,3373"/>
                <TextEquiv>
                    <Unicode>staltskapare.</Unicode>
                </TextEquiv>
            </TextLine>
            <TextLine id="r3l28" custom="readingOrder {index:27;}">
                <Coords points="2256,3427 2419,3450 2602,3430 2731,3455 2861,3430 2892,3456 3086,3447 3086,3409 2991,3388 2256,3408"/>
                <Baseline points="2261,3432 2304,3433 2347,3434 2390,3434 2433,3435 2476,3435 2519,3435 2562,3436 2605,3436 2648,3436 2692,3436 2735,3436 2778,3436 2821,3436 2864,3435 2907,3435 2950,3435 2993,3435 3036,3435 3080,3435"/>
                <TextEquiv>
                    <Unicode>Stockholms Dagblad (S. S—n):</Unicode>
                </TextEquiv>
            </TextLine>
            <TextLine id="r3l29" custom="readingOrder {index:28;}">
                <Coords points="2246,3495 3100,3488 3071,3449 2990,3470 2806,3440 2771,3461 2627,3439 2246,3450"/>
                <Baseline points="2251,3484 2293,3484 2335,3484 2377,3484 2419,3484 2461,3484 2503,3483 2546,3483 2588,3483 2630,3483 2672,3483 2714,3483 2756,3484 2798,3484 2841,3484 2883,3484 2925,3485 2967,3485 3009,3485 3051,3486 3094,3487"/>
                <TextEquiv>
                    <Unicode>De nu pá Dramatiska teatern gifna smä</Unicode>
                </TextEquiv>
            </TextLine>
            <TextLine id="r3l30" custom="readingOrder {index:29;}">
                <Coords points="2245,3535 3089,3540 3073,3496 2968,3490 2245,3503"/>
                <Baseline points="2250,3531 2291,3531 2333,3531 2375,3532 2416,3532 2458,3532 2500,3532 2541,3532 2583,3533 2625,3533 2667,3533 2708,3533 2750,3533 2792,3533 2833,3534 2875,3534 2917,3534 2958,3534 3000,3534 3042,3534 3084,3534"/>
                <TextEquiv>
                    <Unicode>styckena stä icke alls i nägot trilogiskt för¬</Unicode>
                </TextEquiv>
            </TextLine>
            <TextLine id="r3l31" custom="readingOrder {index:30;}">
                <Coords points="2245,3588 3102,3585 3082,3543 2745,3561 2245,3535"/>
                <Baseline points="2250,3582 2292,3582 2334,3582 2376,3582 2419,3582 2461,3582 2503,3582 2546,3582 2588,3583 2630,3583 2673,3583 2715,3584 2757,3584 2799,3584 2842,3584 2884,3584 2926,3584 2969,3584 3011,3584 3053,3584 3096,3584"/>
                <TextEquiv>
                    <Unicode>hällande till hvarandara inen utgöra i sin</Unicode>
                </TextEquiv>
            </TextLine>
            <TextLine id="r3l32" custom="readingOrder {index:31;}">
                <Coords points="2250,3641 3101,3642 3101,3609 2863,3588 2663,3618 2605,3593 2250,3609"/>
                <Baseline points="2255,3631 2297,3631 2339,3631 2381,3630 2423,3630 2465,3630 2507,3630 2549,3630 2591,3630 2633,3630 2675,3630 2717,3630 2759,3630 2801,3630 2843,3631 2885,3631 2927,3631 2969,3632 3011,3632 3053,3633 3095,3634"/>
                <TextEquiv>
                    <Unicode>skenbart godtyekliga sammanställning gan¬</Unicode>
                </TextEquiv>
            </TextLine>
            <TextLine id="r3l33" custom="readingOrder {index:32;}">
                <Coords points="2244,3678 2915,3697 3079,3685 3100,3643 2244,3640"/>
                <Baseline points="2250,3678 2292,3678 2334,3678 2376,3679 2418,3679 2461,3679 2503,3680 2545,3680 2587,3681 2629,3681 2672,3682 2714,3682 2756,3682 2798,3682 2840,3683 2883,3682 2925,3682 2967,3682 3009,3681 3051,3680 3094,3679"/>
                <TextEquiv>
                    <Unicode>ska representativa prof pä omfänget af och</Unicode>
                </TextEquiv>
            </TextLine>
            <TextLine id="r3l34" custom="readingOrder {index:33;}">
                <Coords points="2243,3745 3106,3741 3013,3691 2243,3706"/>
                <Baseline points="2248,3729 2290,3729 2333,3728 2375,3728 2418,3728 2461,3728 2503,3728 2546,3728 2588,3728 2631,3728 2674,3729 2716,3729 2759,3729 2801,3730 2844,3730 2887,3731 2929,3731 2972,3732 3014,3732 3057,3732 3100,3733"/>
                <TextEquiv>
                    <Unicode>egendomligheten i författarens dramatiska</Unicode>
                </TextEquiv>
            </TextLine>
            <TextLine id="r3l35" custom="readingOrder {index:34;}">
                <Coords points="2249,3794 2358,3782 2460,3808 2550,3783 2584,3797 2625,3779 2626,3755 2527,3755 2488,3740 2425,3751 2278,3737 2249,3745"/>
                <Baseline points="2254,3775 2280,3775 2306,3776 2332,3776 2358,3776 2384,3776 2410,3776 2437,3775 2463,3775 2489,3775 2515,3776 2541,3776 2567,3776 2593,3777 2620,3778"/>
                <TextEquiv>
                    <Unicode>framställningskonst.</Unicode>
                </TextEquiv>
            </TextLine>
            <TextLine id="r3l36" custom="readingOrder {index:35;}">
                <Coords points="2289,3847 2881,3857 2926,3834 3004,3857 3105,3836 3105,3795 2289,3800"/>
                <Baseline points="2294,3834 2334,3835 2374,3835 2414,3836 2455,3836 2495,3837 2535,3837 2575,3837 2616,3836 2656,3836 2696,3836 2736,3836 2777,3836 2817,3836 2857,3836 2897,3836 2938,3836 2978,3837 3018,3837 3058,3838 3099,3840"/>
                <TextEquiv>
                    <Unicode>Dagens Nyheter (B.—n): Allt om</Unicode>
                </TextEquiv>
            </TextLine>
            <TextLine id="r3l37" custom="readingOrder {index:36;}">
                <Coords points="2244,3890 3106,3892 3057,3850 2991,3846 2872,3867 2786,3843 2703,3873 2668,3852 2244,3850"/>
                <Baseline points="2250,3884 2292,3886 2335,3888 2377,3889 2420,3890 2462,3891 2505,3891 2547,3891 2590,3891 2632,3891 2675,3891 2717,3891 2760,3890 2802,3890 2845,3890 2887,3890 2930,3890 2972,3890 3015,3890 3057,3891 3100,3892"/>
                <TextEquiv>
                    <Unicode>allt: en intressart och skiftesrik teaterkväll,</Unicode>
                </TextEquiv>
            </TextLine>
            <TextLine id="r3l38" custom="readingOrder {index:37;}">
                <Coords points="2247,3951 2613,3966 2836,3943 2918,3961 2927,3900 2794,3915 2720,3898 2677,3920 2602,3895 2345,3896 2247,3917"/>
                <Baseline points="2252,3938 2285,3939 2319,3940 2352,3940 2386,3941 2419,3941 2453,3942 2486,3942 2520,3942 2553,3941 2587,3941 2620,3941 2654,3941 2687,3940 2721,3940 2754,3939 2788,3939 2821,3939 2855,3939 2888,3938 2922,3938"/>
                <TextEquiv>
                    <Unicode>om ocksä icke nägon al de stora.</Unicode>
                </TextEquiv>
            </TextLine>
            <TextEquiv>
                <Unicode>Fau SaNpaul. i „Damen med dolkend.
Foto. Atelier Jmger
heder af det arbete han mäste nedlagt
pä det, men ändä kunde en del detaljer
ha kommit bättre till sin rätt. Det var
kanske främst hr Hedqvists fel. Hans
framställning af Henri var visserligen
ganska gripande, men han använde sig
af för starka medel. Som kontrast mot
revolutionslarmet hade en mera dämpad
lidelsefullhet verkat starkare.
Mänga af Schnitzlers egenskaper kunde
man denna afton lära känna, hans kvick¬
het, hans formkänsla; minst röjdes kanske
den subtile stämningsdiktaren. Schnitzler
hör dock ocksä till dem som anat san¬
ningen i Goethes gyliene ord, att konst
främst af allt är ven förmedlare af det
outsägbara“.
Gusrar CoLLIaN.
Ur pressens omdömen.
Svenska Dagbladet (A. B—s):
Altonen lick trots ’plockprogrammet' en
prägel af enhetlighet som i första rummet
beror pä alt lörfattaren är konstnär ut i
fingerspetsarna om än icke nägon stor ge¬
staltskapare.
Stockholms Dagblad (S. S—n):
De nu pá Dramatiska teatern gifna smä
styckena stä icke alls i nägot trilogiskt för¬
hällande till hvarandara inen utgöra i sin
skenbart godtyekliga sammanställning gan¬
ska representativa prof pä omfänget af och
egendomligheten i författarens dramatiska
framställningskonst.
Dagens Nyheter (B.—n): Allt om
allt: en intressart och skiftesrik teaterkväll,
om ocksä icke nägon al de stora.</Unicode>
            </TextEquiv>
        </TextRegion>
    </Page>
</PcGts>
