3484 4256
321 116 2355 209 21. Kontesse Mizz ioderder-Fanilientag
1930 1034 2330 1119 Telephon 12.801.
1958 1137 2127 1212 Da.
1223 1179 1424 1260 —
1437 1193 2070 1268 „ODOLIIVEI
1211 1265 2311 1342 I. österr. behördl. konz. Unternehmen für Zeitungs-Ausschnitte
1341 1312 2195 1412 Wien, I., Concordiaplatz 4.
1546 1395 1986 1472 Vertretungen
1221 1436 2318 1508 in Berlin, Budapest, Chicago, Christiania, Genf, Kopen¬
1221 1491 2311 1556 hagen, London, Madrid, Mailand, Minneapolis, New-Vork,
1256 1534 2273 1588 Paris, Rom, San Francisco, Stockholm, St. Petersburg.
1553 1577 1993 1642 (Quellenangabe ohne Gewähr).
1211 1611 2113 1719 Ausschnitt aussigriger Tagslakk
1665 1697 2092 1786 -9. FEB. 1909
1216 1742 1370 1802 vom:
1345 1832 2255 1929 Theater und Konzert.
1986 1904 2423 1979 Leipzig, 7. Februar.
1162 1952 1976 2035 Neues Theater. Man hat gestern A##
1093 1986 2459 2060 Einalter gehört, den neulich das Wiener „Ailische Volleipeater guck¬
1105 2052 2445 2104 lich aus der Taufe hob — „Komtesse Mizzi“ eine blitzende Frechheit,
1104 2079 2455 2130 über die nur ein einsamer Moralist zum Schlusse spärlich zischte. Die
1094 2121 2445 2186 Frechheit ist ein siebzehnjähriger Bengel, illegitim, da Komtesse
1102 2162 2410 2221 Mizzi, die Mama, eben ein Fräulein ist. Oder eigentlich is
1091 2201 2459 2251 das die Frechheit, wic's auch das Publikum erfährt, wie der Dialog
1094 2240 2457 2291 die Keckheiten hinüber= und herüberwirft, wie nebenbei die Liebhaber¬
1096 2295 2451 2334 sentimentalität des alten Grafen um eine sich verheiratende Lolo klagt,
1100 2330 2461 2378 die die Komtesse aus schwesterlichen Gefühlen heraus gern als Stief¬
1102 2362 2447 2411 mama begrüßt hätte — und kurz, wie alles sich ordnet: wie die Kom¬
1104 2393 2452 2456 tesse sich endlich doch mit dem Fürsten Ravenstein in Ostende verloben
1090 2439 2458 2491 wird, um des heimlichen Sohnes wirkliche, offizielle Mama zu werden.
1252 2478 2452 2523 Und dem geistreichen Geschick, dies alles im Vorüberflirren
1102 2508 2453 2563 lachend vorzubringen, paßte sich im ganzen die Darstellung sicher an.
1091 2554 2456 2607 Man sah Herrn Hänseler als Madjargrafen, gutmütig, drollig,
1093 2589 2456 2644 ein wenig beschränkt, sich taktooll der Grenze fernhalten, wo die Ko¬
1108 2628 2461 2670 mödie in die Posse leicht hätte übergleiten und aus Graf Arpad ein
1105 2664 2459 2714 Mikosch werden können. Fräulein Nolewska, dem Schnitzler das
1093 2704 2456 2761 Pathos erließ, hatte den Witz und die Schlagkraft des Dialoges, die die
1093 2742 2469 2815 Ueberlegenheit ihrer Figur über die Situation bedingten, und Herr
1105 2772 2476 2844 Salfner als Fürst Ravensteins Sohn die ganze Frische von Ant¬
1100 2813 2463 2879 wort und Initiative, die seine große, siebzehnjährige Lebensweisheit,
1101 2860 2462 2913 Lebensnaseweisheit amüsant machen können. Man lachte über ihn,
1093 2896 2467 2941 über den Dialog, über alle und alles. Und durfte es mit lachendem
1097 2934 2458 2992 Recht. — Vorher hatte man die „Liebelei“ gespielt. Das Stück wird
1104 2972 2472 3025 immer — neben dem „Grünen Kakadu“ und dem „Schleier der Bea¬
1093 3013 2463 3062 trice“ — der beste und vornehmste Zeuge von Schnitzlers Kunst sein.
1101 3047 2464 3100 Von vieler Kunst war freilich in der Darstellung diesmal weniger zu
1092 3089 2465 3140 verspüren. Nur Herr Walter traf Ton und Art der süßgleitenden
1104 3126 2460 3181 und so bequemen Moral, die Theodor Kaiser den Abenteuern der
1108 3164 2467 3218 Damouce vorzieht, und Frau Retty=Großmüller hatte die Un¬
1101 3206 2467 3273 bekümmertheit, den sorglosen Leichtsinn des Typus, den die Schlager¬
1102 3238 2457 3303 mizzi verlockt. Aber die Christine des Fräuleins Fuchs hätte die Sen¬
1105 3264 2463 3330 timentalität ihres Wesens mehr in wienerische Weichheit, Anmut lösen
1096 3305 2464 3371 müssen. Die Zeichnung der Gestalt wuchs, als die Tragik einsetzte und
1101 3356 2466 3413 die unerbittliche Logik des Erkennens die Katastrophe beschwor. Viel¬
1101 3394 2465 3454 leicht war hier manches übertrieben, aber immerhin erariff es als Ge¬
1110 3432 2465 3484 schick. Was sonst die Aufführung brachte, betrübte: allen voran Herr
1099 3479 2452 3524 Salfner mit der unbestimmten Fadesse seines unwahren Fritz und
1105 3504 2473 3571 Herr Winds als Violinspieler, den vielleicht die Ungewohntheit des
2199 3540 2388 3606 K. F
1108 3551 1518 3626 Akzents entschuldigt.
2496 96 2959 191 box 26/1
