3436 4256
657 176 840 255 eSS4
953 182 1064 260 12
219 206 2867 299 21. Kont# Mzi oder der Fanilientag box 26/1
1593 724 2003 831 Telephon 12801.
827 980 931 1038 —
835 995 2014 1079 G l. österr. behördl. konz. Unternehmen für Zeitungs-Ausschnitte
1013 1056 1907 1142 Wien, I., Concordiaplatz 4.
1235 1130 1680 1197 Vertretungen
848 1148 1997 1232 00 in Berlin, Budapest, Chicago, Christiania, Genf, Kooen¬
835 1218 2008 1286 hagen, London, Madrid, Mailand, Minneapolis, New-Vork,
947 1264 1982 1331 Paris, Rom, San Francisco, Stockholm, St. Petersburg.
1247 1307 1670 1369 (Quellenangabe ohne Gewähr.)
843 1342 1343 1447 = Ausschnitt aus:
1518 1436 2034 1540 Die Wage, Wien
1160 1445 1503 1524 23.00N 1909
841 1478 1087 1559 E vom:
903 1569 1509 1676 Von unseren Bühnen.
925 1637 1822 1729 Hofburgtheater. — Deutsches Volkstheater.
1034 1693 2324 1774 Die bekankte, SchwankfirmgBlumenthal & Kadelburg brachte
919 1749 2320 1821 mit dem „Lustspiele“ „Die Tür ins Freie“,dem Burgtheater einen
911 1807 2295 1868 Lacherfolg. Freilich gah es eine Zeit, wo derartige Schwänke —
921 1856 2325 1925 denn dies ist die richtig Gattungsbezeichnung den Weg in die
918 1905 2328 1977 Burg nicht (géfunden hätten. Denn damals überließen noch die Hof¬
918 1954 2331 2016 theaterdirektören das Geschäft ganz den Privatbühnen ... Die
907 2001 2314 2077 Verfasser haben es zustande gebracht, einen gar reizenden Lustspiel¬
916 2056 2334 2123 gedanken in banaler Weise zu verschandeln! — Da durch einen
925 2107 2332 2166 nach Jahren entdeckten Formfehler auf dem Standesamte eine große
909 2157 2323 2220 Anzahl von Ehen ungültig geworden ist, steht die „Tür ins Freie“
914 2202 2334 2252 den Ehegatten offen! Welche Fülle von kritischen, lebensechten
921 2247 2332 2308 Situationen wäre aus dieser Idee zu holen gewesen! Welche
915 2295 2260 2354 Gelegenheit, moderne Eheverlogenheit satirisch zu beleuchten!
914 2349 2331 2415 Von alledem aber hier keine Spur. Man hört nur seichte Witze.
2115 2388 2328 2463 er trägt
925 2400 2136 2466 Der Freiheitsdrang der Ehemänner bleibt philisterhaft —
926 2445 2327 2504 schon im Entstehen den Keim zur biederen Rückkehr ins Bett der
921 2493 1366 2562 Gewohnheit in sich.
1406 2493 2322 2564 Aus der glänzenden Darstellung ragten be¬
918 2541 2335 2627 sonders Frau Witt und Thimig hervor. Fräulein Kutschera ist selbst
928 2592 1534 2672 für Backfische noch zu jung.
1039 2634 2322 2703 Nicht ungünstig gestaltete sich der Einakterabend des Deutschen
922 2681 2329 2750 Volkstheaters. Schon deshalb, weil er wieder einmal Gelegenheit
917 2741 2321 2810 bot, sich an Felir Saltens geist= und humorvoller „Auferstehung“
913 2783 2340 2852 diesem scharf geschauten Stück Leben zu erfreuen. — Auch die erste
916 2833 2323 2885 Bühnenbekanntschaft mit Artur Schnitzlers „Anatols Hochzeits¬
919 2874 2333 2943 morgen“ war wertvoll. Ein Abriß aus der Werdezeit des Dichters,
921 2934 2331 2996 da er noch bei den Franzosen in die Schule ging. Das sehr heikle
926 2990 2334 3042 Thema — Anatol verbringt die Nacht vor seiner Verheiratung mit
921 3027 2342 3097 seiner Geliebten wird schick und geschickt durchgeführt. Fräulein
924 3079 2341 3134 Galafrés und Herr Kramer spielten mit köstlicher Laune. — Von
926 3128 2330 3188 A. M. Willners Szenen aus der Conciergerie: „Der Pechvogel“
928 3177 2329 3226 läßt sich dies nicht sagen. Hier ist alles gesucht, plump, über¬
918 3217 2332 3281 konstruiert. In diesem Spiel des Zufalls, dessen Rolle die Guillotine
916 3275 2340 3341 übernimmt, hätte Vertiefung des Gedankens: daß ein Pechvogel
932 3326 2336 3396 selbst dann dem Tod nicht entgeht, wenn sich ein anderer für ihn
1448 3369 2345 3435 Der Verfasser beeilte sich, den Klatschern
923 3378 1385 3446 opfern will, genützt.
926 3417 2343 3482 zu danken. — Der letzte Einakter, „Die grüne Schnur“ fiel unter
918 3476 2331 3531 der eiligen Flucht des Publikums jämmerlich ab. Herr Max Bern¬
915 3524 2335 3589 stein ist emsig bestrebt, mit jedem neuen Stücke immer deutlicher zu
916 3569 2343 3635 zeigen, daß er kein Talent hat. Weshalb man diese trostlise Tri¬
918 3614 2348 3696 vialität, die schon im Burgtheater langweilte, aufführte, ist rätselhaft.
2081 3668 2307 3739 F. W—f.
