3344 4352
141 206 291 297 21.
2330 165 2751 262 box 26/3
286 190 2173 291 Kontesse Mizz1oder-der Fami Tientag
539 570 1390 683 Fränkischer Ceurier, Nürnberg
807 689 1144 797 •I 2. 1912
853 837 973 912 ——
341 856 1353 1008 Schnitzler u. Schönherr im Lessing¬
2504 935 2791 1014 ——
696 980 1022 1082 Theater.
2189 1012 2545 1095 Ausschaitt mus
469 1032 1136 1146 Bor Dr. Albert Keller.
454 1113 1362 1187 Berlin“31. Jan. Ein eigenartiges Ge¬
326 1173 1360 1239 spann#öggernüber die Bühne des Lessing¬
2029 1166 2700 1305 Frankfurter Oder-Zeftus,
331 1222 1379 1296 theaters. Eiß feuriger, zierlich gebauter Ungar
330 1279 1367 1355 war mit einem schwerfälligen, strotzenden Tiroler
325 1323 1369 1398 Mühlengaul zusammen gekoppelt. Elegant, in
338 1374 1365 1437 verhaltener Kraft, tänzelte der Ungar vorüber und
2274 1360 2585 1500 W 2. 1912
343 1429 1370 1490 fand das unbestrittene Wohlgefallen der Zu¬
337 1480 1368 1534 schauer; schwer und schnaubend lag der Tiroler
336 1532 1379 1600 in den Stricken, er zeigte die großen, kräftigen
1876 1480 2827 1650 /Theater=Wandlungen in Berlin.
333 1579 1195 1646 Muskeln — aber er wirkte etwas brutal.
401 1611 1368 1687 Schnitzlers „Komtesse Mizzi oder:
1752 1606 2987 1686 Schönherr und Schnitzler. — Gerhart Hauptmanns theatralische
2917 1664 2994 1723 —
1770 1680 2930 1739 Mission. — Vollmers Nachfolger. — Das Komödienhaus.
324 1672 1376 1744 [Der Familientag“ ist ein Einakter von¬
2168 1712 2594 1772 Die weibliche Oper.
332 1729 1373 1789 pikanter Liebenswürdigkeit und großer künstleri¬
1819 1730 3007 1816 Aus Dankbarkeit für den starken und schon ins zweite
334 1766 1373 1832 scher Konzentration. Achtzehn Lebensjahre von
1750 1786 2982 1846 Jahr hineinreichenden Erfolg, den das Lessing=Theater mit
336 1826 1374 1884 fünf Personen sind in ihm zusammengefaßt, und
1751 1823 2993 1901 Schönherrs Dichtung „Glaube und Heimat“ erzielte, griff Brahm
342 1867 1378 1934 er schließt mit einem verheißungsvollen Ausblick
1752 1867 2996 1947 auf ein älteres Werk des Oesterreichers zurück. Die Komödie
1749 1889 3000 1982 des Lebens „Erde“ enthält eine Reihe von Bildern, die außer¬
331 1923 1380 1975 in die Zukunft. Der Fürst Egon von Ravenstein
1763 1943 3007 2023 ordentlich stark wirken. Der ewig lebende Bauer, dem bis ins
336 1969 1377 2030 stellt seinem Freund, den Grafen Pazmaudy,
1760 1994 2992 2052 späteste Greisenalter hinein nichts etwas anhaben kann, um
332 2022 1373 2078 seinen achtzehnjährigen illegitimen Sohn vor, den
1769 2021 2997 2096 den herum alles an Leben verdorrt, während er selbst aus der
331 2067 1382 2134 er in den nächsten Tagen adoptieren werde. Der
1763 2057 2877 2118 Erde immer neue Kräfte zu saugen weiß, trägt Elemente
1755 2104 2841 2164 tragischer Komik und komischer Tragik in sich. In den
330 2115 1381 2182 Sohn hat bis jetzt im Verborgenen geblüht und
1758 2130 2811 2216 sten Lebensbeziehungen berühren sich ja oft beide
331 2161 1386 2230 eben das Maturum bestanden. Seine Mutter sei
1765 2180 2823 2241 Als schon der in einem unglückseligen Prätendenten
336 2210 1035 2268 „„ M. 0
1774 2220 2818 2296 schlafste Bauernsohn und dessen Geliebte, die mit G
1763 2257 2826 2334 auf den Tod des durch einen Pferdetritt verletzten Al
1772 2295 2835 2364 hoffen, ein sicheres Glück durch den Tod des Greises
1763 2340 2893 2403 sehen, erhebt sich dieser zu neuem Leben und zerschlägt
1775 2359 3009 2444 Sarg, den er sich in einem Moment der Schwäche hat bauen
1766 2410 3006 2481 lassen. Unmittelbar auf Schönherrs Werk folgte im Lessing¬
1768 2449 2950 2517 Theater ein kurzes Lustspiel Schnitzlers „Komteß Mizzi
1774 2491 2962 2565 das in echten Schnitzler'schen##mmert. Diese Kom
1778 2525 2985 2595 teß mit ihren 37 Jahren, deren äußerer Untadelhaftigkeit durch
2833 2568 2878 2612 ha
1774 2581 2814 2641 einen inneren Skeptizismus die Wage gehalten wird,
1122 2586 1518 2668 Telephon 12.801.
1778 2616 2799 2675 Leben reich genossen. Aus einer Liaison mit einem
1777 2646 2787 2715 der unglücklicherweise gerade verheiratet war, als si
1777 2688 2777 2757 liebelte, ist ein nun achtzehnjähriger Sohn entsprof
1770 2730 2775 2795 weigerte sich den Fürsten zu heiraten, als dessen
570 2730 1332 2822 „SDSENER
1779 2769 2788 2836 storben war. Dieser hängt ihr immer noch in Treu
2917 2799 2991 2849 hat
1772 2807 2802 2866 verwendet den jungen Sohn, nachdem er ihn ado
418 2799 1510 2890 I. öeterr. beh. konz. Unternehmen für Zeitungs¬
2892 2834 2978 2885 echen.
1777 2838 2835 2910 als letztes Mittel, den Starrsinn der Komtesse zu
624 2861 1316 2924 Ausschnitte und Bibliographie.
1786 2878 3008 2949 Die Konversation zwischen der Komtesse, dem Fürsten und dem
1791 2914 3008 2981 Achtzebnjährigen gehört mit zu dem Geistreichsten und Feinsten,
593 2904 1360 2996 Wien, I., Conoordiaplatz 4.
1792 2964 3023 3026 was Schnitzler je eingefallen ist. Frau Triesch, Monnard und ein
816 2982 1149 3050 Vertretungen
1785 2994 3019 3058 junger Künstler, Erich Walter, spielten vollendet: Wie ein Ka¬
424 3030 1518 3095 in Berlin, Brüssel, Budapest, Chicago, Cleveland, Christianis.
1795 3026 3033 3105 binettstück aus den Tagen seinster Schauspielkunst, und doch von
488 3074 1522 3126 #, Kopenhagen, London Madrid, Mailand, Minneapolle.
1777 3070 2872 3141 in erem Leben durchpulst, wurde die Szene dargestellt.
432 3117 1512 3183 New-Vork, Paris, Rom, San Francisco, Stockholm, St. Petere¬
1871 3094 3033 3177 Es ist in den Annalen der Berliner Theater etwas ganz
830 3160 1139 3207 burg, Toronto.
1792 3149 3003 3215 Ungewöhnliches, daßsbeim Eintreten eines neuen Herrn die
775 3199 1176 3252 (Quellenengebe ohne Gewühr.!
1781 3181 2992 3267 Künstler erklären, nitgt seine Untertanen sein zu wollen. Im
1798 3228 3019 3299 Lessing=Theater hat sich dieser seltene Fall ereignet. Von dem
424 3196 1518 3382 Auschmit aus LShriger Repsis Nerhriehten
1793 3263 3014 3332 Augenblick an, als der Elitetruppe dieses Musenheims verkün¬
1795 3304 3012 3380 digt wurde, daß Brahm sein Szepter definitiv niederlege, und
1795 3331 3028 3419 daß Barnowsky vom Kleinen=Theater nunmehr am Kronprinzen¬
603 3335 923 3421 1·RB1912
426 3378 629 3429 vom:
1801 3377 3020 3464 Ufer residieren wolle, erklärte die Schar der Schauspieler, daß
1795 3427 3010 3508 ihnen Viktor Barnowskys theatralische Sendung nicht hoch ge¬
1797 3456 3016 3539 richtet genug erscheine, als daß sie sich an den Wagen seines
1797 3495 3028 3577 Geschicks spannen ließen. Vom Oberregisseur Emil Lessing an
1797 3537 3027 3619 bis zu den Kulissenschiebern erklärte der Verband des ganzen
372 3510 1587 3606 Marl Schönherrs dreiaktige Bauernkomödie „Erde“ sicherte sich,
1444 3575 1595 3631 r N.=
1808 3557 3050 3661 Theaters einheitlich sich für eine Sezession in monten, sacrum,
336 3594 1435 3668 wa uns ein Telegramm unseres Berliner K. 1
328 3616 1589 3699 Mitarbeiters berichtet, gestern im Berliner Lessing¬
330 3629 1595 3744 theater nur einen halben Erfolg. Zur kühlen Aufnahme mochte
336 3689 1589 3778 wohl vor allem die dialektunsichere Darstellung beitragen, zu der nur
335 3725 1595 3807 Emanuel Reicher als Grutzenbauer eine herbe und wahr gezeichnete
336 3763 1606 3858 Figur beisteuerte. So konnte das Publikum selbst bei den stärksten
349 3804 1606 3892 Szenenwirkungen, namentlich bei den wuchtigen Aktschlüssen, nicht recht
332 3841 1606 3921 mitgehen. Vor Schönherr hatte Arthur Schiplermit „Kom¬
364 3882 1602 3963 tesse Mizzi“ (Irene Triesch) das Wort. Der Einakter wurde sehr
337 3917 1612 3996 liebenswürdig ausgenommen. Für die beiden österreichischen „Dichter
346 3985 929 4046 dankte Otto Brahm.
