3436 4320
213 308 410 390 21.
1658 293 1735 368 F
1261 303 1359 368 de
636 301 835 368 e88e
2394 299 2839 394 box 26/4
409 316 2346 406 Kont1221 der nientan
1760 829 2609 953 „OBSERVER‘
1870 929 2554 986 I. östen. behördl. konzessioniertes
1824 981 2589 1048 Unternehmen für Zeitungs-Ausschnitte
1897 1031 2524 1106 WIEN, I., WOLLZEILE 11
1962 1094 2447 1153 TELEPHON R-23-0-43
1777 1219 2160 1303 Ausschnitt aus:
1951 1293 2586 1428 Nemibunder Nachrickten, Ha.
647 1315 957 1404 Hamhungern¬
1065 1356 1398 1456 Deli, Hambung
1982 1288 2547 1491 rieneschricktnk.
1767 1446 1928 1527 vom:
837 1475 1292 1586 8 1.MAl 1854
2032 1494 2471 1615 26 JINT 763
786 1576 843 1638 4
1097 1573 1317 1662 GABE
731 1623 1233 1714 Wiener Abeno
649 1612 1331 1814 in ioier Stosiheate.
1911 1705 2655 1806 Wiener Abend in Alkona.
577 1768 1426 1863 Ob die Idee, Arthur Schnitzler mit —
2088 1785 2488 1867 „Komtesse Mizzi=“—
512 1802 1459 1905 Leo Fall zu verbinden, gtücklich zu nennen ist,
1736 1818 2880 1894 Das Altonaer Stadttheater hat am Ende seiner Spielzeit
505 1852 1459 1940 dürfte zu bezweifeln sein. Statt des hoffnungslos
1666 1884 2883 1948 einen aristokratischen Einakter von Arthur Schnitzler und ein
514 1889 1443 1981 sentimentalen Singspiels „Brüderleinfein“
1664 1929 2891 1984 volkstümliches Singspiel von Leo Fall zu einem niederdeutschen
507 1934 1446 2016 hätte man besser einen zweiten Einakter von
1681 1981 2894 2037 „Wiener Abend“ verbunden. Es sieht so aus, als ob man für den
516 1971 1447 2049 Schnitzler gewählt, um damit den Abend zu einer
1668 2022 2885 2085 Dichter, dem der gesamte Inhalt des Programmheftes gewidmet
509 2008 1440 2091 Schnitzler=Gedenkfeier zu runden. Denn nachdem
510 2040 1439 2138 die Hamburger Bühnen, mit Ausnahme des
1677 2059 2882 2118 ist, einen Gedächtnisabend veranstalten wollte, daß man aber
509 2089 1451 2189 Thalia=Theaters, es unterlassen haben, zu Ehren
1673 2116 2881 2170 fürchtete, beim Altonaer Publikum nicht das entsprechende Ver¬
507 2119 1436 2212 des im vorigen Jahre verstorbenen Wiener Dich¬
1676 2147 2896 2200 ständnis zu finden — zumal in dieser Zeit. Deshalb blieb für
500 2171 1434 2234 ters, der vor kurzem siebzig geworden wäre, das
1679 2191 2897 2259 Schnitzler nur ein halber Abend, und deshalb wählte man aus
502 2195 1436 2289 eine oder das andere Bühnenwerr Schnitzlers
1665 2224 2901 2298 seinen kleinen Stücken eins der wenigen heiteren — allerdings ein
492 2232 1433 2314 herauszubringen, hätte sich Altona ein Verdienst
1677 2290 2899 2337 Stück, das schwieriger zu spielen ist als beinahe jedes seiner
499 2273 1438 2371 erwerben können. So mußte es eine halbe Sache
500 2314 679 2374 bleiben.
1678 2329 2903 2380 kleinen Schau= und Trauerspiele. Denn die Komödie von „Kom¬
1668 2373 2900 2439 tesse Mizzi“ ist so sehr und so ausschließlich auf die
556 2370 1433 2452 Ueberhaupt stand der Abend unter einem un¬
1676 2415 2896 2474 Atmosphäre einer exklusiven, heute auch in Österreich aus¬
481 2414 1428 2497 günstigen Stern. Die Pause dehnte sich endlos,
1671 2460 2901 2512 gestorbenen Gesellschaft abgestimmt, daß die Schlagwortmeinung der
492 2465 1428 2534 bis bekanntgegeben wurde, daß Herr Giese plötz¬
1679 2494 2903 2564 Banausen, dies sei das typische Theater der Vergangenheit, nur
477 2503 1425 2567 lich erkrankt sei, aber „hoffentlich“ doch noch
481 2544 1438 2617 werde auftreten können. Und für Singspiele fehlt
1680 2542 2895 2602 von einer tief verstehenden und bis ins Letzte spezialisierten In¬
484 2590 1427 2649 dem Theater ein leistungsfähiges Orchester, feh¬
1681 2586 2893 2644 szenierung widerlegt werden kann. Gerechterweise ist vom
474 2612 1433 2687 len ihm Stimmen. Gustel Busch, eine sehr ver¬
1678 2635 2895 2688 Altonaer Stadttheater eine solche Spezialität nicht zu verlangen;
478 2653 1433 2728 wendbare Künstlerin, uno Harry Giese be¬
1680 2676 2902 2743 im Rahmen der verhältnismäßigen Ansprüche aber erlebt man eine
482 2704 1420 2760 mühten sich redlich, die liebenswürdige ver¬
1678 2723 2190 2789 angenehme überraschung.
483 2732 1436 2809 sunkene Welt in ihrer Stimmung herauf¬
1742 2743 2902 2825 Wohl ist das Ganze zu grob geschnitten, und wohl sind viele
482 2767 1437 2866 zubeschwören, aber gesanglich reichen sie nicht
1682 2794 2919 2865 Einzelheiten zu dick aufgetragen; aber eine Stimmung — zwischen
482 2816 1420 2880 aus. Auch Waldtraut Fölß ist den Anforderun¬
480 2870 1425 2906 gen, die ihre Rolle stellt, nicht gewachsen; sie sang
1683 2848 2919 2920 Ironie und Trauer — kommt zustande, und auch eine Handlung#
478 2890 1417 2966 durchweg — nicht nur um Nüancen — zu tief
1693 2911 1744 2950 —
1734 2898 2896 2955 zwischen Werden und Vergehen — schließt sich. Das ist das
484 2932 1424 3002 und brachte damit ihre Szenen um die Wirkung.
1672 2941 2920 2997 Verdienstdes Spielleiters Günther Bobrik, „dem es gelungen ist,
474 2959 1426 3056 Die auffälligsten Mängel werden sich wohl in Zu¬
1685 2974 2907 3050 das wesentliche Kennzeichen einer Atmosphäre, eines Spiels und
467 3006 898 3067 kunft beheben lassen.
1674 3028 2904 3096 einer Stimmung — eine allgemeine Dämpfung, eine allgemeine
548 3037 1316 3110 Die Komödie „Komtesse Mizzi“
1315 3043 1426 3112 die
1683 3073 2893 3131 und besondere Haltung — deutlich werden zu lassen. Zwar ist
473 3079 1423 3153 den Abend eröffnete, ist im Atmosphärischen
1674 3106 2903 3174 Wilhelm Walters Graf nicht nur durch den schwarz gefärbten
469 3125 1426 3197 echtester Schnitzler wenngleich sie als Theater¬
1678 3159 2893 3211 Schnurrbart, den er statt des vorgeschriebenen grauen trägt, von
478 3157 1423 3229 stück nicht recht befriedigt. Außerdem war die
472 3202 1422 3276 Aufführung unter Dr. Bobriks Leitung nicht
1675 3204 2897 3261 Schnitzlers deutsch=magyarischer Verkörperung (des französischen
476 3241 1418 3298 dgzu angetan, den Abstand der Welt dieser
1675 3236 2902 3309 Wahlspruches Passons-lä-dessus) unterschieden; aber er vermag doch
465 3264 1410 3350 Komödie von der unfrigen vergessen zu machen.
1683 3285 2900 3349 die Figur im Menschlichen aufleben zu lassen. Zwar ist der Fürst
465 3312 1417 3391 Am besten traf Wilhelm Walter den Ton;
1678 3344 2898 3388 von Curt Gerdes nicht der Idealtyp eines Diplomaten
469 3356 1421 3426 aber schon Grete Holtz als alternde Mizzi und
1671 3371 2908 3438 wienerisch=pariserischer Schule; aber trifft doch den leisen Ton von
465 3394 1417 3448 vollends Curt Gerdes blieben außerhalb ihrer
1684 3423 2902 3483 fünfundfünfzig wohlverbrachten Jahren. Zwar unterschätzt Frau
464 3431 1413 3501 Rollen. Auch die sonst so gewandte Lotte Klein
1681 3460 2908 3530 Lotte Klein als Lolo das noch immer „Fesche“ ihrer allen so
459 3463 1418 3525 und Robert Harprecht spielten nicht Schnitz¬
1675 3505 2904 3585 sympathischen Person; aber sie versteht sich auf den Dialekt und
463 3509 1408 3574 ler, sondern Schwank, so daß die Darstellung,
462 3544 1409 3618 trotz sorgfältiger Regie, im Aeußerlichen stecken
1685 3550 2897 3610 auf das Dialektische. Nur der Malprofessor ist (als Maske und
460 3587 1415 3659 blieb: ohne die Seele des alten Oesterreichs, die
1687 3587 2914 3661 mit seiner Szene) ins Subalterne abgerutscht, — aber für diese
460 3624 1412 3700 Schnitzler so unnachahmlich zum Klingen ge¬
1687 3648 2906 3710 negative Ausnahme gibt es zwei vollkommen positive Leistungen:
464 3662 707 3719 bracht hat.
1688 3679 2905 3741 erstens Robert Harprecht, der die Frische und den Charme des
550 3685 1416 3784 Das Publikum nahm die beiden Stücke bei¬
1688 3722 2913 3795 sleinen Philipp mitbringt, zweitens Grete Holt, Komtesse Mizzi.
471 3736 704 3812 fällig auf.
1211 3762 1388 3813 g. m.
1693 3773 2899 3821 die hat die äußere Herbe und das innere Temperament, den
1697 3826 2895 3876 eichten Ton und den mit vielen Spannungen geladenen Unterton.
1684 3864 2896 3925 Sie hat Anmut und Humor, und sie bestätigt ihren schon des
1679 3900 2901 3974 öfteren gerühmten Vorzug, nicht nur eine der liebenswürdigsten
1681 3929 2916 4023 Erscheinungen, sondern auch eine der schätzenswertesten Charakter¬
1692 4000 2295 4072 spi##innen in Altena zu sein.
2950 1694 3330 1756 über die anschließ
2901 1723 3318 1797 „Brüderlein fei
2887 1780 3322 1853 Musik, die der vor sie
2897 1822 3323 1887 teils aus Eigenem, teil
2893 1880 3316 1929 Drechsler, des Hauskol
2884 1907 3322 1972 nand Raimunds, zusa
2897 1958 3313 2021 sentimental, wie sie hie
2894 2003 3320 2070 war keineswegs so abs
2898 2051 3314 2110 Bild erscheint. Harry
2891 2089 3314 2166 Busch, seine Frau,
