3436 4320
170 265 1027 319 der Thora selbst betohlen: „Du sollst aus¬
155 300 1027 357 jen Menschen aus seinem Volke!“ — Wenn
154 324 1038 402 as Unkraut wuchert, was tut sein Besitzer,
179 381 1037 437 nicht die Reben ersticken? Rabotai! Es ist
155 398 1028 473 berg Israels zu roden! Hatte das Synhedrion
165 451 1035 515 cht über Leben und Tod? Nun, der Vier¬
163 490 1029 568 für unsere Zeit dasselbe, was das Synhedrion
150 573 983 652 nd wer  ich meine, Reb Lipman Oser.
157 615 451 674 nihn legen?
176 648 664 733 laßt meine Sache sein!
150 712 1018 792 ie zu sich selbst): Und wenn .. und wenn
152 748 550 820 ler Moschiach ist?
157 788 1017 880 anderen: Um Gottes willen! Was sagt Reb
146 835 639 895 a: Habt ihr das gehört?)
147 874 1023 972 bi Nehemia! Wir verbieten Euer Ehrwürden,
147 929 491 994 ur zu denken!
151 971 1022 1041 WWenn das Kalb der Kuh nachläuft, geschicht
157 1019 1017 1098 Es die Milch im Euter wittert? Wenn Israel
157 1058 296 1108 t
162 1091 1015 1167 für Tüfteleien! Was ist Euch in den Kopf
152 1144 1017 1212 Zeit des Moschiach ist noch nicht gekommen.
161 1197 1011 1262 Aber die Wehen seiner Zeit haben schon
157 1234 1017 1302 ckt die Augen mit der Hland.) Ich sche die
153 1275 1015 1345 ärtvrer in den Wäldern ... und auf den
165 1304 1006 1369 Felshängen.. in den Flußläufen ... auf
210 1359 1001 1412 Kann es delin sein, daß es keine Barm¬
159 1385 1006 1452 oben gibt ... daß der Himmel nicht ant¬
177 1431 1002 1489 Thora es doch lehrt? Können denn all
160 1461 534 1526 gesetzt haben —
573 1466 1005 1534 und nichts wird ge¬
154 1537 995 1620 laubst du wirklich, Reb Nehemia, daß aus¬
160 1575 873 1656 las Geschlecht des Moschiach sind
172 1625 583 1689 Dieser? ., Jener?
150 1674 1005 1758 n er der Moschiach ist, sagt, warum zweifle
165 1759 1003 1827 t gesagt! Das erste Zeichen für den wahren
151 1811 995 1872 ch gerade, daß alle an ihn glauben, daß
159 1846 482 1907 veifel gibt.
148 1875 1003 1960 hweigtSo schweigt doch!!... Wie gut
158 1934 997 1999 daß euch die Wahrheit so sehnenklar vor
153 1964 995 2033 Aber ich, Nehemia! Was soll Nehemia tun
156 2004 989 2074 m Fieber zwischen Glauben und Zweifel
146 2043 955 2111 vird? Wenn jener der Moschiach ist —
161 2089 988 2149 e ich denn dann? Und wenn er nur ein
153 2123 997 2194 arum lechzt mein Herz dann so danach, an
154 2163 998 2228 nnen? Vater im Himmel, Tag für Tag
164 2202 986 2270 Moschiach erwartet denn da sind doch
169 2241 992 2304 Zeit, die Dein Wahrwort verkündet hat,
154 2277 987 2325 agen Deines heiligen Sohars haben sich
152 2326 999 2374 dnun, da einer erstanden ist, dem die
172 2359 991 2400 Glauben anhängen, warum will da der
151 2400 989 2450 Andhalten im Herzen Deines Knechtes
151 2430 993 2490 nist dieser Nehemia geringer als jene
146 2466 979 2534 ierer, denen voller Glaube gegeben ist.
161 2512 989 2582 kel mich das Rechte schauen, o Schöpfer
159 2580 979 2667 sein Haupt und verharrt schweigend. Plötzlich
136 2639 301 2697 Mh auf):
156 2674 973 2750 d Lehrer! Rabbanim und Parnessim! Im
169 2732 976 2796 des Vier-Länder-Rates bin ich entschlossen
158 2768 489 2828 hem zu gehen!
145 2807 827 2879 a! Du willst zu diesem Frevier?
171 2864 978 2927 , ich werde gehen! Ich will seine Seele
155 2919 332 3001 nrube.)
165 2983 964 3051 Lügner und Betrüger ist, ein Stiefvater
150 3028 981 3099 er nicht sein stolzer Hirsch ist, sondern
150 3063 804 3127 if im Schafspelz  dann!
794 3080 965 3128 dann!!
160 3109 964 3169 Nägeln wird Nehemia das Lamm Israel
151 3139 963 3210 les Wolfes reißen! Ich will seine Seele
148 3182 931 3238 iferstehung ihm je wird heifen können
159 3216 963 3277 arüber meinen Anteil an jener Welt.
163 3263 965 3327 ausgelöscht, wenn ich mein Volk nicht
154 3294 532 3355 1 seines Mörders.
150 3341 562 3403 ur Wand und betet):
169 3393 965 3457 Es sei Dein Wille, daß Nehemia nicht
165 3425 953 3495 Betrüger finden soll, sondern den wahren
179 3587 726 3677 Ihre Bücher
246 3639 446 3706 von der
158 3696 839 3788 Indlung am Zoo
171 3765 516 3840 Fritz Ring
165 3814 841 3894 k, Joachimsthaler Straße 43-44
171 3871 690 3953 der lidischen Gemeinde
325 3929 852 3996 Zusendung uach allen Stadtteilen
1154 205 3308 314 Preiten beneit dene. In e e 1en en 1en e 1  1. 1ene Penerstenet vernen 19.
1148 270 2131 335 Leup) — Fürst Edop Rovenstein (Fritz Wisten)
1037 340 2251 409 zu setzen, hätte man damals seinen Einakter „Literatur“ ein¬
1049 374 2248 448 setzen sollen, und das Publikum hätte sich damit vergnügen
1045 413 2248 484 können, die Behandlung eines sehr ähnlichen Stoffes zu ver¬
1030 467 2247 519 gleichen, wie sie sich sehr unterschiedlich aus dem Paris des
1058 495 2245 578 Barock und einige Jahrhunderte später aus dem Wien der
1041 528 1532 586 Dekadenz ergeben hat.
1110 571 2247 643 Diesmal gab es eine einaktige Komödie und einen Dialog
1028 609 2242 679 aus der frühen Sammlung „Anatol“, der Lustspiel genannt
1038 644 2238 709 wurde und der noch eher die Bezeichnung Schwank verdient
1032 680 2242 740 hätte. Das eine ist ein Ding zum Lächeln mit einiger Gelegen¬
1034 725 2245 796 heit zum Lachen, das andere mit einiger Gelegenheit zum
1034 769 2253 821 Lächeln eine offene Aufforderung zum Lachen, wovon auch
1035 801 2232 869 herzhaft Gebrauch gemacht wurde. Wir können also eine halbe
2667 795 3128 880 S
1026 841 1687 899 Stunde unbedenklich lustig sein.
1099 886 2225 958 Arthur Schnitzler ist gleich Hofmannsthal und Beer-Hof¬
1031 909 2234 988 mann, der dann den Weg zum Zionismus ifand, aus sehr
1021 964 2229 1034 bequemen oder sicheren Lebensverhältnissen hervorgegangen;
1022 1000 2225 1058 es geschah in Wien wie hundert Jahre früher in Berlin, zur
1019 1037 2234 1103 Zeit der Felix Mendelssohn und Meyerbeer, der Michael
1017 1065 2224 1125 Beer und Ludwig Robert, daß das Judentum in stark einge¬
1022 1112 2238 1163 pflanzten und schon patrizisch gewordenen Familien eine
2745 1117 2812 1195 2
1028 1151 2220 1206 fruchtbare Mischung von Besitz und Talent hervorbrachte.
1023 1190 2226 1257 Alle diese Dichter sind leidenschaftliche Wiener gewesen und
2233 1194 3338 1259 Abschiedssouper; von links nach rechts: Mar (Martin Bra
1026 1218 2219 1291 ebenso sehr Altösterreicher geworden. Schnitzler selbst hat
2280 1237 3339 1305 — Annie (Jennp Schaffer-Bernstein) — Anatol (Fritz Wir
1025 1260 2225 1313 sich nur zweimal mit Problemen des Juden¬
3120 1285 3341 1351 Fotes: J. A
1011 1304 2233 1372 tums beschäftigt, einmal mit dem großen Roman, durch den
1017 1337 2228 1405 er keinen „Weg ins Freie“ fand, dann durch den „Professor
2236 1325 3322 1401 entstandene Lücke ohne weiteres ausfüllen können, mit
1018 1380 2228 1458 Bernhardi“, der als eine sehr männliche, besonders frauen¬
2230 1378 3337 1427 Vorbchalt allerciigs, das die Schauspielerische Täti=keit
1017 1416 2215 1478 lose Satire vielleicht zäher leben wird als alle die Stücke,
2226 1421 3333 1492 ses ergiebigen (und erfahrenen Darstellers keine Verkün
2224 1446 2523 1525 rung erfährt.
1023 1457 2217 1531 die er seiner Hauptentdeckung, den Wiener süßen Mädels
2983 1462 3343 1530 Arthur Eloe
1014 1484 1778 1555 —und anderen Liebeleien gewidmet hat.
1090 1537 2206 1601 Diese „Komteß Mizzi“ hat Schnitzler mit fünfund¬
1004 1556 2215 1644 vierzig Jahren herausgegeben, also in einem Lebensalter, in
2302 1594 3343 1653 Stuart Wehbs' letzte Rolle. Aus Prag wird uns gesch
1013 1609 2221 1683 dem der moderne Dramatiker nach einem verhängnisvollen
2214 1637 3335 1694 ben: Es wußte, zuerst niemand davon. Bis die Lokol—zk
1009 1660 2209 1719 Gesetz den ersten frischen Impetus verloren hat, ohne ihn im
2228 1671 3338 1732 der Prager Zeitungen unter den Dutzenden von rodest
1016 1690 2211 1758 Umgang mit der Bühne gegen eine gesteigerté Sicherheit ein¬
2221 1711 3328 1777 der offiziellen Polizeikorrespondenz den Namen Ernst
1017 1725 2206 1797 zutauschen. Dieser Dichter war eine Ausnahme; er hatte das
2220 1754 3335 1806 cher herausfischten, den man in einem Hotel in der Alts
1003 1764 2211 1839 weichste Handgelenk und erhielt sich am längsten die Fähig¬
2215 1789 3340 1860 tot aufgefunden hatte. In einem kleinen, engen Zimmerd
1009 1809 2212 1854 keit, überhaupt Stücke fertigzumachen. Wi-ein sind in die¬
2216 1827 3333 1876 an einer Straße gelegen, die weit ab von den Bahnen
1011 1841 2211 1888 sem nicht umfangreichen Gewebe verschiete-s Schicksale zu¬
2216 1869 3328 1922 Ruhmes war. Die Träger, die den Toten im „Institut
1014 1884 2206 1952 sammengefädelt, die vielleicht nur den einensNachteil haben,
2214 1911 3342 1974 gerichtliche Medizin“ aufbahrten, wußten nicht, wen sie
1003 1919 2211 1988 daß sie uns so von Herzen nichts mehr argehen. An die¬
2224 1946 3293 1985 auf den kalten Seziertisch legten. Aber die ganze
1011 1954 2209 2019 sem Familientag, wie der Untertitel ironisch sagt, nimmt der
2213 1979 3339 2033 Schar der Kinobesucher wird sich an diesen Mann erinn
999 2002 2202 2066 „Graf“ von seiner bis dahin treuen Liebsten Abschied, einem
2212 2019 3333 2081 der sie in der Jugend begeistert hatte. Den Namen H
1000 2034 2205 2099 solider gewordenen süßen Mädel, das sich wiederum einen
2209 2056 3338 2115 Reicher kennen nur wenige aber der Name Stu
1007 2067 2202 2123 Fiaker als treuen Gefährten für einen gesetzten Lebensnach¬
2213 2096 3336 2163 Webbs ist schon eher geläufig. Er war der erste
1003 2111 2208 2177 mittag vorstellt. Der „Fürst“ stellt dem alten gräflichen Freund
2215 2133 3327 2189 deutscher Detektivfilme, und Ernst Reicher war sein
996 2138 2199 2214 seinen natürlichen, seinen sehr natürlichen; weil eben sieb¬
2208 2172 3326 2217 steller. Eine große Serie spannender Kriminalgeschichten
995 2185 2210 2246 zehnjährigen Sohn vor, als dessen heimliche Mutter wir das
2214 2208 3342 2278 komplizierter, abenteuerlicher und aufregender Verwick
990 2235 2188 2285 reife Mädchen Mizzi entdecken. Und diese entläßt ihren letz¬
2207 2250 3330 2301 gen, aus denen sich Webbs stets im letzten Augenblick
1003 2259 2206 2346 ten Liebhaber, um sich für späte Freuden als Mutter und
2204 2290 3338 2346 überraschender Bravour herauszuziehen vermochte, ist
1001 2294 1422 2362 Gattin freizumachen.
2208 2313 3336 2390 Millionen von Zuschauern vorbeigeflimmert. Sein letzter
1066 2337 2189 2415 Kein Leser ist so lumpig, daß er nicht von High Life
2206 2359 3347 2407 „Der Schuß im Panzergewölbe“ war zugleich der gr#
989 2384 2197 2457 etwas hören will. So sagte der ehrwürdige Oliver Gold¬
2211 2402 3334 2463 Ertolg. Dann erwischte Reicher das Schicksal. Anerkannt
997 2420 2195 2491 smith. Dies beiseite — ein Vergnügen, das bei Schnitzler nie
2206 2440 3340 2499 reich war er nicht nur Rennstallbesitzer in Berlin gewes
992 2454 2198 2531 ausläßt, ist es, ihn zu hören diesen beziehungsreichen, sanft
2199 2479 3343 2544 sondern auch ein begeisterter Automobilist. Eines Tages
993 2502 2199 2560 einwickelnden, mit Pointen bestickten Dialog, von dem das
2200 2523 3331 2582 unglückte er mit seinem Rennwagen und wurde erst n
983 2549 2197 2601 Publikum allerdings noch mehr Genuß gehabt hätte, wenn
2208 2558 3326 2616 langem Krankenlager als geheilt entlassen. Freilich: er hi
986 2573 2199 2636 er von der Regie Dr. Jeßners pfleglicher behandelt worden
2202 2591 3333 2657 drei Viertel seines Gehörs verloren. Ungefähr zur gleich
986 2620 2189 2682 wäre. Besonders was Komteß Mizzi selbst zu ihrer etwas
2203 2642 3347 2698 Zeit kam der Tonfilm auf. Nun war es mit Reichers Fi
982 2641 2184 2708 schwierigen Rechtfertigung zu sagen hatte, blieb sehr im
2193 2678 3342 2736 karriere aus. Später übersiedelte Reicher, der Jude war, n
982 2677 2193 2749 Dunklen; es war der Spielleitung nicht gelungen, Jenny Bern¬
2203 2720 3341 2766 Prag. Der hünenhafte, hoch in den Vierzigern Stehen
984 2726 2182 2788 stein-Schaffer, die doch sehr viel für die Rolle mit¬
2196 2744 3343 2802 wanderte nun, ein Schatten seines früheren Ruhms, als W
980 2770 2185 2813 bringt, aus einer gewissen Verkrampftheit zu einem freien
2202 2788 3312 2853 sicherungsagent durch fremde Straßen und Büros und
985 2804 2191 2863 Spiel und einer klaren Sprache zu bringen. Dazu ein gräflicher
2192 2834 3347 2894 froh, wenn er auf dem Prager Filmhügee, dem Barrand
987 2831 2189 2906 Vater, den man als das unschuldige Opfer einer Fehlbesetzung
2200 2866 3337 2932 irgendeine kleine Statistenrolle bekommen konnte. Wie strah
978 2858 2184 2944 beklagen muß. Wenn dieser neue und sehr junge Herr Arthur
2197 2911 3326 2971 er, als er kürzlich in Duviviers „Golem“ eine Rede v
974 2905 2187 2964 Devin eine Bestimmung hat, so ist es ganz gewiß nicht die,
2188 2929 3318 3018 stummer Gestikulation halten durfte. Wenn es auch
979 2947 2187 3021 sich älteren österreichischen Aristokraten zu widmen, Sein
972 2976 2172 3062 tröstlicher Gegensatz war der verspätete fürstliche Freier,
2192 3000 3344 3052 wenige Sekunden waren, wieder einmal waren wenigste
972 3021 2177 3077 der durch seinen jungen Sohn um die- grheice Mutter wirbt.
2198 3022 3326 3085 Lampen und Scheinwerfer zur Großaufnahme auf ihn
970 3045 2183 3141 Fritz Wisten hat dazu die natürliche Liebensu Teit und
2197 3061 3352 3132 richtet. Aber als dann der Film gezeigt wurde, da war di#
979 3093 1919 3177 Lebensfarbe, vor allem die Treuherzigkeit,elie
2193 3107 3345 3170 Szene mit vielen anderen dem Schnitt des Cutters zu
2006 3110 2180 3173 genug
982 3134 1855 3198 auch ihre eigene Naivität spielen läßt. So v.
2180 3143 3345 3199 Opfer gefallen. Nun ist der Einundfünfzigjährige zwisch
1979 3154 2166 3204 er Sieb¬
982 3177 1858 3238 zehnjährige, der eben adoptierte und sche
2182 3168 3340 3251 den grauen Taneten eines fremden Hotelzimmers gestorbe
1944 3190 2166 3241 raditions-
970 3212 1854 3280 volle Philipp ein sehr natürlicher Sohn von
2186 3224 3346 3289 Den gleichen Tod wie der andere Hauptdarsteller sein
1913 3218 2177 3279 ch anmuti¬
973 3248 1870 3311 ger Keckheit; es offenbart sich immer mi
1857 3258 2184 3316 daß in dem
2182 3258 3342 3331 Filme, Max Landa, dessen Name nun auch schon längst ve
969 3286 2180 3355 verflossenen Heldenspicier Ernst Lennart ei „furchaus zum
2194 3299 2466 3355 schollen ist.
2497 3311 3346 3366 Ernst Reicher war übrigens der Sohn d
980 3318 2180 3390 Humoristen bestimmter José Ernesto Lewy verborgen war.
2192 3342 3347 3420 berühmten Otto Brahms-Schauspielers Emanuel Reiche
970 3360 2175 3431 Ein Vergnügen zum Schluß war noch von+ Hy Kann die
3276 3396 3336 3453 m.
968 3393 2176 3475 Lolo Langhüber, die vom Grafen zu ihrem““ ker übergeht.
976 3438 2173 3495 ein sommerlich reifes Frauenzimmer und gal 1900 schon
959 3482 2153 3531 durch die stilvolle Art, mit der sie ihren Sonnerhirm,han¬
2249 3451 3343 3542 Berichtigung. In dem Bericht unserer Warschauer Korr
2165 3491 3339 3572 Rpondenten „Devisensperre in Polen“ in Nr. 36 war ein sim
958 3513 2150 3589 tierte. Das Stück fand wie auch bei früheren Aufnangen einen
967 3549 2163 3624 freundlichen Beifall, den Dr. Jeßner als Abschiedsgruß vom
2167 3561 3348 3631 fentstellender Druckfehler enthalten. Es muß im 2. Absa
965 3591 2152 3669 Kulturbund nach Bern mitnehmen kann, wo wir ihm eine
2172 3593 3340 3654 (richtig heißen: „Man horcht auf, verfolgt die Ereignisse m
974 3638 1611 3701 gedeihliche Tätigkeit wünschen.
2178 3631 3351 3694 großer Spannung, man ist sich aber des Unterschiedes kla
2173 3659 3347 3745 zwischen den antijüdischen Ausschreitungen hier und
1040 3669 2150 3737 Die Anatol-Dialoge, aus denen das „Abschieds¬
2174 3699 2412 3766 Palästina.“
964 3701 2162 3776 souper“ entnommen ist, hat der gerade dem Gymnasium
966 3752 2176 3827 entwachsene Hugo von Hofmannsthal mit den enthusiastischen.
960 3787 2155 3846 Versen begrüßt: „Frühgereift und zart und traurig, die Ko¬
970 3830 2157 3889 mödie unserer Seele unseres Fühlens Heut und Gestern,
2190 3789 3353 3937 LUGANO PARKHOTEL AM SE
970 3868 2157 3933 böser Dinge glatte Formel ...“ Die ganze Wiener Literatur,
962 3899 2157 3971 am Fin de siecle hauptsächlich von jüdischen Talenten besorgt,
2666 3907 3342 3987 Das kultivjerte Haus der guten Kreis
2160 3911 2676 3999 Mniiiiinmiimmmmmmnmmntnum
966 3935 2156 4016 war eine höchst unvorhergeschene Ueberraschung. Die litera¬
2672 3957 3346 4051 Hlustr. Presp. kostenlos, Fam. Zähringe
