3436 4384
568 169 812 228 ontes
1063 174 1131 231 2
1972 170 2156 235 ien
1788 176 1873 234 am
2474 168 2897 258 box 26/4
279 181 2317 262 21. K.21 oder der Fani1 a2
2094 380 2307 469 BSATS.
2037 471 2204 559 ren:
2346 459 2990 574 iue Viees, London
2109 585 2763 678 THE STAGE SOCIETY.
2180 711 2692 794 * COMTESSE MIZZI.“
2191 779 2677 836 By ARTHURNCHNITZLER.
2184 820 2532 894 Transinten-
1968 848 2421 932 Count Arpad Pazmandy
2472 862 2885 922 Ropzar Honros
1977 904 2107 961 Mizzi
2499 909 2892 962 KarnzaINE PoLE
1969 938 2446 1009 Egon, Prince Ravenstein
2542 949 2884 995 Arnol. SruwAkr
1976 972 2123 1032 Philip
2538 979 2903 1036 GODFFREY DENNIS
1964 1014 2346 1087 Lolo Langhuber
2554 1027 2899 1068 ManGAREr Russt
1965 1051 2146 1106 Wasner
2541 1062 2904 1124 Rurzar Lomer
2134 1066 2233 1106 *
2545 1102 2827 1166 Ivo Dawson
1958 1091 2545 1168 Professor Windhofer
2005 1167 2895 1232 A foreign universitz professor talked some time
1969 1215 2894 1273 ago of the veiled polygamy and polyandry which,
1969 1266 2902 1319 he said, formed the basis of modern society. If
1971 1284 2904 1351 the author of Comiesse Mirzi is to be believed, the
1963 1330 2892 1385 veil, ab any rate so far as modern Austrian society
414 1341 706 1430 Wenden!
738 1340 1188 1440 Rückselte beachten!
1189 1370 1521 1449 Wenden!
1956 1373 2901 1433 zis concerned, is worn rather for ornament than for
1968 1405 2901 1475 tecency. He shows vou two young, or youngish,
1131 1437 1496 1524 Telephon 12.801
1969 1440 2904 1513 women in affectionate conversation, onc of whom
1960 1498 2893 1549 is, or was until yesterday, the mistress of the other's
1967 1542 2895 1592 father. The mistress is going to be married, and
1967 1573 2897 1634 the daughter, who is delighted with her, regrets that
1966 1611 2896 1664 her father should have been so old-fashioned as to
632 1593 1210 1682 „ODSEHVER
1962 1648 2910 1711 have kept them all these years apart. The father
464 1643 1439 1758 I. österr. behördl. konzession. Unternehmen für Zeilungs-Ausschnitte
1967 1692 2888 1740 politely regrets, not without a passing grace ofsenti¬
1966 1737 2890 1785 ment, his mistress’s marriage, but as a man of the
563 1719 1354 1808 WIEN I, CONCORDIAPLATZ 4
1969 1764 2890 1821 world will not stand in her way. This polite Count
797 1778 1108 1857 Vertretungen:
1968 1807 2884 1853 has for friend a no less polite Prince, who intro¬
406 1817 1500 1902 in Berlin, Basel, Budapest, Chicago, Cleveland, Christiania,
1969 1845 2897 1905 auces his son—a natural son, but to be adopted
401 1860 1500 1935 Genf, Kopenhagen, London, Madrid, Mailand, Minneapolis,
1966 1880 2897 1940 and to take the Prince’s name, and quite a nice
393 1905 1493 2000 New-Vork, Paris, Rom, San Francisco, Stockholm, St. Peters¬
1961 1918 2892 1986 boy. The nice boy wonders who his mother is,
790 1956 1106 2017 burg, Toronto.
1962 1964 2888 2022 and thinks it may be the Count’s mistress; but he
692 1979 1178 2065 (Ogellenapgabe ohue Gewähr.)
1966 2005 2894 2054 has guessed wrong—it is the daughter. It is not
1969 2042 2890 2112 quite clear why Countess Mizzi did not marry the
832 2037 1506 2148 ankrurtel Zeitung
387 2048 810 2126 Ausschnitt aus:
1965 2084 2888 2149 Prince (as soon, that is tosay, as his wife was dead);
1959 2124 2885 2182 he repeatedly made the offer, but was refused and
619 2105 1057 2193 13. OKT 1312
398 2151 557 2204 vom:
1957 2151 2888 2227 had“to console himself“' elsewhere. Indeed, they
1957 2204 2895 2254 have both consoled themselves, and with a varied##
828 2192 1574 2284 Anhauch von Nachdenklichkeit trotz
1957 2229 2892 2299 assortment of liaisons. (“ You know I, too, have
437 2246 1577 2334 per grotesken Situationen verleiht. — Dem dänischen Lustspiel
1955 2270 2876 2319 had my fling,' says Mizzi to the other lady, who
436 2279 1578 2375 war die Wiener Komödie „Komtesse Mizzi“ von Arthur
1959 2311 2879 2358 replies effusively,“ Oh, I'm so glad.*) Nor has Mizzi
428 2304 1580 2412 Schnitzler vorangestellt, jene kleine, aber vertiefte Szenen¬
1960 2354 2891 2406 seen her son from his birth until to-day. Of course
428 2339 1566 2448 reihe, in der eine Mutter dem Sohn, der sie nicht kennt, zum
1952 2379 2891 2446 vou will not expect from her any conventional
427 2378 1576 2480 ersten Male die Hand reicht. Ein aanzes Orchester von
432 2415 505 2464 1 de
1956 2435 2884 2490 nonsense about the cry of the blood. She simply,
519 2424 1227 2493 halb es verdtent, weitntn Leium y...
1959 2469 2895 2508 like any stranger, thinks the boy quiteen nice boy, ##
1952 2495 2878 2561 And as she is rather tired of her various“ consola¬
448 2507 1590 2602 Empfindungen tönt in dem Werkchen, das die Kunst Schnitz¬
1945 2540 2879 2600 tions“ (vou see her politely giving one of them,
455 2548 1598 2650 lers, rückblickend zu exponieren und dann die Gegenwart!
1955 2587 2876 2642 presumably the latest, his congé), and the Prince
448 2585 1588 2685 heranzudrängen, auf ihrer Höhe zeigt. Das ernste Vorspiel
1946 2609 2892 2684 Ponce more offers marriage, and the boy, her son,
453 2626 1596 2721 zu den später so freundlich ins Freie führenden Vorgängen
1958 2659 2894 2720 turns out to be so nice a boy, and her father’s mistress
445 2663 1587 2760 lag bei Herrn Bolz, der ihm in bester Form gerecht wurde,
1952 2698 2883 2759 is now to be happily married, and it is a fine day
442 2699 1584 2798 und Frl. Lißl, die bei aller gebotenen Beherrschung zu wenig
1955 2743 2880 2784 and she feels in a good humour—why, let them
444 2737 1582 2835 Innerlichkeit durchschimmern ließ und sich zu heroinenhaft
1944 2770 2877 2833 all go off to Ostend together, where (if she
444 2785 1574 2876 ausnahm. So kam es, daß man ihr die später einsetzende
1954 2822 2887 2878 doesn't change her mind again) you guess that
432 2809 1575 2914 Wandlung nicht recht glauben mochte — sie war eine nord¬
1945 2854 2886 2914 she will consent at last to accept her son’s father
443 2849 1566 2947 deutsche, nicht die wienerische, nicht die Schnitzlersche Kom¬
1952 2909 2873 2954 for her husband. You guess also that the boy, who
442 2889 1570 2976 tesse. Mit Vergnügen sah man auf Herrn Bauer, der den
1952 2946 2888 3002 is as sharp as he is nice, will soon know who his
438 2919 1572 3025 alternden Aristokraten, der über die Vergänglichkeit elegisch
1947 2986 2886 3044 mother is. 7' only person who will remain in the
428 2955 1571 3054 seufzt, subtil angelegt hatte; mit Wohlgefallen hörte man auf
1942 3019 2880 3073 dark will be the Count, who is clearly too simple
439 3004 1569 3098 Frl. Irmen, die ihr geliebtes Wienerisch entzückend
1955 3055 2879 3114 and old-fashioned to be told. And you must admit
437 3039 1562 3141 plauschte, und man amüsierte sich über Herrn Janssen,
1952 3083 2873 3151 that, while the morals of the party are a trifle—
432 3080 1570 3170 dem die frischen Keckheiten des hereingeschneiten Sohnes nett
1956 3132 2871 3178 what shall we say :—unveiled, their manners, all
427 3116 1557 3214 gelangen. Herrn Odemars Regie hatte dem Komtessen¬
1957 3174 2875 3215 round, are extremely elegant. In fact, it has evi¬
433 3153 1558 3243 stückchen einen hübschen Rahmen und den hin= und her¬
1954 3211 2872 3267 dently been Herr Schnitzler’s intention to present
430 3189 1563 3285 fliegenden Stimmungen das rechte Tempo gegeben, vielleicht
1950 3252 2876 3300 them all as eminently“ sympathetic’ persons. Well,
417 3231 1554 3314 gelingt es ihm noch, Fräulein Mizzis schwere Natur mit einem
424 3265 1559 3366 Hauch Schnitzlerscher Poesie anzusüßen. Die Arbeit, die in
1948 3286 2876 3356 F vou must remember, it all happens in (or near)
425 3299 1553 3386 beiden Aufführungen steckte, wurde dankbar anerkannt. An
1956 3323 2565 3366 Vienna, and perhaps it isn't truc.
415 3334 1558 3419 Beifall hat es bei beiden Novitäten nicht gefehlt. Der Wiener
1976 3341 2877 3420 After that, another Schnitzler, translated by Miss
420 3375 1573 3497 Poet ergriff und befreite, von dem nichtsnutzigen Dänen ließ,
1945 3402 2881 3465 4 (or Mrs.) Penelope Wheeler, The Ereen Cockafoo,
417 3414 1050 3494 man sich willig verführen. — ck.
1953 3436 2869 3490 which shows what was going on in an underground
897 3469 1050 3531 — „
1953 3481 2873 3526 Paris tavern on the evening they were taking thef
1944 3527 2869 3574 Bastille overhead. Hither cume jaded aristocrats in
1948 3556 2867 3614 scarch of a new thrill, and found it in watching
1940 3604 2871 3657 4 broken-down actors pretending to be criminals of
1945 3642 2871 3692 the deepest dye. A real eriminal who had got into
1949 3670 2865 3729 the place by accidlent would have told them how
1944 3711 2875 3773 hie murdered his aunt, but was soon silenced as a
1946 3753 2864 3799 hopeless amateur. This comic contrast, of reality
1937 3792 2870 3859 and pretence was, however, soon followed by a
1950 3836 2858 3884 tragie onc. The“ star?' of the company, newly
1946 3883 2875 3931 #married, acts with great force the part of a revenging
1945 3905 2866 3951 husband; he pretends to have just come from killing
1948 3951 2861 4011 ##acertain Duke in his wife’s dressing-room. So real¬
1944 3982 2862 4037 istic is his acting thateven his comrades are deceived,
1948 4025 2861 4079 and applaud him for having taken just vengeance
1944 4067 2855 4110 Von the man who was (in very truth) his wife's lover.
1944 4105 2857 4149 Atthis moment ihe Duke enters the tavern, andthe
1952 4140 2857 4177 #ctor knifes him. The aristocratie crowd. afflighted.
