3436 4320
641 252 750 317 S
852 250 1043 318 Miz:
2393 250 2806 345 box 26/1
400 262 536 316 Ko
189 253 1254 338 21. LEHTL„SEZ1 07
1284 231 2281 347 er der Fanilientag
286 1116 688 1194 23, Ru0 — —
208 1237 685 1328 Extrait du Journal:
216 1333 486 1414 Adresse:
645 1348 1096 1517 ere 1
203 1419 413 1500 Date:
458 1495 770 1639 19.1. 35
2821 1474 2965 1667 2
1321 1659 2304 1706 1Narren, einen „Stiefvater seines eigenen Wesens“,
2317 1655 3285 1703 Aber sihon zur Zeit, als Hofmannsthal den Toren]
402 1676 3261 1755 „Der Tor und der Tod“ undder eben diesen Weg ins Leben sich verriegelte. Clau= schrich, stieg ihm eine neue, frische Erkenntnis auf,
1329 1723 3270 1787 dio und mit ihm der Dichter irrten von jedem schma= und er gewann, aus seinen Zweifeln sich befreiend,
549 1733 1150 1806 „Komtesse Mizzi“
2288 1773 3268 1827 die Ueberzeugung, daß man sein „Ich“ erst dann er¬
1316 1769 2295 1830 len Pfade zur Wirklichkeit ab, weil sie es nicht wag¬
381 1787 1317 1857 Zur zweiten Vorstellung des Literarischen Zyklus
2284 1804 3267 1868 ringe, wenn man das Schicksal dieser Welt auf sich
1322 1805 2298 1869 ten, sich den Winden diesei Welt auszusetzen, und
566 1839 1137 1895 im Stadtthealer am Montag.
2280 1838 3266 1892 nehme und heraustrete aus dem Banne dieser „Vor¬
1331 1841 2304 1887 fürchteten, daß in diesen Stürmen ihr eigenes We¬
391 1865 1331 1929 (Nachfolgenden Aufsatz hat Hr. Kuno Müller, als
2280 1882 3256 1936 existenz“ in den Wirkungskreis irdischen Lebens. Daß
1334 1881 2289 1931 sen zerflattere und verloren gehe. Sie wagten nicht,
359 1907 1328 1967 Kenner der neuern österreichischen Literatur, auf Ver¬
2290 1906 3262 1967 man auch dann noch „Figur“ in den Händen eines
1335 1905 2297 1965 sich selbst aufs Spiel zu setzen und die erweckten Lei¬
351 1947 1330 2015 anlassung des Stadttheaters der Presse in liebens¬
2290 1952 3255 2009 höhern Regenten bliebe und im Großen Welttheater
1327 1955 2289 2010 denschaften zu erwidern, und so stand der Tor, zö¬
1101 1987 1313 2041 P. Sch.
352 1990 1121 2039 würdiger Weise zur Verfügung gestellt.)
1320 1986 2281 2051 gernd und beherrscht, bis der Tod nach den gepfleg¬
2292 1985 3257 2060 nur seine zugeteilte Rolle spielte, das verleugnete
398 2023 1313 2093 Oft werden (nach Jos. Nadlers Prägung) „Liebe —
2290 2034 2877 2095 Hofmannsthal auch später nie.
1320 2031 2292 2093 ten Händen griff, und das feine Lächeln erstarb in
362 2055 1320 2106 Tod — Theater“ als die Kennworte österreichischer
1325 2073 2094 2125 der Erkenntnis des eigenen Torentums.
365 2101 1341 2162 Art und Kunst erklärt. Auch hier erscheinen auf der
1353 2117 2293 2175 In spätern Jahren hat sich Hofmannsthal immer
2309 2115 3271 2184 Wie ein Walzer nach einer Sonate, wie das
355 2120 1334 2195 Bühne der Tod und die Liebe einträchtig und brü¬
1334 2149 2282 2211 wieder gedanklich mit diesem jugendlichen Zaudern
2285 2163 3261 2227 Satirspiel nach einer Tragödie, wie das Zeichen des
353 2175 1336 2232 derlich verwandt und wollen wie das Theater selbst,
1326 2205 2294 2259 vor dem Tor des Lebens befaßt und des Jünglings
2293 2194 3269 2265 Erdgeistes spricht Schnitzler=dagegen auf uns ein.
356 2200 1332 2272 nichts anderes bedeuten als schimmernde Wellen und
1328 2240 2290 2288 Zweifel weltanschaulich umschrieben. In jenen Jah¬
2288 2243 3257 2290 Da plauderttundschwaße die Menschen durchein¬
350 2243 1336 2313 wechselnde Namen des ewig einen, fließenden Lebens.
1324 2279 2292 2325 ren war der Dichter tief ergriffen von der Vorstel¬
2293 2279 3265 2336 ander, und keiner scheint zu zweifeln, daß nun jeder
396 2285 1333 2335 Zwei Dichter, die sich kaum verwandt erscheinen,
1329 2316 2290 2360 lung einer großen Allverbundenheit der Menschen
2296 2303 3269 2382 sich selbst das Wichtigste in dieser Welt bedeute. Hier
362 2313 1334 2366 erheben ihre anfänglich widersprechende Rede und
1332 2352 2279 2395 und Dinge. Er mißtraute der Welt der Einzel¬
2278 2350 3272 2410 zaudert keiner, sich ins rauschende, lockende Leben
359 2363 1324 2403 Gegenrede, und je länger man den zarten, östersei¬
1325 2382 2290 2435 erscheinungen und sah die Wesen allerorts grenzen¬
2288 2393 3253 2447 zu stürzen. Hier knausert keiner mit dem Einsatz.
351 2396 1334 2453 chisch gedämpften Worten lauscht umso ähnlicher
2287 2417 3263 2481 Frisch und fröhlich ziehen sie alle in den Liebeskrieg,
1327 2426 2292 2488 los überfließend und sich verwebend. Die Figuren
365 2428 1323 2485 werden sie sich, umso tiefer versteht der Hörer, daß
2284 2462 3267 2530 jeder hat seine Erlebnisse und seine Glücksfälle, nur
1331 2456 2293 2512 seiner Werke sprachen alle diese Gefühle aus, und
360 2475 1335 2526 Hofmannsthal und Schnitzler sich in ihrem Leben
2289 2496 2747 2560 der Stubenhocker nicht.
1319 2481 2288 2553 sie wirkten in diesem Zwielicht nicht wie menschliche
356 2511 1324 2558 sehr geliebt und wohl verstanden haben und daß auf
2316 2536 3263 2593 Aber auch ein Walzer kann schwermütig stimmen“
1332 2525 2300 2590 Gestalten, sondern eher wie Schemen und Erschei¬
358 2535 1326 2593 ihr Geheiß der Anblick des Todes auf den Lippen
1315 2564 2284 2635 nungen durch die das Schicksal wie ein großer Wind
2278 2561 3258 2622 und die anfangs heitern Takte werden auch bei
354 2573 1327 2633 des „Toren“ und auf dem schönen Mund der Kom¬
2287 2609 3259 2656 Schnitzler ernster und verhaltener. Die fröhlichen
1326 2607 2276 2660 wehte, sie ballend und zerreißend je nach Lust. Hof¬
354 2621 1330 2677 tesse Mizzi das gleiche verzichtende Lächeln erweckt.
2283 2631 3255 2702 Paare erkennen, daß Frau Welt ihre Gaben nicht
1329 2648 2287 2702 mannsthal schuf daher nicht plastische Standbilder
410 2643 1332 2715 Hofmannsthal schrieb sein lyrisches Drama als
2290 2673 3266 2741 verschleudert, daß ihre Huld zuletzt gar teuer bezahlt
1328 2688 2294 2736 wie für ein klassisches Drama, nein, eher Bilder wie
356 2680 1332 2738 Neunzehnjähriger und schlug damals so seltene und
2281 2717 3254 2774 wird und daß die Schöne seltsam strenge Rechnung
1338 2724 2286 2781 für einen gewebten Teppich, durch die kommend und
362 2724 1337 2785 überraschende Klänge an, daß er der Welt noch im¬
2286 2747 3259 2819 führt. Und wenn sie sich auch noch so ausgelassen
1321 2760 2290 2833 gehend die Fäden schlugen, Gestalten, die keiner her¬
367 2769 1332 2828 mer als der Dichter des „Tors“ in Erinnerung blieb,
2282 2787 3258 2860 gebärden, alle diese Paare des Reigens sie wissen
2192 2799 2294 2854 In
1327 2798 2209 2855 ausschneiden konnte, ohne daß sie zerfaserten.
352 2794 1335 2862 als seine Entwicklung längst andere Wege genom¬
2285 2828 3258 2892 schon alle um das Ende un dumarmen sich vielleicht
2172 2840 2291 2890 den
1329 2843 2197 2894 dieser Stimmung glaubte Hofmannsthal sich
366 2839 1327 2896 men hatte. Damals hörte die Jugend vor allem den
2298 2865 3263 2925 nur deshalb so sehnsüchtig, weil draußen schon der ##
1322 2873 2291 2932 ewigen Mächten nahe verbunden und was er fürch¬
362 2873 1334 2918 schwermütig tönenden Geigenstrich einer müden To¬
2294 2908 3262 2958 Tod umgeht und das Scheiden. O, es ist immer mehr
1324 2912 2293 2971 tete, wenn er sich den Kräften des Diesseits ergäbe,
357 2918 1347 2966 dessehnsucht und zurückhaltenden Weltablehnung und
2284 2947 3264 2997 suchen als Finden. Und wenn der ewige Zusprecher
1332 2941 2293 3013 war der unwiderbringliche Verlust dieser gehüteten
362 2960 1327 3003 verkannte, daß der Dichter nicht zuerst dem schönen
2285 2982 3261 3039 seine letzten Worte sagt und der Vorhang niedersaust,
1321 2988 2290 3035 Allverbundenheit, aus der ihm alle Inspiration floß.
354 2994 1333 3043 Tod ein Loblied sang, sondern mit schmerzlichem
2283 2998 3258 3070 dann stehen die sentimentalen Mädchen und die fri¬
1329 3029 2290 3073 Werke christlicher Neuplatonik und die resignierten
362 3022 1331 3087 Mühen den seltsam versperrten Weg ins Leben
363 3053 3254 3104 suchte. Hofmannsthal pries Claudio, den Verschlos= Stellen aus Goethes Faust umschmeichelten ihm Ohr] volen Herren alle sehr bestürzt auf den Brettern des
2319 3088 3262 3167 eeren Theaters und möchten weinen, als hörten sie
360 3098 1576 3163 jenen, nicht als Helden, sondern schalt ihn einen und Sinn.
