3344 4352
158 264 335 357 21.
2335 212 2792 315 box 26/3
335 278 2209 364 Kontesse Mizz1oderderPani Lientar
1159 650 1566 748 Telephon 12.801.
620 719 1375 889 „OBSERVER“
452 872 1545 966 I. österr. beh. konz. Unternehmen für Zeitunge¬
665 943 1343 1001 Ausschnitte und Bibliographie.
636 989 1402 1077 Wien, I., Conoordiaplatz 4.
849 1059 1194 1123 Vertretungen
462 1105 1559 1163 in Berlin, Brüssel, Budapest, Chicago, Cleveland, Christianis,
458 1154 1551 1205 Genf, Kopenhagen, London, Madrid, Mailand, Minneapolls,
460 1189 1555 1257 New-Vork, Paris, Rom, San Francisco, Stockholm, St. Petere¬
853 1229 1163 1283 burg, Toronto.
804 1257 1211 1331 (Quollenangabe ohne Gewähr.)
450 1320 849 1406 Ausschnitt aus:
852 1356 1397 1463 Budapester Presse,
465 1419 1280 1531 gom:  I. FEÜRUAR 19 Bädapest
514 1509 1505 1602 Hiektordes Kahmimnner Selgngent-kecters.
664 1520 1583 1619 Schnitzler und Schöpherr- im Berliner
525 1600 1564 1686 Lessing-Theater. Wie under Berliner Korre¬
527 1638 1580 1731 spondent telegraphierl, brachte das Lessing-Theater
1737 1694 2675 1772 aber die Schauspieler selber mit dem Dichter
518 1707 1579 1798 -uihnn Schuifelers Einakter „Komtesse Mirei“ neu
1749 1743 2669 1819 nicht mitgehen, einerlei aus welchen äußerlichen
523 1758 1576 1852 einstudiert zur Aufführung. Das kleine Stück
1756 1778 2682 1862 oder innerlichen Ursachen, dann bleibt die ohne¬
533 1806 1573 1887 gesiel trotz der nur mittelmäßigen Darstellung.
1750 1822 2668 1925 hin etwas schwerblütige Zuhörerschaft erst recht
538 1866 1580 1949 Hingegen wurde die folgende, vor drei Jahren
2025 1873 2674 1947 kam denn Arthur Schnitzlers
1754 1889 1990 1963 zurück.
538 1918 1581 1998 schon im Hebbel-Theater gespielle „Erde“ von
1757 1915 2676 1995 „Komtesse Mizzi“ und ihre gesellschaftliche
1753 1964 2668 2045 unantastbare Sauberkeit, trotz ihres er¬
540 1978 1574 2054 Karl Schönherr sanft abgelehnt. Es lag an dem
1752 2003 2667 2072 wachsenen unehelichen Sohnes, völlig zu ihrem
534 2023 1579 2100 auf die Dialekte Hauptmannscher Bauernstücke
1756 2046 2669 2129 Rechte. Das heißt: die Zuhörerschaft ließ sich
536 2073 1578 2156 eingespielten Ensemble, das Schönherrs urwüchsige
1766 2081 2685 2167 willigst von dem geistreichen Spötter und Ver¬
543 2127 1573 2207 Gestalten nicht zur vollen Gellung zu bringen ver¬
1756 2131 2681 2218 spötter der gesellschaftlichen Heucheleien leiten
1766 2182 2673 2254 und nahm all die glitzernden Bosheiten und all
538 2167 1591 2249 mochte und stellenweise ungewollte Heiterkeit her¬
1755 2222 2680 2291 die zugespitzten Anzüglichkeiten mit verständnis¬
530 2246 738 2316 vorrief.
1760 2261 2673 2346 innigem Behagen entgegen, ja sie fing sie förm¬
1768 2308 2683 2382 lich auf, als sie noch gewissermaßen in der Luft!
1775 2343 2688 2426 schwebten, während sie für die tiefen poetischen
1103 2340 1665 2427 Salia, Malland, Minneapena,
552 2382 1665 2476 alis, kom, San Francisco, Stockholm, St. Pesera¬
1767 2388 2682 2469 Schönheiten, für die herben Ehrlichkeiten, für
971 2448 1276 2497 burg, Toronto.
1763 2434 2681 2505 die psychologischen Treffsicherheiten der Gestalten
909 2480 1319 2546 (Quellonangube oime Gewanr.)
1766 2476 2691 2561 wie der dramatischen Situation kein inneres
1774 2526 2689 2598 Verständnis zu haben schien. Und vielleicht
565 2530 975 2620 Ausschnitt aus:
1763 2575 2686 2659 überragt Schönherrs „Erde“ an dichterischem
672 2590 1138 2688 -I. FEB. 1912 .
1772 2614 2689 2692 Werte dem vielbejubelten Trauerspiel „Glaube
1776 2652 2686 2743 und Heina““ um ein erhebliches Stück. In
633 2654 771 2752 im 1
554 2666 656 2767 221
1774 2703 2687 2782 dieser Schonherrschen Dichtung steckt ganz
946 2646 1749 2800 Magdeburgische Zeitung
1776 2741 2689 2826 entschieden ein echt komödienhafter Zug. Wie
1783 2781 2701 2867 sich alle diese Bauern und Bäuerinnen mit
1793 2831 2703 2903 ihren an und für sich wahrlich genug bedauerns¬
1044 2888 1098 2935 —
1797 2867 2702 2946 werten Schicksalen, mit ihren gottgewollten Ab¬
1794 2911 2704 2990 hängigkeiten abfinden, wie alle ihre Sehnsuchten
1799 2951 2698 3036 sich sozusagen wieder zurückschlingen und wie sie
936 2920 1721 3060 Berliner Theaterbrief.
1794 2997 2700 3095 schließlich in ihrer ungebrochenen Einfalt doch
867 3046 1773 3134 (Schnitzlers „Komiesse Mizzi“ und Schönherrs
1785 3046 2711 3119 über alle Widrigkeiten obsiegen — der alte!
1230 3094 1430 3160 „Erde“.)
1802 3074 2710 3162 Grätz, diese knorrige Prachtgestalt, sogar über
1802 3134 2701 3213 schweres Krankheitsungemach — das alles ist
921 3132 1775 3211 Gestern kamen im Lessingtheater ein raffiniert¬
1800 3171 2719 3246 prächtig ersunden, nicht minder kräftig zum
915 3190 1780 3264 odern und großstädtisch eingetenselter Bühnen¬
1795 3220 2714 3302 Ausdruck gebracht und durch die lückenlose
896 3247 1785 3299 priftsteller und ein völlig naiv=gradsinnig
1801 3268 2707 3333 dramatische Entwicklung zu einem künstlerischen
906 3277 1779 3331 upfindender Dichter zu Gehör. Oder richtiger
1800 3303 2723 3374 Gebilde gestaltet. Der lauen Aufnahme gegen¬
901 3301 1795 3383 usgedrückt: gestern hielt die übliche Berliner
1799 3365 2718 3431 über, die Schönherrs „Erde“ bei der Zuhörer¬
906 3361 1782 3438 uhörerschaft der Erstaufführungen ihr ver¬
1798 3396 2722 3477 schaft gesunden, kann man nur mit dem alten
908 3400 1795 3477 seintlich angestammies Gericht über zwei
1800 3432 2718 3520 Römerspruche antworten: Victrix causa diis
901 3456 1793 3512 ühnenliterarische Erzeugnisse, die allerdings
2185 3478 2715 3550 — usw. In Wien hat
906 3489 1795 3562 us den denkbar schärfsten dichterischen An¬
1799 3502 2190 3568 placuit, sed victa
1804 3519 2723 3600 Schönherrs „Erde“ schon seit einer ganzen Reihe
894 3531 1788 3601 hauungsgegensätzen entsprossen sind. Das
1809 3571 2719 3647 von Jahren Bühnenheimatsrecht am Burgtheater
902 3580 1796 3645 zerdilt, das die verehrlichen Literaturgeschworenen
1805 3607 2725 3685 erworben. Dort an der Donau hat man den
908 3620 1797 3682 bgaben, war, piychologisch betrachtet, nicht ohne
1812 3653 2723 3727 Dichter und seine Absichten verstanden, und hier
903 3660 1794 3724 inen gewissen Reiz. Es lantete zugunsten des
1812 3698 2729 3772 an dem angeblich grünen Strande der Spree
909 3714 1796 3778 lasiert=geistreichen, großstädtischen Empfindungs¬
1805 3753 2725 3815 hat es an dem Willen oder an der Aufnahme¬
912 3755 1799 3824 enossen, dagegen zuungunsten des stark¬
1815 3783 2725 3874 fähigkeit gefehlt oder es hat, wie schon ange¬
901 3793 1790 3861 mpfindenden, bauernverständigen Dichters.
1820 3828 2731 3903 deutet, an der innerlichen Unzulänglichkeit
898 3843 1795 3905 Vielleicht trug auch die Darstellung zu diesem
1819 3875 2729 3956 der Hauptdarsteller gelegen, daß der Dichtung
896 3888 1804 3950 Beschworenenspruch bei; denn sie half dem Groß¬
896 3930 1806 3996 tadtsatiriker durch ihre gelungene Anpassung zu
1810 3926 2724 4023 nicht ihr gebührend Recht geworden.
889 3971 1806 4050 einem Erfolge, während sie den derbehrlichen, aber
1863 3975 2465 4054 Berlin, 31. Januar 1912. —
884 4021 1807 4087 empfindungsechten Verdichter der Bauernseele
2343 3991 2633 4104 +
889 4059 1870 4140 so ziemlich vollständig im Stiche ließ. Sobald1
2181 4140 2297 4221 —
