3484 4224
2459 97 2894 204 box 26/2
271 112 2301 208 21. Konlesse Mizzioderder Fanirientag
1188 1141 1587 1251 Telephon 12.801.
1347 1250 1529 1310 ##nm
1241 1253 1366 1343 De
1437 1295 1483 1336 S
483 1261 630 1349 —
1449 1299 1506 1380 an
628 1288 1322 1403 = „UbSLRVEN
474 1364 1585 1479 I. österr. behördl. konz. Unternehmen für Zeitungs-Ausschnltte
614 1447 1459 1546 Wien, I., Concordiaplatz 4.
814 1527 1283 1594 Vertretungen
2147 1523 2780 1631 Klose & Seidel
488 1571 1581 1628 in Berlin, Budapest, Chicago, Christiania, Genf, Kopen¬
489 1636 1587 1698 hagen, London, Madrid, Mailand, Minneapolis, New-Vork,
2058 1601 2873 1685 Bureau für Zeitungeaueschnitte.
526 1660 1546 1736 Paris, Rom, San Francisco, Stockholm, St. Petersburg.
1998 1652 2916 1763 Berlin NO. 43, Georgenkirchplatz 211
823 1707 1260 1774 (Quellenangabe ohne Gewähr).
493 1735 1657 1881 Ausschnitt aus: Deutsches Abendblatt, Prag
2069 1767 2857 1844 (Liest die meisten Zeitungen und ist das
2079 1833 2876 1917 bestorganisierteste Bureau Deutschlands.)
492 1865 643 1953 vom:
988 1847 1471 1981 12. APP 1910
618 1955 1395 2056 Kgl. deutsches Landestheater.
2626 1958 3003 2067 —.—
1847 1970 2710 2122 Zeitung:—g.
569 2033 1479 2111 Vokstümliche Vorstellung. Vier
865 2082 1166 2143 Einakter.
2536 2082 3064 2177 —
1867 2092 2383 2191 SfI: —
598 2097 1495 2190 Sudermann's „Fritzchen“ ist eine atemver¬
530 2174 1487 2234 setzende, ergreifende Tragödie. Die Titelrolle gehört
2346 2155 2615 2240 Berl
2431 2179 2910 2279 11
1867 2204 2379 2297 Datum:
534 2226 1489 2281 zu den besten Leistungen Ferdinand Onnos. Wie
535 2275 1487 2323 in einem schwülen Fiebertraum zeigt er uns die
2471 2270 2888 2379 18 MAl 1916
533 2313 1481 2379 letzte, schwerste Wunde des guten, weichen Jünglings,
1904 2308 2103 2391 Gruigee
532 2370 1485 2430 den eine mißverstandene Familientradition in den
1926 2344 3114 2430 „Schnitzler=Abend in München. Aus München WID uls
1911 2414 3109 2472 gedrahfet: Die Erstaufführung von Arthur Schuitzlers Komödie
536 2410 1481 2467 glashart und ebenso scharf differenzierten deutschen
1908 2453 3109 2503 „Comtesse Mizzi“ gefiel bei glänzender Darstellung mit Marie
537 2459 1487 2529 Offiziersstand gedrängt hat. Die beiden Problem¬
1910 2485 3098 2553 Glümer als Komtesse außerordentlich. Die Stückchen „Literatur“
527 2510 1475 2560 Komödien „Der Graf“ und „Auferstehung"
1907 2530 3112 2580 und „Letzte Masken“ ergänzten den Einakterabend Schnitzlers, der
534 2556 1487 2613 sind dramatische Radierungen von seliener Schärfe
1905 2567 3118 2637 im Repertoire des Schauspielhauses eine Erholung von seichter
1904 2608 2393 2686 Schwankkost bedeutete.
541 2605 1486 2668 und tiefgefurchten Schattenzügen. In dem ersten
527 2641 1492 2704 Stücke stand Herr Rittig als Ideal=Hochstaplerk
536 2699 1489 2765 Max Graf Festenberg etwas unsicher auf seinen
528 2750 1486 2803 führenden Posten. Die „Auferstehung“ hat in des
535 2796 1478 2874 Gestalt des Klavierlehrers Schenk einige einfache
526 2837 1479 2912 drastische Wirkungen, die uns Herr Romanows¬
513 2889 1481 2947 ki charakteristisch vermittelie. Nicht besonders glück¬
524 2937 1489 3010 lich war Herr Faber in der Maske des uner¬
509 2980 1482 3055 wartet genesenen Konstantin Trübner; er setzte
522 3035 1477 3094 dadurch die fein angelegte, satirische Gestalt gleich
522 3081 1484 3132 von Beginn an um eine Stufe tiefer. Den stärksten
515 3133 1486 3198 Lustspielerfolg des Abends hatte die einaktige Im¬
505 3184 1480 3249 pertinenz aus dem österreichisch=ungarischen Adels¬
508 3234 1481 3277 milieu „Komtesse Mizzi“ von Schnitzler. Sie
512 3277 1475 3341 wird bei uns sehr gut gespielt dies
509 3324 1474 3399 mal, mit zwei Neubesetzungen, die freundlichste Auf¬
517 3377 1464 3433 nahme. Herr Frieberg spielte den Grafen Pay¬
515 3421 1476 3481 mann; er braucht den Vergleich mit seinem trefflichen
506 3476 1441 3536 Vorgänger in dieser Rolle — mit Gustav Löwe —
504 3513 1470 3578 nicht zu scheuen. Auch Herr Romanowski er¬
508 3565 1479 3633 zielte mit seinem echt Weauerschen Fiaker Wasner
509 3612 1487 3695 einen separaten Lacherfolg. Das Haus war gut
513 3659 1180 3731 besucht und unterhielt sich prächtig.
1302 3667 1471 3734 B. R.
592 3702 1525 3783 Zum Gastspiel Willy Thaller. Willy Thaster
503 3758 1473 3815 mird an nmei auf einankon t.Tonhan Tac
