3532 4128
2452 117 2905 209 box 26/1
262 146 2315 233 21. Kontesse Mizz 1oder-der-FaniLientan
1357 1412 3319 1502 auf offener Bühne eine Pause ein, während welcher vollen szenischen Gedanken, nämlich dem, daß ein
1373 1452 3328 1523 sich zwei Frauen umkleiden. Das Publikum be= Vorgang unmittelbar hintereinander sich im Traum
338 1314 1244 1554 isegenikleton.
1379 1501 2353 1568 nutzte diese Pause, um sich weidlich auszuhusten.
2335 1509 3328 1571 und in der Wirklichkeit wiederhokt. Adalbert kehrt,
1481 1552 2361 1614 Sache des Regisseurs ist es, nicht bloß Wie¬
2338 1558 3323 1605 von seinem Freunde Wolfgang begleitei, nach kurzer
1171 1458 1389 1644 7/1 0
1345 1574 3326 1661 ) verholungen, sondern auch Pausen zu streichen oder Abwesenheit bei Nacht auf sein Landgut zurück, will
637 1586 1213 1677 Einakter=Abend.
1372 1624 3327 1709 ste auszufüllen. Im Ganzen hatte man nicht den aber seine Frau nicht mehr stören und legt sich
516 1662 3314 1734 Das Haus war ausverkauft. Vier Einakter Eindruck, als ob diese Geschichte dem wirklichen aufs Sopha in dem Zimmer vor dem Schlafzimmer
395 1716 3327 1777 als Novitäten zu volkstümlichen Preisen — ein Leben entnommen sei, obzwar ja oder vielleicht weilider Frau nieder. Sein Freund, ein Mann mit
410 1770 3317 1815 so reiches Menn lockte gar viele an und nach dem das Problem der wilden Offiziersehen schon mehr- magnetischen Gaben, schläfert ihn ein und da er
2352 1806 3330 1881 unter dem Eindrucke der Schilderung des
408 1799 2342 1866 Beifalle zu schließen, war das Publikum auch von sach im Theater behandelt worden ist. Die ganze
2342 1848 2653 1924 Glückes steht,
413 1855 2354 1913 jedem Gang befriedigt. Am stärksten war der Bei= Geschichte von der Erbschaft ist überflüssig. Das
2629 1842 3321 1919 das Adalbert an der Seite
419 1890 3330 1960 fäll nach dem Einakter „Wilde Ehe“ von Jak. Stück könnte einfach da anfangen, wo der Bruder ge=seiner Frau genießt, so weiß er ihm nichts
1379 1938 3320 2007 steht, die ihm anvertraute und durch die Arbeit Besseres für seinen Traum zu iuggerieren,
424 1939 1395 2000 [Fürth, einem heimischen Autor, der mit diesem
1382 1979 2360 2041 der Schwester endlich auf den vollen Betrag ge¬
2342 1976 3327 2041 als daß er von der Wirklichkeit träume.
441 1988 1400 2043 Slück eine Probe aus einem Zyklus, der einige
1367 2021 3326 2093 brachte Kaution veruntreut zu haben. DadurchAdalbert träumt, daß ein Mann aus dem Schlaf¬
436 2022 1095 2098 Probleine der Ehe behandelt, bot.
522 2073 3331 2125 Ein Mädchen, das fünf Jahre mit einem kame das Publikum um gar keine Ueberraschung, zimmer seiner Frau, mit Rosen in der Hand, her¬
407 2103 3332 2186 gauptmann verlobt ist und ihn durch den glück= da es beim ersten Wort von den beim Bruder hin= ausschreitet und sich durch den Garten hinaus¬
404 2143 3333 2223 lichen Umstand einer Erbschaft nun zu heiraten in terlegten Ersparenissen merkt, daß etwas faul ist. begibt, wobei er im Zimmer eine Rose fallen läßt.
1471 2206 3313 2235 Lebendig und natürlich ist die Person der Der Träumer erwacht, ruft den Freund herbei
414 2203 1399 2257 der Lage ist, sieht sich durch das Geständnis ihres
420 2255 3331 2304 Bruders, daß er die Hälfte der Kaution veruntreut Kostfrau und Frau Baumgart hatte mit ihrer aber die Roje ist nicht zu finden und die Türe, durch
409 2291 3319 2345 habe, vor die verzweiflungsvollste Situation, ge=Darstellung auch einen Applaus bei offener Szene. die er den Verräter schleichen sah, zeigt sich als ge¬
2338 2320 3337 2403 schlossen. Er hat geträumt, läßt sich beruhigen, legt
405 2322 2360 2406 stell!. Da sie kaum noch die Aussicht hat, des Hoffentlich gelingt es dem Verfasser, der sich in
2343 2377 3331 2435 sich wieder auf sein Sopha und da mit wachen
405 2379 2360 2437 Hauptmanns Frau zu werden, entschließt sie sich, guten literarischen Formen zu bewegen weiß, durch
415 2420 3330 2482 sich ihm hinzugeben und in „wilder Ehe“ mit ihm die nunmehr erfolgte tatsächliche Aufführung seiner! Augen muß er sehen, was ihm der Traum schon ge¬
2341 2461 3329 2522 zeigt hat, einen Mann, der aus dem Schlafzimmer
415 2449 2344 2519 zu leben. Das ist gewiß ein seyr lobenswerter Ent= „Wilden Ehe“ in legitime Beziehungen zur Bühne
2338 2508 3330 2566 seiner Frau kommt, die Rose fallen läßt und sich
414 2501 2358 2567 schluß, aber es ist dramatisch nicht genug für ihn zu treien. Gestern wurde er — wie schon bemerkt
1385 2554 2359 2609 — vielmals gerufen und imt Lorbeerkränzen ge¬
2338 2551 3323 2613 durch die Gartentüre entfernt. Wiederum eilt der
416 2559 1408 2617 getan. Weder aus dem Charakter des Mädchens,
413 2593 2346 2651 noch aus dem des Hauptmanns ergeben sich genug ehrt. Die Heldin des Stügles, Frl. Niedt, gab
2348 2597 3319 2651 Freund, durch seinen Schrei herbeigerufen, ins
418 2637 3321 2693 Anhaltspunkte, um einen solchen umwälzenden Ent#der erwartungsvollen und enttäuschten Braut viel Zimmer ruft den halb Bewußtlosen ins Leben
1380 2678 2304 2732 Innigkeit mit dem nötigen sinnlichen Einschlag.
2338 2666 3312 2737 zurück, sieht zu seinem Schrecken wirklich die Rose,
412 2680 1394 2743 schluß zu erklären und zu rechtfertigen. Dagegen
1484 2708 3323 2781 Eingeleitet wurde der Abend mit Fuldas und obzwar er sie rasch verbirgt, kann er doch nicht
415 2723 1408 2791 werden verschiedene Vorkommnisse mehreremale
1381 2753 3325 2819 „Traum des Glücklichen“ einer Dichtung verhindern, daß Abalbert die vorhin geschlossene
404 2773 1389 2828 hintereinander erzählt. Zum Beispiel gesteht zuerst
1390 2798 3323 2860 mit den merkwürdigsten Voraussetzungen und einem Türe offen findet. Der Tragödie bricht der Dichter
416 2816 1390 2868 der Bruder seiner Schwester die Veruntreuung, dann
415 2838 3330 2911 erzählt das Mädchen dieselbe Geschichts ihrer Kostal Gemisch von Traum Wirklichkeit und Märchen, die Spitze ab, indem er den Freund abermals von
420 2906 3335 2967 frau und schließlich ihrem Bräungem. Auch trittjaufgebam auf einem überaus glücklichen und effekt-seinen hypnotischen Künsten Gebrauch machen läßt.
950 2924 2142 3138 Ace
