3436 4384
1295 174 1450 251 ode
2493 190 2935 290 box 26/4
309 178 2338 303 21. Kontesse Mizz1#der Fanilientag
470 987 780 1092 Oktober
1540 997 1756 1085 Wiene,
1125 1041 1741 1198 — Allgemeine
454 1201 625 1295 olle.
446 1282 617 1360 ellen.
1258 1224 1752 1424 Raspi
445 1369 722 1474 euterer
450 1445 714 1513 stag zu
442 1491 706 1576 sie die Be¬
1126 1429 1729 1585 und die om
2140 1567 2727 1665 Frankfurter Zeitung
444 1571 693 1663 atessis,
702 1599 1337 1706 Erinnerungen an den Hof
1538 1634 1687 1702 Von
421 1636 698 1715 irektor von
699 1647 1321 1734 des letzten Zaren. Die
430 1691 550 1765 en.
1343 1675 1726 1779 Boris Alm.
694 1701 1328 1783 Veröffentlichungen er¬
2381 1696 2797 1796 9. Apr. 1920.
701 1760 1315 1834 scheinen täglich in Fort¬
1320 1742 1722 1841 Ins Deutsche 5
410 1769 624 1877 cader
703 1810 1328 1877 setzungen in der „Wiener
1990 1786 3053 1885 Frankfurter Schauspielhaus.! Die Einakter „Ab¬
1524 1826 1661 1884 von
1883 1817 3057 1927 schiedssouper“ und „Komtesse Mizzi“ erbrachten einen
706 1855 1297 1934 Allgemeinen Zeitung.“
1398 1867 1704 1953 Emil Re
1880 1881 3051 1971 amüsanten und beifallsfrohen Schnitzler= Abend. Um die
793 1914 1694 2016 M
1875 1916 3053 2001 Grazie dieser Wiener=Dialoge kännen-uns die Franzosen beneiden,
406 1908 679 2005 tet: Anläß¬
1884 1959 3053 2037 die doch von Konversation auch einiges Verstehen. Allerdings fehlt
413 1990 675 2060 awischen
1871 1991 3059 2075 bei den außer=wienerischen Darstellungen doch meist die wienerische
824 1992 1488 2117 Kasputins Ende.
1874 2037 3048 2114 Originalvertonung Hier mußte Arthur Bauer als Komtesse
416 2043 679 2114 izen Lande
1583 2054 1686 2131 rü
1875 2088 3056 2134 Mizzis jovialer Papa sein Oesterreichertum doppelt einsetzen, um
685 2075 1592 2164 Aus den Memoiren des ehemaligen Duma¬
418 2091 678 2174 iuser an¬
1586 2114 1698 2174 im
1885 2120 3046 2188 für die nördlicheren Töne seiner meisten Kollegen zu entschädigen.
777 2142 1498 2234 mitgliedes Wladimir Purischkewitsch.
418 2148 675 2229 ne Gruppe
1878 2160 3054 2232 Er tat es mit voller Wirkung, verbreitete die Stimmung herbstlicher
1596 2158 1689 2233 ha
1872 2197 3043 2263 Milde im Garten seines Schlößchens, trug uns hinweg über die
412 2201 668 2276 i um neun
765 2192 1685 2294 Der Mönch Rasputin, der Jahrzehnte hin¬ An
1875 2223 3046 2303 Mainlinic zur schönen blauen Donau. Auch Robert Thoeren hatte
683 2243 1589 2357 durch eine überragende Rolle am russischen Hof
409 2257 664 2340 d schlug
1877 2268 3038 2336 das Idiom, auch die melancholische Weichheit für den Hofmanns¬
1586 2263 1677 2338 fer
1882 2314 3044 2380 thalschen Prolog zu „Anatol“ und die milde Geste des Abschieds¬
678 2301 1681 2401 gespielt hat und insbesondere auf die letzte] R
399 2311 656 2387 aus irgend
1884 2348 3038 2418 Liebhabers; doch im zweiten Stück fehlte zwar nicht die Lustig¬
668 2362 1677 2465 Zarin einen unbegrenzten Einfluß hatte, ist un
399 2362 658 2431 et waren.
1880 2388 3070 2468 keit, jedoch die schwer spielbare Naivetät des siebzehnjährigen Fürsten
670 2408 1576 2508 schon zu seinen Lebzeiten eine fast mystische
415 2425 652 2490 nationaler
1572 2437 1662 2510 3
1888 2448 3056 2545 Philipp. Frau Sagan, die auch die Spielleitung des Abends
667 2469 1574 2551 Erscheinung gewesen. Schauderhaft und grauen¬
405 2464 652 2544 gepflogener
1899 2480 3044 2568 führte, nahm die Komtesse Mizzi mehr preziös als liebenswürdig.
1571 2499 1657 2549 w
1893 2525 3042 2605 Die Ueberlegenheit der Frau wurde von ihr mit Absicht härter be¬
668 2515 1673 2633 erregend ist sein Ende, von dem man jetzt in
381 2511 649 2604 lizei bisher
1889 2563 3033 2643 tont als gewöhnlich, was die Situation ihres abgedankten Geliebten
656 2573 1665 2680 Einzelheiten aus den Memoiren des ehe¬ H.
380 2582 657 2652 böhnlich nur
1889 2601 3041 2675 und Vater ihres Kindes zu stärkerer Komik brachte. In Odemars
665 2629 1659 2709 maligen Dumamitgliedes Wladimir Purisch= di
366 2637 642 2708 eutscher und
1889 2639 3035 2722 norddeutscher Fassung blieb der persönliche Effekt des etwas unbe¬
1878 2681 3027 2752 deutenden Wiener Politikers leider aus. Hier schrie es wieder ein¬
649 2657 1431 2764 kewitsch hört. Er erzählt darüber:
370 2689 644 2759 pfer fielen.
1590 2703 1663 2784 J.
1878 2705 3019 2799 mal nach Georg Lengbach, der für solche Rollen s. Zt. geboren
728 2746 1564 2829 „Prinz Jussupoff hatte Rasputin zu einem
360 2744 639 2818 Fenster ser¬
1890 2749 3029 2831 wurde, und den man kurioserweise vom Schauspielhaus gehen ließ
1557 2769 1658 2825 di
1903 2787 3030 2870 woran man immer wieder erinnern soll. Daß aber Temperament
649 2782 1556 2879 Souper im engsten Kreise eingeladen. Der Wein
360 2798 635 2869 ingeschlagen,
1879 2835 3025 2917 und lebendiger Funke auch den Mangel an Wienerblut und Wiener¬
646 2846 1566 2935 und die Mehlspeise waren mit einer enormen
357 2852 628 2926 diesem Tage
1886 2857 3007 2947 sprache vergessen lassen können, bewies Renée Stobrawa mit
639 2899 1558 3001 Dosis Blausäure versetzt worden. Im
363 2902 634 2982 Unter diesen
1889 2897 3025 2984 ihrer Annie im „Abschiedssouper“. Sie war in ihrer holden Be¬
1883 2932 3014 3028 schwipstheit der wahre Knalleffekt des Abends Um ihres lustigen
645 2951 1554 3051 Palais des Fürsten befanden sich mehrere in
391 2959 628 3035 Komitates
1887 2976 3014 3061 Lachens um Arthur Bauers freundlicher Reden willen, lohnt es,
1541 2986 1647 3069 *
643 2997 1539 3100 das Attentat eingeweihte Personen in unge¬
345 3015 633 3089 räsident des
1881 3012 3012 3101 sich diesen Schnitzler=Abend anzusehen. Und noch eines: Man
1875 3057 3021 3147 spielte in der Mode des biedermeierlichen Jugendstils von 1900 und
637 3048 1549 3153 duldiger Erwartung der Wirkung im Neben¬
345 3074 622 3154 g nun die
1865 3092 2979 3180 erlebte das Wunder des Wechsels aller sog. Schönheit. Dbd.
632 3112 1541 3211 raum des Speisesaales. Endlich erschien
344 3126 619 3197 n und es
1966 3139 3019 3223 [Fordgeschichten.] Es war einmal ein Chauffeur, der
1544 3125 1632 3214 1
627 3165 1535 3260 Jussupoff bei den Wartenden. „Es ist uner¬
338 3177 630 3248 er „Organi¬
1859 3171 3013 3252 rühmte sich bei seinen Kameraden, daß er mit verbundenen Augen
1863 3214 3032 3320 alle Automobilmarken am bloßen Geräusch des Motors erkennen
622 3218 1547 3313 hört“, sagte er, „er hat zwei Gläser Wein ge¬
350 3232 518 3303 sowie
1855 3250 2012 3307 könnte.
1914 3274 2461 3358 ## „ fl.WI „
623 3279 1527 3369 trunken und mehrere Stücke von der Mehlspeise
341 3285 614 3369 jewitsch,
1541 3308 1601 3396 5
629 3333 1518 3426 gegessen; das Gift hat nicht die geringste
621 3387 1529 3475 Wirkung auf ihn. Ich weiß nicht was ich tun
622 3430 1520 3519 soll.“ Man riet dem Fürsten, noch etwas zuzu¬
319 3453 460 3550 sse
1516 3481 1607 3546 ei
624 3496 1518 3588 warten. Als Jussupoff dann das zweitemal
1530 3529 1603 3592 so
607 3538 1523 3631 herunterkam und neuerdings berichtete, daß
320 3534 595 3630 edonien.
1515 3582 1616 3657 65
611 3600 1522 3702 keine Wirkung zu beobachten sei, beschlossen
1517 3629 1602 3693 „
603 3655 1281 3732 wir, Rasputin zu erschießen.
304 3652 604 3746 en Zeitung.
688 3705 1504 3799 Jussupoff ging zurück in den Speisesaal
1519 3774 1614 3850 B
598 3761 1541 3866 und bald darauf hörten wir den Schuß. Wir
309 3757 1515 3931 eben die fanden Rasputin an Boden mit dem Tode
3033 2425 3081 2490 1
