3532 4224
268 195 2311 270 21. Kontesse Mizzi oder der Fanilientas
1920 477 2292 575 Telephon 12.801.
1210 637 1316 682 —
1371 628 2060 728 „UBSEHVEN
1208 707 2317 796 ## österr. behördl. konz. Unternehmen für Zeitungs-Ausschnitte
1337 793 2198 867 Wien, I., Concordiaplatz 4.
1527 850 1981 926 Vertretungen
1201 896 2308 959 in Berlin, Budapest, Chicago, Christiania, Genf, Kopen¬
1200 952 2307 1015 hagen, London, Madrid, Mailand, Minneapolis, New-Vork.
1247 996 2258 1047 Paris, Rom, San Francisco, Stockholm, St. Petersburg.
1554 1034 1979 1098 (Quellenangabe ohne Gewähr).
1881 1040 2175 1145 3 5 1909
1195 1085 1597 1150 Ausschnitt aus:
1396 1123 2099 1242 Pester Lloyd, Budapest
1199 1172 1364 1253 vom:
1573 1207 1919 1302 Kbendblatt
1444 1313 2012 1408 Theater und Kunst.
1230 1377 2241 1475 Gastspiel des Deutschen Volkstheaters.
1539 1450 1910 1523 Von Ernst Goth.
1855 1477 2307 1564 Budapest, 3. Mal.
1212 1529 2326 1625 Die Herren Guinon und Bouchinet, deren Komödie
1135 1602 2335 1667 „Vater“ man am Samstag sah, scheinen Männer so
1133 1650 2323 1715 ungleicher Art, daß es überrascht, sie in gemeinsamer
1143 1701 2333 1757 Arbeit vereint zu finden. Ununterbrochen bemüht man
1139 1758 2326 1821 sich, den Einzelspuren ihrer Persönlichkeit nachzugehen,
1136 1795 2328 1868 und wenn das Stück geendet, ist man geneigt, den ersten
1128 1831 2338 1916 und den vierten Akt ganz dem einen, den zweiten und
1127 1906 2271 1977 dritten ganz dem anderen zuzuschreiben. Dieser eine -
1125 1953 2337 2009 gleichgültig, welcher von beiden — stellt sich als biederer,
1147 1989 2327 2051 ein wenig redseliger, oft peinlich gefühlvoller Herr ohne
1141 2036 2346 2112 besondere Eigenzüge dar. Er hat die äußere Fertigkeit
1132 2083 2339 2149 des realistischen Schilderers und die Seele eines Redakteurs
1132 2139 2329 2205 der Gartenlaube. Der andere aber ist eine moderne
1132 2186 2337 2251 Künstlernatur von vielerlei unwägbaren, zarten Reizen.
1138 2235 2335 2303 Er hat etwas vom gelassenen, lautlosen Witz Capus' und
1133 2282 2332 2349 von der müven Innigkeit Donnays. Er ist kühl, ruhig,
1132 2326 2332 2406 vornehm, proklamiert keine neue Ethik und sieht dem
1137 2375 2324 2431 Leben mit einer Art desillusionierten Versöhnlichkeit zu.
1145 2434 2332 2489 Dabei bemüht er sich ersichtlich schlicht und wahr zu sein.
1136 2476 2331 2539 Aber es ist jene Wahrheitsliebe, die Schnitzler einmal —
1499 2526 2325 2611 die „Aufrichtigkeit ermüdeter Lügner“
1134 2528 1444 2598 im „Anatol“
1132 2583 1340 2654 nannte.
1236 2617 2327 2688 Menschenvon solcher Gegensätzlichkeit pflegen sich
1139 2673 2328 2737 sonst auf der Straße nicht zu grüßen. Hier aber
1137 2710 2278 2791 schreiben sie — mit ziemlich erkennbarer Arbeitsteilung —
1142 2769 2329 2839 gemeinsam ein Stück. Der brave Gartenlaubeonkel hat
1134 2817 2336 2891 natürlich den Vortritt. Und er schildert uns mit phrasen¬
1139 2875 2331 2939 reicher Umständlichkeit das recht farblose, bescheidene Heim
1135 2919 2335 2973 der Madame Orsier, deren lebenslustiger Gemahl nun
1139 2965 2349 3026 schon achtzehn Jahre lang nichts von sich hören ließ
1138 3017 2325 3080 und all die Zeit auch auf sein gesetzliches Recht ver¬
1141 3060 2336 3128 zichteie, die kleine Jeanne einen Monat im Jahre bei
1149 3119 2328 3173 sich zu sehen. Die kleine Jeanne ist unterdeß groß ge¬
1136 3160 2339 3205 worden und hat sich eben verlobt. In der matten
1149 3206 2338 3272 Freudlosigkeit dieses Familienkreises erscheint als Licht¬
1151 3245 2338 3329 strahl die Nachricht, daß Papa steinreich nach Paris
1148 3308 2328 3376 zurückgekehrt ist und seine Tochter zu sehen wünscht.
1143 3340 2328 3412 Und Jeanne macht sich auf den Weg zu ihm. Nun erst,
1153 3398 2329 3464 nachdem der ganze erste Akt nicht mehr brachte, als
1148 3455 2327 3516 sonst Kammerdiener und Zofe in den gewissen Einleitungs¬
1148 3501 2335 3556 szenen mitzuteilen pflegen, kann das Spiel beginnen.
1154 3545 2339 3633 Und nun nimmt auch der andere, der feinere der
1160 3594 1587 3677 Autoren das Wort.
1233 3630 2336 3711 Jeanne sitzt neben dem gealterten, aber immer noch
1154 3692 2336 3755 frohgemuten Viveur, der ihr Vater ist und den sie bis¬
1149 3740 2336 3806 her nur aus den gehässigen Worten der Mutter kennt.
1142 3791 2344 3861 Und in Gesprächen, deren Sinn und Inhalt sich zwischen
1140 3834 2347 3906 und hinter die Worte versteckt, erwacht in ihr allmählich
1143 3896 2337 3955 eine unbegreifliche Sehnsucht nach der freieren, leichten,
1151 3923 2340 4011 beschwingten Art der Lebensführung des Vaters und
1150 3991 2345 4051 gleichzeitig ein noch unbegreiflicherer Widerwillen gegen
1149 4034 2349 4092 die pedantische Oede, die kaffeeduftende Behaglichkeit des
1152 4082 2347 4154 mütterlichen Heims. Undeutlich, aber mit leisem inneren
1149 4138 2323 4192 Jubel beginnt sie zu fühlen, wo ihre mahre Heimat liegt
2451 156 2901 248 box 26/1
