3532 4192
2464 118 2918 213 box 26/1
274 158 2333 247 21. Kontesse Mizz ioder der FaniLientag
1052 1244 1419 1340 S
2613 1192 3295 1375 Ignaz Gottwald,
530 1303 2485 1417 Wolfgang führt Adalbert auf das Sopha zurück, ihre Pointen mit echter Nobiesse vor. Da war
2732 1352 3159 1438 Prag. Graben Nr. 2.
526 1360 2492 1459 zwinat ihn zu schlafen und suggeriert ihm vollständi= nichts Gekünsteltes, nichts Geziertes, sie gab wirk¬
2484 1399 2565 1464 8
1505 1414 2496 1478 lich die freigesinnte, freilebige und durch das Leben!
520 1424 1504 1509 ges Vergessen des eben erlebten Traumes und der
1493 1457 2477 1538 sehr klug gewordene Frau. Neben ihr tat sich be¬
529 1473 1505 1538 darauf erfolgten Wiederholung in der Wirklichkeit.
1495 1499 2482 1583 sonders Herr Rittig in der Rolle des erneuerten
525 1512 1513 1572 Herr Faber gab den Freund sehr diskret, Herr
2689 1391 3248 1602 Vom Jage.
1505 1558 2481 1609 Liebhabers Fürsten Ravenstein hervor. Frl.
537 1559 1506 1622 Onno den betrogenen Ehemann mit dem stärksten
1488 1601 2479 1664 t [Klein war für eine ehemalige Hosopernballerine,
2531 1573 3377 1660 Wiederverheiratung des Prinzen
532 1597 1512 1686 Ausdruck des Entsetzens, des Schmerzes, der Wut
1499 1647 2479 1703 die mit einem Grafen 17 Jahre lang ein Verhält¬
520 1650 889 1733 der Hilflosigkeit.
2577 1640 3326 1728 Friedrich Schaumburg=Lippe.
1515 1678 2477 1740 nis unterhielt, doch ein bischen zu urwüchsig. Herr
636 1665 1506 1751 Als zweites Stück erschien Schnitzlers
2552 1695 3415 1767 Wie eine Sonderausgabe des „Anhaltsche
1514 1722 2487 1787 [Loewe als Graf Pazmandy brachte seine Pointen
533 1721 1506 1800 „Komtesse Mizzi“ oder „Der Familientag“.
2473 1753 3410 1833 Staatsanzeigers“ meldet, erfolgte am Samstag d#
530 1772 2471 1835 Es ist anläßlich der vor kurzem erfolgten Première wirksam und zur Belustigung des Publikums vor,
2465 1795 3406 1855 6. d. M. auf Schloß Georgium bei Dessau die Ver
537 1808 2478 1885 im Volkstheater hier besprechen worden. Komtesse wirkte aber mehr in den Einzelnheiten als durch die
2467 1838 3412 1909 lobung der Prinzessin Antoinette Ann
531 1852 2473 1924 Mizzi ist ein Mädchen von 37 Jahren, das vor 17 Schaffung einer Gestalt aus dem Vollen, die dieser
2470 1877 3414 1949 einer Nichte des Herzogs von Anhalt, mit der
540 1883 2485 1957 Jahren ein Verhältnis mit einem verheirateten Graf zweifellos ist. Herr Balder war ein netter
2476 1933 3406 1994 Prinzen Friedrich zu Schaumburg=Lipp
538 1953 2466 2009 Fürsten hatte; die Sorge für das Kind, das diesem Absolvent, ein hoffnungsvolles Früchtel. An Echt¬
539 1965 2938 2058 Verhältnis entsproß, überließ sie ganz dem Für= heit kam dem Frl. von Helling jedoch nur Herr auf Nachod in Böhmen.
2575 1991 3420 2071 Prinz Friedrich zu Schaumburg=Lippe wur
1512 2020 2066 2110 [Fischer als Fiaker gleich.
545 2020 1511 2106 sten. Damals wäre sie bereit gewesen, sich vor aller
1608 2062 3414 2122 Die Komödie ist eine scharfe Satire, aber am 30. Januar 1868 auf Schloß Ratiboritz gebor#
536 2063 1523 2146 Welt zu dem Kinde zu bekennen und mit dem Für¬
1521 2096 3406 2171 man spürt die Wahrheit der Schilderung und es ist und vermählte sich am 5. Mai 1896 mit Prinzess
548 2113 1518 2190 sten wohin immer zu gehen. Dieser aber war selbst
1511 2153 3403 2222 so viel liebenswürdige Lustigkeit darin, daß die Luise von Dänemark, einer Schwester des König
529 2146 1524 2223 verheiratet und wagte keinen Eciat; so entäußerte
1514 2180 3409 2259 Satire nicht verletzt. Vielleicht veranlaßt der große Hakon von Norwegen. Anfangs Janutr 1906 e
540 2205 1517 2277 sie sich auch der Empfindungen für das Kind und
2479 2227 3410 2283 krankie Prinzessin Luise auf Schloß Ratiboritz
542 2242 2487 2317 begann ein recht freies Leben, in dem verschiedene Erfolg der „Komtesse Mizzi“ den Dichter dazu sich
2476 2252 3428 2326 Genickstarre und starb am 4. April desselbe
533 2302 2372 2371 Männer und zuletzt ein Zeichenlehrer eine vorüber- einmal ausgiebiger dem Lustspiel zu nähern.
1614 2305 3410 2397 Den Schluß des Abends bildete ein franzö= Jahres im Alter von 21 Jahren. Die neue Brau
545 2335 1525 2410 gehende und folgenlose Rolle spielten. Der Fürst
2477 2355 3415 2419 des Prinzen, Prinzessin Antoinette Ann
1514 2374 2488 2438 sischer Scherz „Der selige Oktave“. Ein junger
536 2377 1523 2453 kommi nun zurück mit dem Sohne den er adoptiert
550 2385 3396 2491 hat, freit um sie und wird wohl erhört werden. Der Mann kommt so betrunken nach Haus, daß er für wurde am 3. März 1885 geboren; sie ist das einzi
554 2428 3407 2523 Vater der Komtesse Mizzi hat auch ungefähr 17 tot gehalten und auf das Paradebeli gelegt wird In Kind des verstorbenen Erbprinzen Leopold vo
552 2484 3423 2579 Jahre lang ein Verhältnis mit einer Ballettänzerin dieser Lage hat er Gelegenheit die wahren Empfin- Anhalt und dessen Gemahlin Elisabeth geborene
551 2570 2954 2630 unterhalten, die sich aber eben jetzt entschlossen hat, dungen seiner Geliebten und seines Kammerdieners Prinzessin von Hessen.
1516 2600 2485 2654 kennen zu lernen. Der Gedanke ist alt und eigent¬
543 2598 1531 2676 in den Hafen einer bürgerlichen Ehe zu segeln und
2611 2594 3364 2666 4— (Aus der österr. Gelehrtenwelt.)
1525 2630 2498 2693 lich sehr spärlich ausgenützt. Herr Viktora als
541 2646 1525 2706 sich mit dem Fiakereigentümer Wasner zu ver¬
1523 2651 3415 2742 seliger Oktave wußte aber seine Situation als Le= Machfolger Dr. Luksch wurde zum Prosektor un
551 2682 1535 2750 heiraten. Sie schlägt sogar den Heiratsantrag des
1508 2701 3392 2778 bendigtoter so komisch zu gestalten, daß auch dieses Wirekt#des bakteriologischen Laboratoriums
552 2727 1389 2811 alten Grafen aus, weil sie sehr gescheit ist.
2286 2727 3423 2811 I. 7. Ezernowitz Dr. Hu# Raubilschek aus Wic
659 2753 2121 2852 Die Titelrolle gab Frl. von Helling mit Stück Beifall jand.
2490 2793 2694 2865 ernannt.
559 2799 1561 2890 schr viel Anmut und mit Witz. Sie brachte alle
