3344 4352
2346 376 2805 481 box 26/3
157 383 2319 481 21. Kontesse Mizzj oder der Fanilientae
893 1604 1417 1700 —
1644 1603 1846 1708 HNTF TGEAK IAIE
366 1693 1460 1747 Zwischen= und Zwittercharakter, das Missing-link¬
1527 1697 2597 1745 Else Lehmann (Mena) war sie ganz, ohne jedoch
365 1738 985 1803 Wesen ihrer Komtesse,
984 1737 1470 1802 das Angesäuerte und
1490 1735 2598 1800 diesmal durch Besonderes zu überraschen.... Mathilde
359 1776 1477 1837 Verbitterte, den Nachgeschmack einer ernsten und tiefen
1490 1793 2590 1860 Sussin, in zwei völlig verschieden gearteten Rollen,
359 1838 1470 1891 mißhandelten Jugendliebe, und den Frohsinn, die Pi¬
1490 1838 2605 1894 als fröhlich=lachende liebesglückliche Theaterprinzessin!
3008 1845 3098 1928 21
354 1890 1470 1949 kanterie der Lebenskünstlerin, welche der Liebe darum
1489 1895 2607 1943 und vergrämte Bauernmagd, hielt sich bei Schnitzlers#
356 1930 1471 1999 nicht gram wurde und am vollkommensten mit ihr sich
1494 1934 2588 2005 ebenso glücklich wie bei Schönherr. Heinz Monnard
356 1979 1461 2048 zurechtfindet, da sie sie nicht mehr ernst nimmt und nur
1487 1978 2597 2071 und der prächtig naive, frische Walter im Salon, Kurt
2587 1967 2707 2054 Ge
367 2035 1472 2091 als angenehmsten Zeitvertreib noch auskostet, — die ab¬
1488 2032 2586 2100 Stieler und Margarete Albrechts vortreffliches Toten¬
363 2079 1466 2143 gestorbene Seele unserer Dekadenz=Poesie, für welche
2622 2084 2699 2140 ko
1489 2098 2594 2159 weible, Karl Forest auf dem Bauernhof gaben
363 2125 1470 2184 nur noch das Genießen als Rest übriggeblieben von
1494 2127 2145 2209 tüchtigste Lessing=Theater=Kunst.
2606 2133 2698 2187 K
2346 2142 2566 2220 Julius Hart.
360 2168 1467 2224 den Gaben des Künstlers. Das Fünkchen alter Liebe,
1972 2186 2087 2290 69
355 2223 1470 2301 das beim Anblick ihres Sohnes wieder in ihrem Auge
1742 2273 2303 2383 Novellen-Gedichte.
366 2324 1473 2378 mal wieder zu einer großen und starken Flamme auf¬
364 2370 1477 2431 leuchten und werden, und auch in unserer Kunst den
1489 2349 2581 2443 Ein neuer Novellenband von Felix Salten ist im Instt=Ver¬
2606 2370 2709 2432 lic
369 2421 1460 2479 Geist einer Erotik verbrennen, welche eine Angst vor
1495 2426 2581 2506 lag zu Leipzig erschienen. Das Buch nennt sich nach dem
354 2461 1470 2517 dem Kinde ist und vor bloßem Genießen nicht mehr
1489 2476 2482 2538 ersten seiner drei Stücke: „Das Schicksal der Agathe“.
353 2517 1460 2578 zu schaffen und zu produzieren vermag. Emanuel Rei¬
1523 2529 2588 2587 Agathe! Der stille Heiligenschein um diesen Namen glänzt
366 2573 1474 2634 cher war ein köstlicher Vater Mizzis, ungaorrischer
2607 2559 3285 2642 Geiste zu einer frühen Vergungenhei
1488 2556 2582 2625 über wüstem Land und erstickt in einem unerhört scheußlichen
368 2613 1465 2677 Graoff und Standesherr, Lolos Liebhaber, — und als
2601 2619 3284 2683 blüht nun hier im Sterbefieber des
1485 2612 2592 2676 Frauenschicksal. Die Zeit ist's von Rudolf von Habsburg,
362 2661 1478 2715 alter Grutz Karl Schönherrs noch sehr viel reicher an
1494 2668 2593 2715 und später fällt ein Schatten vom Vatermord des Johann
2616 2662 3294 2729 der verkommenen Ulrike, ihre schön
363 2711 1473 2757 der ganzen Fülle Reicherscher Kleinmalerei, an allen
2615 2706 3282 2780 poetischer Einfall, fast eine Theorie, ist
1488 2720 2587 2779 Parricida, verübt an Kaiser Albrecht, in die Geschichte. All
358 2761 1466 2828 Subtilitäten einer in feinste Einzelheiten eindringen¬
1496 2766 2588 2825 deutsch und österreichisch Land ist durch Kriegszüge ver¬
2641 2765 3290 2827 Auch die zweite Erzählung: „Heimf
367 2812 1470 2877 den Charakteristik. Freilich, diese so ganz einzige und
1496 2822 2585 2876 wildert. Landsknechtscharen und Räuberbanden brechen ein
2615 2820 3295 2866 tümlichkeit: Von einem wohlausgeglich
369 2857 1466 2926 besondere Überklugheit und die Raffinements dieser
1539 2872 2581 2930 heute da, morgen dort. Eine Kumanenhorde aus Ungarn
2601 2862 3295 2932 dem breiten Strome des Lebens gleich
364 2906 1472 2964 Kunst schmecken noch mehr nach Kultur als nach Natur,
1499 2904 2591 2963 überfällt unversehens eines böhmischen Edlen Schloß, das
2600 2911 3287 2980 Phantasie, ein Gedanke getragen. P#
368 2963 1480 3019 und der bäuerische Erdenmensch wird von ihm mehr
1498 2962 2592 3015 eben noch im tiefen Frieden und im Frühlingssonnenschein
2609 2967 3290 3025 Verfassers, auf einer Agypten=Reise
370 3008 1461 3067 gedacht als erlebt. Das Ursprüngliche, Springsaftige
1486 3007 2583 3063 lag. Der Ritter und seine Leute werden totgeschlagen, das
2610 2992 3296 3080 kunstvoll aus dem Rohstoff zu Geschm
361 3059 1474 3113 und Derbe, Einfache, Kraftstrotzende, das der Poet hat
1488 3053 2582 3111 Schloß verbrannt; die zarte Ulrike aber, seit drei Wochen des
2608 3055 3291 3119 leicht hat Salten die gefährliche jung
355 3096 1471 3169 darstellen wollen, steht immer widerstrebend solcher
1495 3102 2587 3160 Ritters reusch=blühende Gemahlin, schleppen die Menschen¬
2607 3103 3296 3170 die von dem stillen, unheimlich bleiche
372 3146 1471 3221 Spitzfindigkeit gegenüber. Es fehlte. Es war über¬
1482 3154 2584 3229 tiere mit ich fort. Durch viele, viele Jahre und durch weite
2605 3153 3292 3224 Wind zum fremden Mann hinüber
1481 3199 2580 3275 Länder geht es. In Ulrike ist eine seltsame Veränderung ge¬
2607 3203 3288 3269 Samum ihn verwirrt. Und Salten d
363 3189 1457 3272 haupt zu wenig Luft, Freiheit und großer Zug in
363 3242 1460 3311 dem Schönherr=Spiel, zu viel Pause und Stillstand,..
1495 3255 2584 3320 schehen. Sie, einst voll Seelenadels, hat den letzten Zu¬
2609 3255 3271 3318 Frau, während ihre geschmeidigen
367 3295 1472 3357 abgesehen davon, daß mit der Mundart in höchsten
2605 3300 3281 3360 Umarmung beben, dem Umgarnten
1484 3289 2591 3356 sammenhang der Erinnerung mit ihrer Vergangenheit und
367 3345 1056 3415 Verzweiflungen gekämpft wurde.
1489 3342 3298 3428 ihrem zerstörten höheren Sein verloren. Sie lebt stumm und ] Mann!“ Es kommt nicht zum Mord
