3436 4384
219 71 2237 195 21. Konlesse Mizzi oder der Fanilientax
2397 91 2857 185 box 26/4
2573 305 2819 361 — — —
2296 292 2548 377 Taraef¬
2070 364 3123 471 Ausschnitt ams Pisches Contrabian, Teinz
2074 429 2262 507 vom:
2335 442 2569 514 14 9KT 197
2058 426 3130 615 eeneeenehen ene ie enneng.
1974 591 3131 653 wahrscheinlich um die Zeitverhältnisse zu nutzen, im Alten Theater
1974 629 3130 693 einen österreichischen Abend. Arme österreichische Literatux, wenn du
1971 658 3132 721 in dieser Zeit wirklich nichts anderes zu bieten hättest als Schn###l##
1969 682 3130 774 prickelnde Leichtfertigkeiten, wie seine Kemödie „Komtesse Mizzi“
1968 748 3125 802 und sein Lustspiel „Literatur“ und Stephan Zweigs Spiel aus
1958 762 3112 842 dem deutschen Rokoko „Der verwandelte Komödiant“, das zum
1971 809 3114 867 ersten Male hier zur Aufführung gelangte. Dieses Stück steht auf sehr
885 820 1331 892 (Quellenengabe ehne Gewdar).
1968 839 3125 916 schwachen dramatischen Füßen, fesselt aber durch seine Kunstbegeisterung.
1974 882 3112 953 Am 16. September folgte eine im ganzen recht ansprechende Neuein¬
548 881 1677 979 Ausschmitt aus:t Sipzigel Reussis Kachlichier
442 835 497 956 *
1964 915 3105 993 studierung von Sudermanns Schauspiel „Das Glück im Winkel“.
1966 962 3120 1042 Am 23. September wurde, ebenfalls im Alten Theater, „Der siebente
754 946 1063 1032 11SEP1320
1955 991 3116 1069 Tag“ ein Lustspiel von Rudolf Schanzer und Ernst Welisch, gegeben.“
1964 1026 3112 1091 Das Stück ist nichts weiter als ein zum Lustspielschwank verzerrter¬
1960 1066 3116 1143 *Operettenunsinn, der seine äußere Armut hinter dem so beliebt gewordenen?
510 1080 1582 1189 Kaufe Wissenschaft anterhal
1958 1120 3118 1170 Rokokozauber, vorm Krieg war Biedermeier Trumpf, und seine innere¬
1960 1143 3112 1217 Dürftigkeit hinter ziemlich unzeitgemäßer Lebensweisheit und knalligen?
1958 1180 3114 1255 Reimereien zu verbergen sucht. Natürlich fand es trotz manchen öden
546 1182 1496 1281 Oesterreichische Einakter.
1954 1222 3107 1297 Strecken und bis zum Einschlafen langweiligen Wiederholungen lebhaften
550 1241 1741 1321 „Der verwandelte Komödiant“ von Stefan Zweig,
1955 1257 3120 1324 Beifall. — Bedeutend mehr Beachtung verdient die Neueinstudierung
513 1283 1779 1368 „Komtesse Mizzi“ und Literatur von Artur Schnitzler (Altes
1960 1297 3106 1372 von Hebbels Trauerspiel „Judith“, das am 23. September d. J.
622 1332 1656 1416 Theater, Leipzig, am Sonnabend, den 9. September).
1956 1338 3111 1405 im Neuen Theater gespielt wurde, und wäre es auch nur wegen des
1963 1376 3098 1447 in Maske und Spiel gleich vortrefflichen Holofernes von Lothar Körner,
578 1375 1789 1459 Ein auregend buntschillernder Abend zog vorüber. Drei Wiener
1956 1414 3105 1485 denn alles andre, sowohl Ausstattung als Darstellung, erholsich=nicht
507 1416 1780 1490 Einakter entfalteten echt Wiener Poeten= und Literatur=Kunststücke...
1947 1440 3100 1524 über ein bescheidenes Mittelmaß; auch Marta Preng als Judith ent¬
511 1458 1794 1530 Spielerisch tändelnd zwischen Scherz und Ernst, mit anmutig lächelnder!
1953 1490 3110 1556 täuschte, ja mußte enttäuschen, da ihre Begabung auf einem ganz andern
510 1485 1785 1570 Gebärde hinableuchtend in allerhand Abgründe im weiten Land
1961 1529 2876 1597 Gebiet als dem der tragischen Heldin 4 1—
499 1523 1779 1610 menschlicher Beziehungen, die liebenswürdig nachsichtsvoll mit zier¬
498 1568 1773 1634 lichem Blumengerank witziger Einfälle umkränzt werden; dann plötz¬
502 1604 1775 1686 lich sich vertiefend, um einen funkelnden Gedanken in geistreichem
510 1645 1778 1721 Bühnenspiel recht eindrucksvoll hin= und herzuwenden und in solchem
492 1666 1778 1755 * Spiel fast leidenschaftlich warm werdend — wer kennte sie nicht diese
1887 1699 2144 1798 13 389 1017
491 1735 1769 1790 echt österreichische Art, Leben und Kunst unter dem Gesichtswinkel des
2350 1732 3191 1839 DRESDNER ANZEIGEF
500 1767 1640 1813 amüsant beziehungreichen Spiels zu sehen und zu gestalten
493 1806 1768 1864 von uns ist solch gefährlich reizvollem Tändeln mit Formen, Gedan¬
493 1848 1779 1914 ken, Werten nicht lächelnd unterlegen, zumal wenn Meister der spie¬
3018 1852 3117 1926 L.
479 1896 1772 1944 gelnd geschliffenen Wortkunst wie Zweig und Schnitzler als anmutige
2045 1875 3166 1944 *Alberttheater. Zwei Stücke wurden am Mittwoch
493 1932 1302 1980 Zauberkünstler auf der Bühne erscheinen.
1972 1917 2197 2002 gegebet:
1376 1937 1775 2000 Das Medusenhaupt
2206 1944 3158 2005 Arthur Schnitzlers Komödie: Komtesse
490 1952 1768 2021 der alles verwandelnden, alles prüfenden, eisernen Zeit vermochte der
1986 1978 3015 2038 Mi# und Siener Krug.
3015 1989 3149 2040 Das
482 2003 1763 2072 künstlerischen Ueberlegenheit dieser Wiener Spielwaren nichts
1991 2020 3152 2075 Schnitzkersche Stück führt ermer: Der Familientag.
480 2048 1762 2112 anzuhaben. Den rein menschlichen Gehalt und seine Eigenheiten
1977 2052 3160 2130 Es könnte auch den Titel Reigen tragen, wenn es auch
479 2083 1769 2157 machte sie uns um so rückhaltloser deutlich. Schnitzlers Familien¬
1987 2092 3158 2155 nicht so lückenlos wie dieses andere Stück Schnitzlers den
486 2110 1765 2195 Komödie „Komtesse Mizzi“ und auch seine derbere Parodie „Litera¬
1987 2131 3155 2196 Liebesreigen zwischen Fürst und Komtesse, Komtesse und
490 2156 1757 2231 ier“, die uns seit Jahren als prickelnde Feinschmeckereien bekannt
1985 2171 3148 2237 Professor, Graf und Operettensängerin, Operettensängerin
480 2199 1762 2243 sind, erhielten im Licht des „Heute!“ einen sonst nicht bemerkten Bei¬
1984 2199 3152 2276 und Fiaterlutscher darstellt. Eine Parodie auf das, was
486 2233 760 2286 geschmack ...
750 2243 1759 2302 Reiner und volltöniger wirkte daneben der Ernst eines
1981 2245 3154 2293 man im bürgerlichen Leben unter Familie versteht, vermag
484 2266 1759 2336 leidenschaftlich vorgetragenen Sichbekennens zum alleinseligmachenden
1983 2271 3154 2344 ich nicht darin zu erkennen; auch vermöchte ich die Be¬
489 2321 1757 2386 Künstlertum, wie es Stefan Zweig, mehr feinfühliger Lyriker als
1978 2328 3153 2399 rechtigung Schninlers dazu nicht einzüsehen. Es will mir
478 2350 1758 2425 starker Stückebauer, in seinem Spiel aus dem deutschen Rokoko „Der
1975 2358 3158 2431 scheinen, als ob sich Schnitzler ausgegeben habe; als ob die
476 2396 1761 2462 verwandelte Komödiant“ in schönen, wohllautend hin¬
1975 2405 3151 2467 zarten, schwebenden Stimmungen, die einst in seinen
477 2435 1757 2504 rollenden Versen auf der Höhe des Spiels aufleuchten läßt. Ein dent¬
1983 2434 3158 2517 Wiener Stücken melancholisch und zugleich verliebt ver¬
482 2458 1764 2539 scher Komödiant muß den Verdacht des Fürsten im Zimmer seiner
1975 2470 3151 2540 woben waren, unglaubwürdig und abgestanden wirkten.
1981 2520 3169 2575 Der Schnitzlersche Einakter lächelt wie ein alter Bon¬
472 2501 1757 2565 Maitresse durch Rezitation solange ablenken, bis die Flucht des
481 2545 1761 2622 Galans geglückt ist. Daß ihm im Feuer des Vortrags die volle Selig¬
1972 2551 3165 2622 nivant, der ein bißchen Rot auf die Wangen legt und von
1978 2594 3157 2652 den Frauenerfolgen früherer Zeiten gern erzählt. Die
480 2577 1763 2666 keit des Künstlerbewußtseins aufsteigt, die nun den gebrückten, ver¬
1969 2633 3150 2699 blendende Garderobe von einst ist wohl noch da, aber die
483 2628 1751 2691 achteten Burschen zum Herrscher erhebt und verwandelt, das ist ein
1966 2668 3171 2740 Hand, die das Einglas ins müde Auge klemmt, ist schon
486 2665 1754 2750 schöner Gedanke, der eine bedeutsame dramatischer Entladung und eine
482 2701 1292 2753 schauspielerische Paradeleistung ermöglicht.
1980 2703 3143 2768 ein bißchen zitirig geworden und die Leute fragen sich:
1985 2737 3151 2813 Was war denn eigentlich so entzückend an dem Mann?
557 2737 1748 2809 Das Stadttheater bot in Inszenierung und Darstellung in allen
1973 2771 3154 2843 „Das Stück glitt recht nett vorüber. Man freute sich an
471 2780 1788 2872 drei Fällen vorwiegend Gutes. Als Komtesse Mizzi erfreute Anka)
1971 2815 3150 2881 Wiga Limburgs Wiener Komtessenherrlichkeit, die auch
472 2825 1755 2893 Kernic wiederum durch die strahlende Frische und Lebensfülle ihres!
1967 2860 3151 2917 die 34 Jahre noch recht gewinnend erscheinen ließ, an
469 2861 1749 2926 Spiels. Sie entwickelte eine prachtvoll=sieghafte Art, über alles auf¬
1973 2897 3144 2963 Klemens Schuberts Jugendlichkeit, wohl auch an
470 2894 1743 2966 gestapelte Heikle der Situation mit echt Wiener Grazie hinwegzu¬
1972 2927 3140 2991 Haus Steiners und Beruh. Springers Leistung, sah
475 2945 1743 2999 schreiten. Eine vortreffliche Studie nach dem Leben bot Emil Mame¬
1967 2981 3141 3029 über ein paar Mängel hinweg und wandte dann seine Auf¬
471 2974 1742 3042 lok als gefühlvoller Graf Arpad Pazmandy, auch sein Literatur¬
1972 3012 3143 3069 merksamkeit dem Zerbrochenen Krug von Kleist zu,
478 3014 1746 3079 zigenner Gilbert in „Literatur“ hatte kräftigste Farbe. Kurt
1962 3051 3148 3116 der anerkanntermaßen sehr hohe Anforderungen an jeden
476 3064 1748 3128 Stieler lieh dort dem alternden Fürsten Ravenstein, hier dem
1977 3083 3146 3145 Mitspielenden stellt. Mit der Charakterrolle des Dorf¬
463 3078 1734 3157 jungen Sportsmann Klemens seine mit überlegener Sicherheit zu¬
1966 3128 3145 3187 richters Adam trat Anton Franck in einer Aufgabe
471 3133 1741 3184 greifende Kunst. Als von der Literatur belastete Margarete hätte
1973 3160 3146 3221 vervor, die von jeher die Charakterkomiker gereizt hat. Er
460 3170 1743 3225 Martina Otto ruhig noch etwas von ihrer Damenhaftigkeit zugunsten
1977 3205 3145 3245 brachte die große Ausdrucksfähigkeit seines Spiels und
457 3210 1744 3269 des Bohémetums abgeben können. In dem Rokokospiel kam ihre
1974 3245 3142 3306 seiner Gesten mit, hielt sich im ganzen zurück und strebte
464 3252 1745 3311 graziöse Erscheinung als Favoritin des Fürsten genugsam zur Gel¬
1963 3276 3131 3340 durchaus erfolgreich nach künstlerischen Wirkungen. Sein
463 3292 1739 3353 tung. Die schwierige Rolle des Komödianten sprach Lothar Körner
1970 3319 3136 3374 Können und die humoristische Kraft seiner Darstellung
461 3329 1734 3389 mit inbrünstigem Sichvertiefen in den Goldglanz der Berse. Das
1972 3364 3137 3410 setzten sich überall durch. Kurz, er hat als Dorfrichter
465 3364 1742 3419 sehr angeregte Publikum hätte dem anwesenden Dichter gerne seinen
1973 3393 3126 3445 Adam höchst ehrenvoll bestanden. Aber es ging ihm wie
465 3395 1733 3468 Dank persönlich bezengt. Der allzu Bescheidene ließ sich jedoch aus
1967 3436 3141 3493 einem, der gewöhnt ist, von klein auf Mundart zu reden
455 3432 1399 3515 dem Winkel seiner Laube leider nicht hervorlocken.
1968 3470 3131 3514 und der eine Festrede auf Hochdeutsch hält: kein Wort ist
1183 3482 1677 3556 Dr. Egbert Delpy.
1969 3512 3132 3554 mundartlich, aber man hat immer die heimliche Angst, daß er
1968 3548 3142 3600 in die Gleise der Mundart, die ihm vertraut ist, geraten
1962 3585 3128 3637 könnte. Die Kunst, die Anton Franck natürlich ist, ist Kleists
1971 3630 3122 3681 Knnst nicht. Die Aufführung — Regie führte der Gast —
1972 3668 3145 3726 traf zwar nicht das Niederländische in Kleists Komödie,
1959 3700 3135 3756 aber sie traf das Juristische. Schon im Nathan hatte manf
1967 3739 3125 3794 #enlich gesehen, wie scharf das Alberttheater unter Lichos
1978 3775 3126 3831 Führung das Sachliche eines schwierigen Werkes heraus¬
1973 3811 3123 3866 #uarbeiten weiß. Paul Günther als Schreiber Licht
1974 3850 3115 3900 und Mein Bünger als Frau Marthe Rull waren am
1967 3896 3143 3960 rMlichsten, doch sind auch Bernhard Springer]
1971 3931 2658 3990 #ng Alu! Peuchert zn nenwes
