3344 4352
821 343 903 413 M
932 358 1013 413 2 7
150 332 2790 429 21. Kontesse1z □oder der Fanflientag box 26/3
1773 1492 2788 1590 Und. Nopemnogen, Londen, Mauria, Mallanld, Mainiosge
1740 1540 2893 1653 Nsw-Vork, Paris, Rom, San Francisco, Stockholm, St. Pe##re¬
959 1560 1378 1664 Telephon 12.301.
2159 1593 2487 1656 burg, Toronto.
2112 1601 2538 1703 (Quefféhangabe ehsne Gewühr.)
2435 1642 3026 1746 ner Cerrgenondem
1760 1683 2444 1800 Ausschnitt aus: Hamhir“
415 1662 1178 1851 „OBSERVER
260 1778 1371 1905 I. öeterr. beh. konz. Unternehmen für Zeitungs¬
1780 1832 2179 1931 Vom -PEAD
471 1844 1163 1924 Ausschnitte und Bibliographie.
441 1897 1235 2005 Wien, I., Conoordiaplats 4.
2042 1932 2567 2010 Berliner Cheater.
668 1975 1018 2051 Vertretungen
1719 1997 2394 2056 Man schreibt uns aus Berlin:
279 1999 1394 2113 in Berlin, Brüssel, Budapest, Chicago, Cleveland, Christiania,
1729 2024 2940 2103 rs. Die Porliner Erstaufführung von Karl Schön¬
307 2051 1319 2147 Ceaf, Kopenhagen, London Madrid, Malland, Minneege
1656 2087 2938 2150 herrs Erde, die vor drei Jahren unter Dr. Eugen Ro¬
269 2097 1400 2185 New-Vork, Paris, Rom, San Francisco, Stockholm, 8. Petes¬
1654 2126 2950 2179 berts Leitung im Hébbel=Theater stattfand, gehört zu meinen
685 2154 999 2209 burg, Toronto.
1663 2165 2942 2226 stärksten Thocktereindrücken. Von den Vorgängen aufs tiefste
635 2184 1042 2261 (Quellenangabe ehee Gowünr.)
1674 2212 2933 2267 eben noch erschüttert, begand män sich von den düsteren Wir¬
1677 2255 2937 2302 kungen zu freündlicherak Eindrücken zu erheben, begann zu
278 2246 706 2350 Ausschnitt aus:
1669 2275 2942 2347 lächeln, lachte schließlich und fühlte sein Innerstes von einem
694 2285 1515 2415 Berliner Local Anzeiger
1661 2332 2934 2392 großen, echten Dichter erregt. Hier erfüllte sich, was man sonst
1668 2366 2941 2421 vergebens begehrt, hier war das Tiefmenschliche so klar in den
1664 2403 2940 2469 Erscheinungen offenbart, daß der Zwiespalt von Tragischem und
286 2381 499 2496 R 1
1664 2437 2947 2507 Komischem verschwand und man die schlichten Geschicke welten¬
1667 2491 2947 2550 ferner Menschen miterlebte. Nun brachte das Lessingtheater,
1674 2546 2937 2586 Deutschlands erste Bühne, das gleiche Werk. Und versagte.
1673 2578 2943 2626 Umso stärker werden uns die Verdienste Dr. Roberts, der um
1669 2610 2942 2666 materieller Schwierigkeiten willen von seinem Posten weichen
1661 2649 2950 2719 mußte, sichtbar. Das Lessingtheater hat mit Bauernkomödien
1659 2695 2938 2772 und =tragödien schon häufig tiefgehende Wirkungen ausgeübt;
1673 2726 2943 2791 aber es scheint, als wäre das Ensemble nur auf Hauptmanns
1662 2773 2941 2831 Bauernstücke eingespielt und versagte da, wo der schlesische Dia¬
1669 2814 2945 2876 lekt aushört. Mit der Tiroler Mundart kämpften sie alle, Else
1668 2857 2944 2916 Lehmann nicht anders als Kurt Stieler, Mathilde Sussin, Karl
1672 2893 2948 2955 Forest und wie die Sterne des berühmten Hauses heißen. Dazu
1673 2947 2958 2996 kam, daß Emanuel Reicher als alter Grutz zwar eine prächtige
1679 2980 2951 3037 Leistung bot, aber neben dem in unserem Gedächtnis haftenden
1674 3019 2940 3077 Bilde von Edgar Licho nicht bestehen konnte. Die groß ge¬
1678 3047 2964 3116 schaute und mit unfehlbarer Sicherheit gestaltete Szene an der
1677 3095 2963 3159 Wage, die bei der Erstaufführung im Burgtheater impulsiven 1
1678 3139 2957 3196 Beifallssturm hervorrief, die uns im Hebbel=Theater als ge¬
1672 3178 2951 3247 waltiges Werk eines tiefen Dichters anmutete, gerade diese
1672 3220 2952 3277 Szene versagte im Lessing=Theater vollkommen. Solche Wir¬
1669 3257 2948 3335 kungen erzielt mit einem derartigen Werk jedes Provinztheater.
1726 3301 2950 3355 Der Schönherrschen Komödie ging Schnitzlers bekannter Einakter
1676 3332 2955 3407 Komteß Mizzi voraus. Das graziöse, aber mehr geistreich¬
1675 3378 2958 3442 elende als geistvolle Werk schuf den Zuhörern viel Behagen, weckte
1672 3417 2980 3489 stellenweise herzliche Heiterkeit. Zum Schluß wurde lebhaft!
2005 3478 2740 3529 EngterungSchwieristeiten zu vertiten.“
1700 3481 1930 3538 Kinsa, arn.
728 3473 1363 3571 Artur Schnitzter, u.were#
1645 3555 2938 3629 applaudiert, trotzdem das Lessing=Theater auch hier nicht den
499 3559 1376 3636 der berühmte Autor des Einakters „Komtesse;
1661 3596 2924 3668 richtigen Ton traf und das leichte Plauderstündchen im schwer¬
507 3601 1380 3682 Mizzi“, hatte im Lessing=Theater großen Erfolg.
1651 3642 2572 3718 mütigen Tempo einer Ibsen=Tragödie spielte.
1897 3717 2804 3794 Kanyert von Mische Elmar.
