3484 4224
521 49 1333 98 om Dramatiska teatern 1 gür afton
504 83 1348 151 framförde,Grefvinnan Mizzi'', sati¬
503 130 1339 183 riserar sederna inom den högadliga
966 178 1346 239 Skildringen är
503 181 902 240 Wienersocieteten.
500 222 1346 281 starkt pepprad och försedd med skick¬
506 267 1355 330 ligt inkapslade öfverraskningar, som
497 305 1354 375 1 de afgörande ögonblicken göra ut¬
494 346 1352 423 märkt effekt. Den gafs emellertid i
490 404 1349 465 lett allt för släpigt tempo och väl mye¬
501 441 1359 504 ket temperamentslöst för att komma
500 494 1365 558 till sin rätt. Titelrollen spelades af
504 534 1362 597 fröken Borgström i mänga hänseen¬
500 579 1363 647 den förtjänstfullt, men — oväntadt
488 610 1359 685 Inog! — för blekt. Hr Emil Hillberg
483 674 1369 734 Thade en bra mask, men motsvarade 1
514 716 1357 780 öfrigt eg förväntningarna, hr Fredrik¬
515 759 1367 819 son behöfde för sin roll af en nagra och
516 809 1358 868 50 ärs Wienerlefveman större rörlig¬
511 856 1365 915 het, ün hans för öfrigt beundransvärda!
516 908 1357 963 nuvarande vigör medger. Bäst var
515 943 1365 1017 hr Gösta Hillberg som brädmogen I7¬
516 993 790 1057 ärig pojke.
551 1035 1380 1106 Därefter följde en sensations- och
516 1081 1373 1140 reinkarnationspjäs Damen med dol¬
513 1137 1372 1188 ken. Den sköna Pauline är gift med
521 1175 1370 1227 en skald, som älskar henne med sam¬
498 1211 1369 1285 Ima opersonliga kärlek, som konstnä¬
508 1261 1372 1328 Iren älskar modellen. Personlig kär¬
475 1317 1385 1365 Ilek bjudes henne af en ung man vid
487 1348 1387 1407 namn Leonhard, som hon gätt att mö¬
518 1401 1377 1465 Ita i italienska mälningssalen pa mu¬
514 1456 1383 1501 seet. Där är en tafla Damen med
527 1487 1380 1570 dolken“, som hemlighetsfullt likuar
525 1544 1373 1589 henne. 1 det ögonblick hon ämnar
524 1576 1383 1652 afvisa den unge mannens kärlek, ge¬
524 1626 1371 1695 nomlefver hon i en vision den dolkfö¬
532 1670 1388 1743 rande damens kärleksdrama 1 renüs¬
535 1730 1385 1787 sansens Firenze. Det är sitt eget öde
530 1759 1384 1825 hon ser, och hon gärlatt upprepa det,
540 1801 1399 1874 ehurn, som det är att hoppas, 1 min¬
536 1847 1379 1917 dre blodig gestalining. Stycket är
528 1882 1399 1973 poetiskt och effektfullt, och dess iva
531 1938 1393 2022 bärande roller gafvos medl kraft och
535 1982 1385 2040 Inöbless af fru Sandell och hr de Wahl.
539 2031 1394 2094 Hr-Palme assisterade med ganska god
550 2078 1388 2154 verkan som den blott för sitt verk lef¬
554 2125 1155 2199 vande konstnären Remigio.
583 2164 1392 2227 Men det mest betydande pa pro¬
544 2209 1400 2283 grammet var, den sista pfüsen, en gro¬
543 2241 1403 2312 Itösk och gripande bild fran den början¬
546 2299 1397 2366 de stora franska revolutionen, spelande
549 2358 580 2395 2
573 2349 1387 2409 i Paris aftouen den 14 juli 1789 5
546 2391 1362 2458 Prospères värdshus Grönn papegojan
526 2454 1400 2516 Stycket är verkligen gemaliskt## sjtt
544 2469 1410 2552 grepp pa det gäldiga ämnet och medl
563 2530 1406 2598 sitt häpnadsvückande händelseförlopp.
549 2576 1405 2652 sin blandning af bedräglig illusion och
554 2628 1047 2691 fasansfull verklighet.
597 2677 1405 2730 Det ätergafs helt enkelt mästerligt.
526 2713 1405 2788 Regien förtjänar de högsta loford, och
523 2759 1420 2845 hela galleriet af de fantastiska roller¬
558 2808 1411 2867 na — öfver ett tjugutal — gafs med
567 2853 1406 2916 lika stor träffsäkerhet som fart och li¬
562 2892 1421 2957 delse. Den mest framträdande rollen
566 2944 1409 3007 innehades af hr Ivan Hedqvist, som
573 2988 1413 3048 firade en verklig triumf 1 sin nyans¬
575 3025 1413 3094 rika och starka framställning af ska¬
556 3076 1424 3139 despelaren Heuri, som af svartsjukan
564 3124 1411 3196 drifves till mord. Hr Riegos presta¬
563 3170 1423 3227 tion som krogvärden-demagogen var
566 3210 1415 3292 äfvensa ett litet mästerstyeke, och,
558 3270 1422 3346 som nyss är nämndt. förtjänn äfven de
581 3296 1421 3375 andra rollinnebafvarna, manliga och
579 3353 1053 3418 kvinnliga, att rosas.
611 3385 1433 3448 En del af publiken syntes skrämd af
573 3434 1427 3494 styckets nästan beklämmande starka
568 3486 1421 3557 Istämning, men entusiastiska appläder
572 3538 1428 3605 fölide dock, och ridan fick gà unp fle¬
578 3586 827 3650 ra gänger.
617 3610 1425 3679 Styeket förtjänar att ses af alla för
585 3655 1424 3725 dramatisk konst intresserade. Det sätt,
580 3700 1433 3760 hvarpä det gifves, länder teatern till
594 3764 938 3836 utmärkt heder.
1223 3787 1399 3858 Léon.
2047 1183 2079 1233 t1
2045 1226 2088 1275 t¬
2026 1267 2091 1317 p¬
2026 1310 2095 1357 id
2419 272 2997 385 SVENSKA D.10
2115 556 2921 657 Teater och musik.
2111 683 2955 765 Dramatiska teatern: Tre en¬
2169 757 2777 821 aktare af Arthur Schnitzler.
2133 790 2954 886 Schnitzler-programmet blef hvad man
2091 869 2943 943 skulle kunna kalla ett vackert prof pä ar¬
2099 922 2962 1000 tistisk teater. De tre enaktarne ha icke
2104 975 2959 1054 den djupare innebörd, det gripande mänsk¬
2087 1031 2948 1116 liga innehäll som är den högsta dramati¬
2100 1082 2949 1153 kens märke; men som fullkomlig motsva¬
2093 1138 2954 1210 righet af vilja och kunna, som en artistiskt
2098 1192 2960 1265 beräknad stegring och som en god anled¬
2100 1231 2951 1312 ning till utmärkt scenkonst äro de hvar i
2113 1300 2949 1361 sin art oöfverträffliga. Den första'’Släk¬
2116 1356 2957 1421 tingar' har det mest reala innehället: en
2113 1400 2949 1478 bistert ironisk interiör ur Wien-aristokra¬
2109 1457 2962 1519 tiens lif, ästadkommen genom sammanfö¬
2104 1510 2949 1573 randet af legitima men i synnerhet illegi¬
2109 1561 2968 1637 tima släktingar. Det dramatiska ligger
2096 1621 2963 1708 i det längsamma afslöjandet af deras före¬
2107 1668 2973 1745 gäenden och förbindelser, som af förfat¬
2118 1721 2966 1795 taren utförts med mycken skicklighet men
2115 1772 2964 1843 med väl stark poängtering. Af de spelande
2116 1827 2954 1903 utmärkte sig i syunerhet fröken Borg¬
2096 1900 2952 1942 ström för träffsäker karaktäristik; hr
2116 1938 2953 2008 Fredrikson öfverraskade med en ny roll
2116 1975 2958 2062 elegant och distinkt framförd; hr Emil
2097 2045 2958 2104 Hillberg gaf sin auktoritet ät den enda
2102 2103 2952 2165 sympatiska personen i stycket men var
2112 2139 2958 2217 stundom svär att höra, och hr Gösta Hill¬
2102 2203 2964 2274 berg var särdeles lycklig i en mindre fram¬
2114 2272 2952 2325 trädande roll. Samspelet var i detta stye¬
2107 2311 2990 2379 ke likväl icke sä godt genomfördt som i
2110 2363 2970 2438 de öfriga. Den andra '’Damen med dol¬
2109 2414 2970 2487 ken'’ lyste just genom samspelet af fru
2110 2473 2972 2542 Sandell och hr De Wahl, hvilka dessutom
2113 2514 2973 2578 ästadkommo konststycket att i en blink
2120 2568 2973 2646 förvandla sig frän nutidsmänniskor till re¬
2116 2622 2966 2693 nässansgestalter och sä lika snabbt tillba¬
2117 2688 2959 2748 ka till nutidsmänniskor. Tid och utrym¬
2113 2715 2969 2792 me medge icke en närmare karaktäristik
2112 2782 2962 2849 af detta stycke som äsyftar en viss mys¬
2120 2821 2991 2916 tisk spänning och poesi och som när eitt
2117 2888 2960 2960 syfte; vare det nog sagdt att ämnet är
2114 2946 2964 3015 ett minne af en pre-existens som ger sin
2109 3003 2960 3067 färg ät en ung gätfull wienskas kärleks¬
2115 3052 2970 3129 konflikt. Slutligen är den sista enaktaren
2116 3105 2966 3164 ’Pà Gröna papegojan'’ med motiv frän
2115 3155 2958 3226 franska revolutionen kanske det egendom¬
2119 3210 3024 3267 ligaste och starkaste af de nu gifna stye¬)“
2116 3259 2955 3338 kena. Med utgängspunkt frän en fantas¬
2964 3293 3021 3346 de
2116 3321 2980 3383 tisk krogscen där nägra halft förkomna
2990 3325 3043 3394 1
2119 3370 2978 3433 skädespelare i genomskinlig förklädnad af
2977 3405 3033 3458 m
2124 3417 2968 3481 bofvar och banditer pigga upp en förslap¬
2989 3459 3030 3505 t
2119 3471 2974 3535 pad aristokratpubliks nerver ger förfat¬
2118 3503 3028 3593 taren en genialisk bild af hur leken plöts-:
2966 3558 3038 3614 de
2105 3584 2957 3643 ligt blir allvar, hur deklamationerna och
2964 3608 3032 3671 la
2106 3630 2966 3710 hotet med ens flamma upp till handling.
2124 3677 2968 3751 Med mycken skicklighet är i revolutions¬
2970 3714 3035 3784 in
2118 3733 2962 3794 motivet inflätadt ett individuellt motiv
2976 3774 3047 3826 dä
2118 3802 2964 3863 som har beröringspunkter med handlingen
2961 3832 3035 3892 ra
2109 3846 2950 3919 1 Leoncavallos 'Pajazzo' men finare kom¬
2972 3874 3042 3938 68
2115 3870 2970 3969 binerad. Hr Hedqvist som spelar den
2971 3926 3040 3987 vi.
2114 3950 2967 4012 mest framträdande rollen ästadkom en
2123 3986 3084 4068 stark verkan ehuru med alltför kompakta# er#
