3484 4224
2489 136 2815 220 box 26
287 158 2322 248 21. Konlesse Mizzj-oder der Fani#ientag
588 1264 1762 1384 eine auch künstlerisch frische und eindringliche 25. Aufführun
590 1309 1761 1421 erleben konnte, ist die große Glaubenstragödie „Ueber die Kraft
591 1353 1755 1445 (erster Teil) in neuer Besetzung der Hauptrollen — Fran
591 1389 1775 1484 Everth als Pfarrer Sang und Helene Roberts als sein
1525 1462 1580 1493 4011
599 1435 1773 1535 Frau Klara — neu aufgenommen worden. Die neuen Darstelle
604 1463 1765 1580 blieben hinter den Erinnerungen, die die frühere Aufführung hir
596 1521 1776 1611 terlassen hatte, nicht zurück, und so weckte die Vorstellung wiede
598 1545 1776 1663 das alte mächtige Interesse an dem tiefen Pathos des große
598 1624 1295 1700 nordischen Predigers und Dichters.
706 1633 1770 1744 = Der „hingerichtete“ Frank Wedekind. Der als Drapkatik¬
619 1666 1798 1789 gänzlich steril gewordene Wedekind befaßt sich neuerding damit
622 1726 1807 1835 eigene und anderer Mißerfolge den unfähigen deutschen Schau¬
616 1670 2960 1873 spielern in die Schuhe zu schieben. In einer bei Geor# Müller eine reizvolle künstlerische Lösung dar. Da ein zuverlässiges Oüd.
621 1773 2968 1899 (München) verlegten Broschüre „Schauspielkunst zwidmet er nismalerial nicht vorbanden ist, entschloß sich der Künstler zu
1797 1765 2965 1868 einer Art Symbolik: Auf dem vielstufigen, trefflich gegliederten
1796 1812 2962 1903 Unterbau lagert die Gestalt eines Genius. Die Aktfigur des
1802 1832 2978 1945 Jünglings, der mit der linken Hand die Leier hält, stützt sich mis
630 1861 1482 1958 solchen „Hinrichtungen“ die folgende Epistel:
1806 1882 2968 1989 dem rechten Arm auf das Postament. Fesselnd ist der herbe Aus¬
678 1874 1790 1988 Statt mit Aufführungen hat die heutige Dramatik weit eher
1815 1927 2983 2028 druck des mit dem Lorbeer umkränzten Hauptes, das sich nach
622 1929 1795 2050 mit Hinrichtungen zu rechnen. Meine eigene Erfahrung ist spär¬
1814 1969 2958 2069 links gewendet in die Ferne richtet. Der Künstler hat hier aus
631 1966 1796 2081 lich gegenüber der meiner Berufsgefährten. Mein Schauspiel
1815 1989 2968 2108 drücken wollen, wie in der Seele des Genius die eben vollendet
640 2009 1798 2117 „So ist das Leben“ wurde in München, Berlin und Frankfurt
1805 2045 2976 2163 Dichtung nachklingt. Die Gestalt ist in anderthalbfacher Lebens¬
639 2046 1805 2146 a. M. hingerichtet. Mein „Marquis von Keith“ wurde in Berlin
1820 2081 2992 2189 größe und in Bronze ausgeführt, dagegen der Unterbau in hellem
634 2086 1810 2195 im Laufe von 10 Jahren zweimal gerädert. Mein „Erdgeist“
1816 2123 2977 2228 schlesischen Granit. Auf ihm hat vorn außer der Inschrift: „Den¬
634 2118 1805 2241 wurde vor seiner Berliner Aufführung in Hamburg und Breslau
1815 2154 2994 2262 Andenken Heinrich von Kleists“ auch der Kopf des Dichters in
642 2163 1809 2269 hingerichtet. Mein harmloser Schwank „Der Liebestrank“ wurde
1815 2198 2980 2322 Rundmedaillon seinen Platz erhalten. Der Künstler hielt sich hie
647 2204 1774 2306 in Leipzig, Nürnberg und Breslau an den Pranger gestellt. -
650 2239 1817 2338 Wollten die Schauspieler das Wort Aufführung bei Premieren
1815 2235 2988 2361 an das einzig authentische Porträt des Dichters, die kleine Minich
634 2284 1820 2369 nicht dem Wesen ihres Wirkens entsprechend durch das Wort
1812 2271 2980 2403 tur, die Kleist von August Krüger im April 1801 für seine der
653 2331 1824 2430 „Hochgericht“ ersetzen? — Das Henkeramt hat auch seine Standes¬
1828 2325 2988 2427 malige Braut Wilhelmine von Zenge malen ließ. Unter des
1834 2363 2985 2465 Nachkommen Kleists hat sich noch eine deutliche Familienähnlick
653 2377 1545 2474 ehre, sobald es sich um wertlose Subjekte handelt.
716 2369 1828 2491 Vor kurzem las ich ein Drama von Herbert Eulen¬
1823 2403 2985 2522 keit erhalien, und Bildhauer Elster zog, um das Werk recht ähnlie
653 2437 1822 2542 berg: „Der natürliche Vater". Eine herrliche
1832 2448 2980 2547 zu gestalten, auch das Porträt eines jetzt lebenden Gliedes de
650 2475 1832 2586 Schöpfung. Was Georg Büchner und Niebergall zu Beginn des
1832 2477 2994 2587 Familie von Kleist heran. Seitlich und an der Rückwand der
665 2518 1830 2626 19. Jahrhunderts anstrebten, den behaglichen und geistig doch
1834 2525 2991 2630 Unterbaues fanden drei Reliefs mit Szenen aus Dramen de
667 2566 1829 2667 anspruchsvollen Humor des Rheinländers, seinen Ueberschwang in
1843 2559 2998 2670 Dichters ihren Platz. Für die Rückseite wurde die Schlußszen
669 2598 1833 2699 allen Lebensäußerungen dramatisch zu verwerten, hat Eulenberg
1846 2592 2999 2705 aus dem Prinzen von Homburg bestimmt. Unter de
660 2638 1833 2751 in vollendeter Form geschaffen. Weder an Spannung noch an
1838 2628 3008 2745 brandenburgischen Offizieren, die der Stunde der Befreiung der
659 2679 1838 2783 Steigerung fehlt es, weder an Buntheit der Charaktere noch an
1848 2681 3008 2783 Siegers von Fehrbelin beiwohnen, sind vorn drei Halbfiguren hei
663 2715 1829 2803 Buntheit der Bühnenbilder, obschon jede Person die strotzend
1843 2706 3005 2823 ausgehoben: in der Mitte der Große Kurfürst, dann der brats
677 2753 1836 2850 üppige Sprache Falstaffs spricht. Ist das unwahr, übertrieben?
1852 2762 3005 2863 Oberst Kottwitz und der Prinz selbst. Als Inschrift fandes
668 2798 1844 2895 Nein, so reden und fühlen die Rheinländer.
1858 2802 3009 2904 die Schlußworte des Dramas Verwendung: „In Staub mit alle
673 2833 1852 2937 Aber, so seufzte ich während der Lektüre, wer von unseren pessi¬
1854 2843 3012 2943 Feinden Bra#enburgs!“ Die Seitenflächen nahmen Szenen aus
675 2870 1853 2974 mistischen, trockenen, verstandesmäßigen, kurzatmigen, schwung¬
1852 2884 3002 2986 dem Zerbrochenen Krug und dem Kätchen von Heilbronn auf. I#
673 2910 1852 3009 und glutlosen Modegötzen will einer einzigen dieser Rollen ge¬
1852 2922 3013 3019 der Gerichtsszene des Lustspiels erscheint der Prachtkopf des Dor##
678 2949 1857 3044 recht werden! Im Geiste sah ich vor mir, wie gerade die schau¬
1857 2962 3018 3057 richters Adam, dem Frau Marte Rull und ihr Evchen den zeh
687 2990 1852 3087 spielerisch dankbarsten, die saftigsten Worte, die Eulenberg ge¬
1856 3003 3018 3108 brochenen Krug bringen, dazu der Gerichtsrat, der Schreiber un
695 3028 1851 3121 lungen sind, den Darsteller in die jämmerlichste Verlegenheit ver¬
1860 3034 3027 3145 glückliche Nachfolger des Betrügers. Aus dem Kätchen von Hei
695 3067 1850 3166 setzen, sah ihn schamhafter als eine Pensionsschülerin darüber
1866 3064 3029 3181 bronn wurde die Szene des vierten Aktes gewählt, wo der Gre
693 3107 1861 3208 hinweghuschen, weil ihm von vornherein jeder Stimmungsansatz
1875 3122 3020 3221 Wetter vom Strahl des Kätchen am zerfallenen Mauerringe seine
692 3147 1859 3229 fehlt, um solche Worte als Selbstverständlichkeiten auszusprechen.
1866 3164 3021 3267 Burg unter dem Holunderstrauch findet. Das Denkmal in seine
685 3183 1865 3299 Mit bösen Ahnungen sah ich im Geiste schon den unvermeidlichen
1880 3202 3013 3306 schlichten Eigenart entfernt sich aufs glücklichste von den aus
691 3228 1872 3324 E. Th. A. Hoffmann Gevatter stehen, der sich zu Eulenberg ver¬
1875 3242 3016 3343 getretenen Bahnen unserer Monumentalplastik. Es fand in de
692 3262 1875 3354 hält, wie ein Boonekamp zu einer Flasche Liebfrauenmilch. Und
698 3304 1880 3406 die Handlung? Je leichtfüßiger und geistvoller sie sich ent¬
699 3272 3024 3431 wickelt, um so beklemmender und schwerfälliger sah ich sie sich auf sogenannten Park von Frankfurt seinen Platz, einem ehemalige
1889 3327 3002 3433 Friedhof, in dem noch eine Anzahl alter Grabmäler stehen,
686 3389 1774 3481 ihrem Passionsweg über die deutsche Bühne dahinschleppen.
