3344 4320
2179 147 2269 202 A
914 203 967 271 F
1701 193 2149 295 box 33/1
231 203 1538 291 27. Einkund—Tiederbusch
858 500 1688 625 Osterreichische Rundschau, Wien
1702 567 1977 682 1512191)
1295 603 1580 692 +—
1352 682 1577 744 — U.
907 695 1312 795 Wiener Bühnen.
985 746 1758 826 Arthur SchnitzlerDramen beruhen
955 807 1756 859 eniger auf Tatsachen als auf Empfindun¬
917 841 1749 909 gen und Stücke rein psychologischer Gattung
916 895 1747 951 kud seine Besonderheit. In ihnen hat
902 939 1747 1004 Schnitzler eine Meisterschaft erlangt, die ihn
906 987 1755 1042 nur zu oft verleitet, mit feelischen Dingen
909 1033 1752 1087 zu spielen, und zumeist sind es erotische
905 1065 1752 1123 Fragen, die seinen Spieltrieb befördern.
907 1111 1755 1185 Wie um sich nicht ganz im weiten Land der
909 1159 1764 1220 Seele zu verlieren und wieder festen Boden
896 1212 1765 1265 unter den Füßen zu gewinnen, wendet er
906 1253 1753 1305 sich von Zeit zu Zeit gesellschaftlichen und
913 1294 1752 1357 politischen Problemen zu. „Professor Ver¬
907 1340 1753 1388 nardi“ war eine bewußte Abkehr von allen
910 1395 1757 1438 erotischen Spielereien und nach seinem Rück¬
905 1430 1754 1484 fall in die „Komödie der Worte“ in die
902 1469 1756 1520 Komödie der halben Empfindungen und
914 1511 1760 1568 halben Wahrheiten, die hinter und zwischen
913 1565 1765 1617 den Worten liegen, mochte Schnitzler wieder
906 1594 1764 1657 das Bedürfnis empfunden haben, sich von
912 1652 1761 1708 der Welt der Tatsachen neu befruchten zu
911 1692 1760 1745 lassen. Daß es gerade die Journalisten, die
908 1743 1763 1792 Diener am Worte sind, in deren Berufs¬
906 1780 1768 1848 leben er mit seiner jüngsten Komödie „Fink
909 1820 1761 1879 und Fliederbusch“ hineinzuleuchten versucht,
910 1875 1763 1929 begreift sich leicht. Wie wenig er von den
914 1913 1767 1959 Zeitungsschreibern halten mag, so fühlt er
912 1956 1767 2005 sich insgeheim doch irgendwie mit ihnen
913 2005 1765 2055 verwandt, und er glaubte, das spielerische
912 2062 1759 2110 Doppelleben, zu dem der Journalismus
914 2091 1767 2156 naturnotwendig führen müsse, am besten aus
912 2129 1766 2195 dem Doppelwesen seines eigenen literarischen
917 2182 1765 2249 Schaffens ergründen und ausdeuten zu
913 2226 1107 2283 können.
1001 2256 1764 2334 Gewiß, die Anekdote von dem talent¬
917 2318 1768 2361 vollen Jüngling, der unter verschiedenen
918 2368 1761 2415 Decknamen für zwei politisch gegnerische
915 2405 1759 2465 Blätter schreibt, also in dem einen gut¬
913 2441 1760 2505 heißen muß, was er in dem andern be¬
919 2496 1768 2546 kämpft, und dadurch schließlich in die
909 2535 1753 2588 Zwangslage gerät, sich mit sich selber zu
913 2572 1760 2636 schlagen, wäre als dramulische Voraus¬
909 2625 1764 2686 setzung für eine satirische Groteske so übel
918 2665 1760 2732 nicht. Schnitzler jedoch fühlte sich zu Höherem
917 2715 1763 2760 verpflichtet. Er wollte aus der schwankhaften
918 2748 1768 2820 Voraussetzung ein vornehmes Lustspiel ge¬
913 2806 1763 2865 winnen, das mit leicht ironisierender Über¬
917 2853 1769 2904 legenheit vom untersten Zeitungsgetriebe bis
920 2894 1775 2946 hinauf in die höchsten Gesellschaftsschichten
922 2939 1932 3014 greift, und er wollte ihm zugleich den Reiz ndschau.
923 2981 1766 3054 eines Schlüsselstückes anschminken, das den
2507 2996 2615 3056 235
943 3049 1783 3125 schadenfrohen Zuschauer anregt, nach Vor¬
949 3085 1774 3187 bildern zu fahnden. Auch glaubte Schnitzler,
1805 3095 2636 3197 nicht hindert, das Heil der neuen dramati¬
947 3126 1772 3228 sich auf eine höhere Warte stellen zu sollen,
1798 3136 2637 3243 schen Kunst im Kino zu suchen. In seinem
939 3164 1770 3272 zu der weder Haß noch Liebe, weder Gunst
1805 3187 2630 3288 Schauspiel „Marc“ dünkt sich der Titelheld
935 3224 1775 3303 noch Ungunst der Parteien hinanreichen. So
1786 3225 2639 3334 erhaben wie Zarathustra, zu dessen mystischen
926 3246 1768 3353 stellt er seinem betriebsamen Helden, der
1786 3283 2642 3375 Höhen kein Lachen, kein Weinen, weder
931 3305 1757 3405 nach rechts und links schreibt, einen abge¬
1785 3315 2623 3409 Freude und Lust, noch Wehrufe und
928 3332 1750 3450 klärten Grafen gegenüber, dessen christlich¬
1783 3363 2626 3460 Klagen lebendiger Herzen hinaufdringen.
921 3381 1752 3489 konservative Gesinnung ihn nicht hindert,
1773 3414 2613 3508 Als er aber von seiner erschwindelten Höhe
913 3421 1762 3535 sich zu der Moral zu bekennen: man dürfe
1769 3452 2626 3548 herabstürzt, winselt er bei allen Kreaturen,
908 3475 1744 3586 sich nicht auf eine Überzeugung festlegen,
1774 3496 2601 3580 die er als selbstherrlicher Leiter einer Heil¬
914 3512 1748 3619 sondern müsse sich das Recht wahren, jeden
1770 3542 2613 3630 anstalt zur Erhöhung seiner Spezies ver¬
907 3563 1591 3644 Tag eine andere haben zu können.
1769 3577 2602 3674 gewaltigt, geschändet, belogen und betrogen
987 3615 1733 3711 Wie klug und weltweise sich solche
1755 3629 2609 3708 hat, um Mitleid, wie ein frierender Bettler
890 3637 1730 3753 Moralsätze anhören mögen, so merkt man
1756 3667 2602 3761 um einen warmen Lössel Suppe. Zudem
897 3699 1739 3794 doch bald den doppelten Boden, der ins
1749 3705 2596 3810 sprechen Fontanas aktive und passive Hel¬
886 3728 1726 3838 Bodenlose führt, merkt schließlich die Ab¬
1757 3758 2588 3854 den zu den wahllos zusammengerafften
890 3782 1724 3884 sicht und wird verstimmt. Es geht nicht an,
1742 3795 2590 3891 Kindessekten der Handlung ausnahmelos
889 3821 1721 3923 in einer Sache Ankläger und Verteidiger
1742 3848 2583 3932 eine hysterisch verzückte Sprache, die mit
878 3882 1726 3974 zugleich sein zu wollen, und eine Satire, die
1744 3891 2580 3989 allen überhitzten und überspitzten Phrasen
873 3916 1723 4015 nicht den Mut hat, den Stier bei den Hör¬
1742 3932 2579 4021 der literarischen „Neutöner“ gesalzen und
877 3958 1718 4064 nern zu packen, begibt sich von vornherein
1739 3979 2569 4071 geschmalzen ist. „Es ist furchtbar, im Meere
872 4009 1713 4105 ihrer besten Wirkungsmöglichkeiten. Gerade
1739 4024 2557 4116 vor Durst zu sterben. Müßt ihr denn,“ so
866 4044 1706 4150 weil Schnitzler sich es mit niemanden ver¬
1727 4068 2572 4162 warnt Nietzsche ahnungsvoll die Vollstrecker
876 4095 1700 4189 derben wollte, hat er sich's mit allen ver¬
1727 4103 2554 4205 seiner Lehren, „eure Wahrheit so salzen, daß
859 4129 1499 4208 dorben, am meisten aber mit der
1723 4153 2100 4209 sie nicht einmal meh
865 4175 967 4227 #
