<?xml version="1.0" encoding="UTF-8" standalone="yes"?>
<PcGts xmlns="http://schema.primaresearch.org/PAGE/gts/pagecontent/2013-07-15" xmlns:xsi="http://www.w3.org/2001/XMLSchema-instance" xsi:schemaLocation="http://schema.primaresearch.org/PAGE/gts/pagecontent/2013-07-15 http://schema.primaresearch.org/PAGE/gts/pagecontent/2013-07-15/pagecontent.xsd">
    <Metadata>
        <Creator>prov=University of Rostock/Institute of Mathematics/CITlab/Gundram Leifert/gundram.leifert@uni-rostock.de:name=ONB_Newseye_GT_M1+(htr_id=10810)::::v=2.4.2
prov=University of Rostock/Institute of Mathematics/CITlab/Tobias Gruening/tobias.gruening@uni-rostock.de:name=de.uros.citlab.module.baseline2polygon.B2PSeamMultiOriented:v=2.4.2
prov=University of Rostock/Institute of Mathematics/CITlab/Tobias Gruening/tobias.gruening@uni-rostock.de:name=/mnt/transkribus/LA/DEA/URO/LA_news_onb_att.pb:de.uros.citlab.segmentation.CITlab_LA_ML:v=2.4.2
Transkribus</Creator>
        <Created>2019-10-07T11:08:52.304+02:00</Created>
        <LastChange>2019-10-07T18:51:13.492+02:00</LastChange>
        <TranskribusMetadata docId="223959" pageId="9493859" pageNr="2" tsid="16404764" status="IN_PROGRESS" userId="40391" imgUrl="https://files.transkribus.eu/Get?id=VZOKTEUHZXVBLSTWOLZGBJME&amp;fileType=view" xmlUrl="https://files.transkribus.eu/Get?id=LYFPVTOEPHGFBVOYOBHDFTRQ" imageId="6184086"/>
    </Metadata>
    <Page imageFilename="223959_0002.jpeg" imageWidth="3392" imageHeight="4256">
        <ReadingOrder>
            <OrderedGroup id="ro_1711443495360" caption="Regions reading order">
                <RegionRefIndexed index="0" regionRef="r1"/>
            </OrderedGroup>
        </ReadingOrder>
        <TextRegion orientation="0.0" id="r1" custom="readingOrder {index:0;}">
            <Coords points="256,152 256,3275 3314,3275 3314,152"/>
            <TextLine id="r1l1" custom="readingOrder {index:0;}">
                <Coords points="1329,189 1422,187 1428,180 1448,183 1446,130 1427,130 1417,141 1394,131 1374,139 1351,136 1328,140"/>
                <Baseline points="1347,181 1375,180 1403,180 1432,178"/>
                <TextEquiv>
                    <Unicode>US</Unicode>
                </TextEquiv>
            </TextLine>
            <TextLine id="r1l2" custom="readingOrder {index:1;}">
                <Coords points="1709,201 1875,215 1981,194 2113,220 2166,214 2167,138 2138,131 1989,118 1912,143 1880,119 1827,114 1790,134 1711,112"/>
                <Baseline points="1725,184 1751,184 1777,184 1804,185 1830,186 1857,186 1883,187 1910,188 1936,189 1962,189 1989,190 2015,191 2042,191 2068,191 2095,191 2121,191 2148,191"/>
                <TextEquiv>
                    <Unicode>box 33/1</Unicode>
                </TextEquiv>
            </TextLine>
            <TextLine id="r1l3" custom="readingOrder {index:2;}">
                <Coords points="238,183 542,221 1561,209 1516,125 1413,180 1295,121 239,127"/>
                <Baseline points="256,172 320,177 384,181 449,186 513,188 578,191 642,192 707,194 771,194 836,195 900,195 964,196 1029,196 1093,196 1158,196 1222,197 1287,197 1351,199 1416,200 1480,202 1545,205"/>
                <TextEquiv>
                    <Unicode>27. Einkund Fliederbinch</Unicode>
                </TextEquiv>
            </TextLine>
            <TextLine id="r1l4" custom="readingOrder {index:3;}">
                <Coords points="1537,1476 1557,1475 1567,1468 1587,1484 1597,1480 1607,1490 1617,1483 1643,1486 1640,1383 1624,1384 1614,1394 1604,1391 1598,1398 1594,1394 1581,1398 1565,1412 1535,1410"/>
                <Baseline points="1553,1457 1590,1456 1627,1455"/>
                <TextEquiv>
                    <Unicode>1</Unicode>
                </TextEquiv>
            </TextLine>
            <TextLine id="r1l5" custom="readingOrder {index:4;}">
                <Coords points="1767,1532 2680,1552 2872,1537 2873,1488 1768,1479"/>
                <Baseline points="1783,1518 1836,1520 1890,1521 1944,1523 1997,1524 2051,1525 2105,1525 2158,1525 2212,1526 2266,1526 2320,1526 2373,1526 2427,1526 2481,1526 2534,1526 2588,1526 2642,1527 2695,1527 2749,1529 2803,1530 2857,1532"/>
                <TextEquiv>
                    <Unicode>mut zeigte, finde#### diesmal kaum die Spur. Alles</Unicode>
                </TextEquiv>
            </TextLine>
            <TextLine id="r1l6" custom="readingOrder {index:5;}">
                <Coords points="2878,1541 3014,1535 3086,1554 3149,1552 3173,1533 3215,1551 3255,1539 3324,1554 3326,1502 3257,1486 3154,1500 2972,1484 2946,1497 2880,1481"/>
                <Baseline points="2895,1528 2920,1528 2946,1528 2972,1529 2998,1530 3023,1530 3049,1532 3075,1532 3101,1534 3126,1535 3152,1536 3178,1537 3204,1537 3229,1538 3255,1538 3281,1538 3307,1537"/>
                <TextEquiv>
                    <Unicode>konservatives Wochen</Unicode>
                </TextEquiv>
            </TextLine>
            <TextLine id="r1l7" custom="readingOrder {index:6;}">
                <Coords points="759,1560 1639,1580 1640,1517 1571,1477 1008,1504 955,1470 919,1496 760,1471"/>
                <Baseline points="775,1552 817,1549 859,1548 902,1546 944,1546 986,1546 1029,1547 1071,1548 1113,1550 1156,1551 1198,1553 1240,1555 1283,1556 1325,1557 1367,1558 1410,1558 1452,1558 1494,1556 1537,1554 1579,1551 1622,1547"/>
                <TextEquiv>
                    <Unicode>„Fink und Fliederbusch“.</Unicode>
                </TextEquiv>
            </TextLine>
            <TextLine id="r1l8" custom="readingOrder {index:7;}">
                <Coords points="1764,1586 2743,1601 2872,1579 2873,1536 1765,1526"/>
                <Baseline points="1779,1567 1832,1569 1886,1570 1940,1572 1994,1574 2047,1575 2101,1576 2155,1577 2209,1578 2262,1578 2316,1579 2370,1580 2424,1580 2477,1580 2531,1580 2585,1581 2639,1581 2692,1581 2746,1581 2800,1581 2854,1581"/>
                <TextEquiv>
                    <Unicode>erscheint gewaltsasherbeigezerrt, konstruiert, verzeich¬</Unicode>
                </TextEquiv>
            </TextLine>
            <TextLine id="r1l9" custom="readingOrder {index:8;}">
                <Coords points="2885,1585 3014,1595 3037,1575 3053,1592 3087,1583 3152,1608 3179,1589 3321,1589 3323,1539 3197,1549 3174,1536 3104,1547 2886,1535"/>
                <Baseline points="2902,1577 2927,1578 2952,1579 2977,1580 3003,1582 3028,1583 3053,1584 3078,1585 3104,1586 3129,1587 3154,1588 3179,1588 3205,1588 3230,1587 3255,1587 3280,1585 3306,1582"/>
                <TextEquiv>
                    <Unicode>misiert er gegen Iin</Unicode>
                </TextEquiv>
            </TextLine>
            <TextLine id="r1l10" custom="readingOrder {index:9;}">
                <Coords points="641,1639 1160,1616 1699,1662 1749,1646 1750,1557 1055,1588 642,1546"/>
                <Baseline points="659,1614 712,1614 766,1615 819,1615 873,1616 927,1616 980,1617 1034,1618 1087,1619 1141,1619 1195,1620 1248,1621 1302,1622 1355,1623 1409,1623 1463,1624 1516,1625 1570,1625 1623,1625 1677,1626 1731,1626"/>
                <TextEquiv>
                    <Unicode>Lustspiel in 3 Akten von Arthur Schnitzler. S. Fischer¬</Unicode>
                </TextEquiv>
            </TextLine>
            <TextLine id="r1l11" custom="readingOrder {index:10;}">
                <Coords points="1768,1623 2867,1632 2867,1579 1769,1577"/>
                <Baseline points="1784,1614 1837,1616 1890,1618 1943,1619 1997,1621 2050,1622 2103,1623 2157,1625 2210,1625 2263,1626 2317,1627 2370,1628 2423,1628 2476,1628 2530,1628 2583,1628 2636,1628 2690,1628 2743,1627 2796,1626 2850,1625"/>
                <TextEquiv>
                    <Unicode>net, durchaus witzblattmäßig behandelt und könnte eben¬</Unicode>
                </TextEquiv>
            </TextLine>
            <TextLine id="r1l12" custom="readingOrder {index:11;}">
                <Coords points="2884,1644 2996,1635 3016,1649 3049,1632 3158,1650 3290,1645 3330,1626 3331,1590 3182,1588 3149,1604 3086,1583 3060,1596 2884,1594"/>
                <Baseline points="2901,1631 2926,1630 2952,1629 2978,1629 3004,1629 3030,1630 3055,1631 3081,1631 3107,1633 3133,1633 3159,1634 3184,1635 3210,1635 3236,1635 3262,1633 3288,1632 3314,1630"/>
                <TextEquiv>
                    <Unicode>zeitung. Das Ergebn#</Unicode>
                </TextEquiv>
            </TextLine>
            <TextLine id="r1l13" custom="readingOrder {index:12;}">
                <Coords points="965,1674 995,1671 1031,1695 1081,1676 1114,1693 1150,1674 1230,1682 1249,1699 1279,1683 1332,1701 1435,1690 1435,1644 1307,1618 1217,1636 1158,1618 1125,1641 1072,1620 966,1631"/>
                <Baseline points="982,1663 1007,1664 1033,1666 1058,1666 1084,1668 1110,1668 1135,1669 1161,1669 1187,1670 1212,1670 1238,1670 1264,1670 1289,1671 1315,1671 1341,1672 1366,1672 1392,1673 1418,1674"/>
                <TextEquiv>
                    <Unicode>Verlag, Berlin, 1917.</Unicode>
                </TextEquiv>
            </TextLine>
            <TextLine id="r1l14" custom="readingOrder {index:13;}">
                <Coords points="1763,1675 2871,1681 2851,1632 1763,1622"/>
                <Baseline points="1780,1669 1833,1670 1887,1670 1941,1671 1995,1671 2048,1672 2102,1672 2156,1672 2210,1673 2263,1673 2317,1673 2371,1674 2425,1674 2478,1674 2532,1674 2586,1675 2640,1675 2693,1675 2747,1676 2801,1676 2855,1676"/>
                <TextEquiv>
                    <Unicode>sogut von einem der vielen Stückefabrikanten sein, die</Unicode>
                </TextEquiv>
            </TextLine>
            <TextLine id="r1l15" custom="readingOrder {index:14;}">
                <Coords points="2875,1689 2984,1681 3010,1698 3163,1683 3179,1697 3252,1698 3328,1685 3329,1629 3226,1644 2876,1636"/>
                <Baseline points="2893,1676 2919,1675 2945,1675 2971,1675 2997,1675 3023,1675 3049,1676 3075,1676 3102,1677 3128,1678 3154,1679 3180,1679 3206,1679 3232,1680 3258,1679 3284,1679 3311,1678"/>
                <TextEquiv>
                    <Unicode>und derselben Person</Unicode>
                </TextEquiv>
            </TextLine>
            <TextLine id="r1l16" custom="readingOrder {index:15;}">
                <Coords points="1773,1723 2861,1739 2861,1696 2782,1676 1773,1677"/>
                <Baseline points="1790,1719 1842,1719 1895,1719 1948,1719 2000,1720 2053,1720 2106,1720 2158,1720 2211,1721 2264,1721 2317,1721 2369,1722 2422,1722 2475,1722 2527,1723 2580,1723 2633,1723 2685,1724 2738,1724 2791,1724 2844,1724"/>
                <TextEquiv>
                    <Unicode>Possen. Sketschs und Operettenlibretti auf Bestellung</Unicode>
                </TextEquiv>
            </TextLine>
            <TextLine id="r1l17" custom="readingOrder {index:16;}">
                <Coords points="2874,1734 3287,1745 3314,1736 3315,1689 3245,1695 3169,1677 3013,1697 2987,1683 2875,1688"/>
                <Baseline points="2891,1726 2916,1725 2941,1725 2967,1725 2992,1725 3018,1726 3043,1726 3069,1727 3094,1728 3119,1728 3145,1730 3170,1730 3196,1730 3221,1731 3247,1731 3272,1730 3298,1729"/>
                <TextEquiv>
                    <Unicode>wenn es lustig werd</Unicode>
                </TextEquiv>
            </TextLine>
            <TextLine id="r1l18" custom="readingOrder {index:17;}">
                <Coords points="870,1744 978,1766 1081,1768 1121,1743 1164,1764 1465,1767 1524,1759 1526,1699 1447,1674 1397,1700 1004,1674 973,1696 871,1688"/>
                <Baseline points="886,1731 917,1732 948,1732 979,1733 1010,1734 1041,1735 1072,1735 1104,1736 1135,1737 1166,1738 1197,1739 1228,1740 1259,1741 1290,1741 1322,1742 1353,1742 1384,1743 1415,1743 1446,1744 1477,1744 1509,1744"/>
                <TextEquiv>
                    <Unicode>Besprochen von S. O. Fangor.</Unicode>
                </TextEquiv>
            </TextLine>
            <TextLine id="r1l19" custom="readingOrder {index:18;}">
                <Coords points="1758,1771 2377,1768 2433,1798 2860,1771 2860,1741 2642,1720 1759,1725"/>
                <Baseline points="1776,1764 1829,1765 1882,1766 1936,1767 1989,1768 2042,1769 2096,1770 2149,1770 2202,1771 2256,1771 2309,1772 2362,1772 2416,1772 2469,1772 2522,1772 2576,1772 2629,1772 2682,1772 2736,1772 2789,1771 2843,1771"/>
                <TextEquiv>
                    <Unicode>liefern; der einzige, und zwar zugunsten der Bühnen¬</Unicode>
                </TextEquiv>
            </TextLine>
            <TextLine id="r1l20" custom="readingOrder {index:19;}">
                <Coords points="2869,1794 2912,1795 2929,1778 3031,1790 3108,1777 3131,1794 3210,1782 3296,1793 3319,1786 3320,1734 3287,1746 3141,1735 3098,1751 3069,1731 2870,1735"/>
                <Baseline points="2887,1776 2913,1775 2939,1774 2965,1774 2991,1773 3017,1774 3043,1774 3069,1774 3095,1775 3121,1776 3147,1776 3173,1777 3199,1778 3225,1778 3251,1778 3277,1778 3304,1778"/>
                <TextEquiv>
                    <Unicode>Fink und Fliederbu</Unicode>
                </TextEquiv>
            </TextLine>
            <TextLine id="r1l21" custom="readingOrder {index:20;}">
                <Coords points="735,1812 1744,1831 1745,1768 1553,1739 1215,1775 1117,1740 736,1749"/>
                <Baseline points="753,1799 801,1800 850,1802 899,1803 948,1804 996,1804 1045,1805 1094,1805 1143,1806 1191,1806 1240,1806 1289,1807 1338,1807 1386,1808 1435,1808 1484,1809 1533,1810 1581,1810 1630,1811 1679,1813 1728,1814"/>
                <TextEquiv>
                    <Unicode>Einem Journalistenstück, das in Anlage und Durch¬</Unicode>
                </TextEquiv>
            </TextLine>
            <TextLine id="r1l22" custom="readingOrder {index:21;}">
                <Coords points="1767,1821 2871,1843 2872,1774 1767,1772"/>
                <Baseline points="1782,1812 1835,1813 1889,1814 1942,1815 1996,1816 2050,1816 2103,1817 2157,1818 2211,1819 2264,1820 2318,1820 2372,1821 2425,1821 2479,1822 2533,1822 2586,1822 2640,1823 2694,1823 2747,1823 2801,1823 2855,1823"/>
                <TextEquiv>
                    <Unicode>industriellen sprethende Unterschied wäre der, daß diese</Unicode>
                </TextEquiv>
            </TextLine>
            <TextLine id="r1l23" custom="readingOrder {index:22;}">
                <Coords points="2876,1839 3025,1843 3071,1826 3088,1843 3174,1833 3207,1847 3223,1834 3319,1831 3319,1785 2876,1783"/>
                <Baseline points="2891,1831 2916,1827 2942,1825 2968,1824 2994,1823 3020,1823 3045,1823 3071,1823 3097,1823 3123,1824 3149,1826 3174,1826 3200,1827 3226,1827 3252,1827 3278,1827 3304,1826"/>
                <TextEquiv>
                    <Unicode>„Gspaß“ herauskomm</Unicode>
                </TextEquiv>
            </TextLine>
            <TextLine id="r1l24" custom="readingOrder {index:23;}">
                <Coords points="654,1861 1606,1883 1752,1872 1753,1816 654,1808"/>
                <Baseline points="669,1848 722,1850 775,1852 828,1853 882,1854 935,1855 988,1856 1041,1857 1095,1857 1148,1858 1201,1858 1254,1859 1308,1859 1361,1859 1414,1860 1467,1861 1521,1861 1574,1862 1627,1863 1680,1864 1734,1866"/>
                <TextEquiv>
                    <Unicode>führung so gründlich verhaut ist wie das vorliegende,</Unicode>
                </TextEquiv>
            </TextLine>
            <TextLine id="r1l25" custom="readingOrder {index:24;}">
                <Coords points="1754,1870 2799,1888 2872,1883 2873,1850 2744,1818 1755,1813"/>
                <Baseline points="1770,1862 1824,1862 1878,1862 1932,1863 1987,1863 2041,1864 2095,1864 2149,1865 2204,1866 2258,1866 2312,1867 2366,1868 2421,1869 2475,1869 2529,1870 2583,1871 2638,1871 2692,1872 2746,1872 2800,1873 2855,1873"/>
                <TextEquiv>
                    <Unicode>ein Thema wie „Fink und Fliederbusch“ viel amüsanter</Unicode>
                </TextEquiv>
            </TextLine>
            <TextLine id="r1l26" custom="readingOrder {index:25;}">
                <Coords points="2875,1871 2915,1887 2984,1874 3004,1891 3040,1881 3070,1894 3117,1874 3146,1887 3275,1884 3315,1861 3315,1834 3222,1834 3199,1847 3183,1834 3070,1828 2875,1831"/>
                <Baseline points="2891,1875 2916,1874 2941,1874 2967,1874 2992,1874 3017,1874 3043,1874 3068,1874 3094,1874 3119,1874 3144,1874 3170,1874 3195,1875 3220,1874 3246,1874 3271,1874 3297,1873"/>
                <TextEquiv>
                    <Unicode>eine große, wie der#</Unicode>
                </TextEquiv>
            </TextLine>
            <TextLine id="r1l27" custom="readingOrder {index:26;}">
                <Coords points="648,1915 1700,1926 1746,1917 1747,1871 649,1856"/>
                <Baseline points="666,1899 719,1900 772,1901 825,1902 878,1903 931,1904 984,1904 1037,1905 1090,1905 1143,1906 1197,1906 1250,1907 1303,1907 1356,1907 1409,1908 1462,1908 1515,1909 1568,1910 1621,1910 1674,1911 1728,1912"/>
                <TextEquiv>
                    <Unicode>fällt es nicht schwer, objektiv gegenüberzutreten, selbst</Unicode>
                </TextEquiv>
            </TextLine>
            <TextLine id="r1l28" custom="readingOrder {index:27;}">
                <Coords points="1750,1916 2862,1927 2862,1874 1751,1866"/>
                <Baseline points="1766,1911 1820,1910 1874,1910 1928,1910 1982,1911 2036,1912 2090,1912 2144,1914 2198,1915 2252,1916 2306,1917 2360,1918 2414,1920 2468,1921 2522,1921 2576,1922 2630,1922 2684,1922 2738,1921 2792,1920 2846,1919"/>
                <TextEquiv>
                    <Unicode>bearbeitet hätten als Schnitzler, der es nie und sogar</Unicode>
                </TextEquiv>
            </TextLine>
            <TextLine id="r1l29" custom="readingOrder {index:28;}">
                <Coords points="2870,1938 3098,1938 3158,1919 3220,1943 3283,1944 3326,1928 3327,1855 3254,1887 3152,1889 3119,1872 3102,1888 3013,1891 2983,1874 2917,1886 2871,1872"/>
                <Baseline points="2888,1927 2914,1925 2940,1924 2967,1923 2993,1922 3020,1922 3046,1922 3073,1922 3099,1923 3125,1923 3152,1924 3178,1925 3205,1926 3231,1927 3258,1928 3284,1929 3311,1930"/>
                <TextEquiv>
                    <Unicode>faire“, in die Schnitz</Unicode>
                </TextEquiv>
            </TextLine>
            <TextLine id="r1l30" custom="readingOrder {index:29;}">
                <Coords points="644,1959 1659,1977 1745,1971 1746,1915 644,1890"/>
                <Baseline points="661,1948 714,1949 767,1950 821,1951 874,1952 928,1953 981,1954 1035,1954 1088,1954 1142,1955 1195,1955 1248,1955 1302,1955 1355,1955 1409,1955 1462,1956 1516,1956 1569,1956 1623,1957 1676,1957 1730,1958"/>
                <TextEquiv>
                    <Unicode>wenn der Kritisierende dem Stande der Journalisten</Unicode>
                </TextEquiv>
            </TextLine>
            <TextLine id="r1l31" custom="readingOrder {index:30;}">
                <Coords points="1754,1962 2868,1988 2869,1925 1754,1916"/>
                <Baseline points="1771,1958 1825,1959 1879,1960 1933,1961 1987,1962 2041,1963 2095,1963 2149,1964 2203,1965 2257,1965 2311,1966 2365,1966 2419,1966 2473,1967 2527,1967 2581,1967 2635,1967 2689,1967 2743,1967 2797,1967 2852,1966"/>
                <TextEquiv>
                    <Unicode>im Lustspiel nicht unterlassen kann, philosophisch=grüb¬</Unicode>
                </TextEquiv>
            </TextLine>
            <TextLine id="r1l32" custom="readingOrder {index:31;}">
                <Coords points="2875,1978 2958,1978 2988,1998 3070,1972 3202,1992 3282,1979 3331,1999 3332,1926 3285,1942 3166,1926 2875,1929"/>
                <Baseline points="2892,1974 2918,1974 2944,1974 2971,1974 2997,1974 3023,1974 3050,1974 3076,1974 3103,1974 3129,1974 3155,1974 3182,1974 3208,1974 3234,1974 3261,1974 3287,1975 3314,1975"/>
                <TextEquiv>
                    <Unicode>legt, daß alle Journa</Unicode>
                </TextEquiv>
            </TextLine>
            <TextLine id="r1l33" custom="readingOrder {index:32;}">
                <Coords points="641,2000 1518,2030 1683,2002 1684,1966 642,1964"/>
                <Baseline points="659,1997 709,1998 759,1999 810,2000 860,2001 911,2002 961,2003 1012,2004 1062,2004 1113,2004 1163,2005 1213,2005 1264,2005 1314,2006 1365,2006 1415,2006 1466,2006 1516,2006 1567,2006 1617,2006 1668,2006"/>
                <TextEquiv>
                    <Unicode>angehört, also mäßte man glauben, befangen sei.</Unicode>
                </TextEquiv>
            </TextLine>
            <TextLine id="r1l34" custom="readingOrder {index:33;}">
                <Coords points="1753,2009 2864,2023 2864,1974 1753,1963"/>
                <Baseline points="1770,2011 1823,2010 1877,2010 1931,2010 1985,2011 2039,2011 2093,2012 2146,2012 2200,2013 2254,2014 2308,2015 2362,2015 2416,2016 2470,2017 2523,2017 2577,2018 2631,2018 2685,2018 2739,2019 2793,2019 2847,2018"/>
                <TextEquiv>
                    <Unicode>lerische Untertöne anzuschlagen. Eine Kostprobe dieser</Unicode>
                </TextEquiv>
            </TextLine>
            <TextLine id="r1l35" custom="readingOrder {index:34;}">
                <Coords points="2876,2034 3058,2028 3124,2052 3157,2025 3210,2039 3329,2030 3329,1987 3283,1980 2876,1981"/>
                <Baseline points="2891,2021 2917,2021 2943,2020 2970,2020 2996,2020 3023,2020 3049,2020 3076,2020 3102,2020 3128,2021 3155,2021 3181,2021 3208,2022 3234,2022 3261,2022 3287,2022 3314,2023"/>
                <TextEquiv>
                    <Unicode>aufs Geschäft bedacht</Unicode>
                </TextEquiv>
            </TextLine>
            <TextLine id="r1l36" custom="readingOrder {index:35;}">
                <Coords points="644,2043 1742,2056 1742,2013 1703,2009 644,2000"/>
                <Baseline points="660,2045 713,2047 766,2048 819,2049 872,2050 926,2051 979,2052 1032,2053 1085,2054 1138,2054 1192,2055 1245,2055 1298,2055 1351,2056 1404,2056 1458,2056 1511,2056 1564,2055 1617,2055 1670,2055 1724,2054"/>
                <TextEquiv>
                    <Unicode>Wieso das komit, wird man fragen, wo doch das</Unicode>
                </TextEquiv>
            </TextLine>
            <TextLine id="r1l37" custom="readingOrder {index:36;}">
                <Coords points="1752,2060 2867,2079 2867,2026 2718,2008 1753,2020"/>
                <Baseline points="1770,2058 1824,2059 1878,2060 1932,2061 1986,2062 2040,2062 2094,2063 2148,2063 2202,2063 2256,2064 2310,2064 2364,2064 2418,2064 2472,2064 2526,2064 2580,2064 2634,2064 2688,2064 2742,2065 2796,2065 2850,2066"/>
                <TextEquiv>
                    <Unicode>aus dem Geiste des Wienerischen geborenen, Schnitzler</Unicode>
                </TextEquiv>
            </TextLine>
            <TextLine id="r1l38" custom="readingOrder {index:37;}">
                <Coords points="2878,2080 2934,2084 2980,2064 3020,2087 3106,2087 3126,2071 3258,2087 3321,2077 3321,2031 2878,2031"/>
                <Baseline points="2895,2072 2920,2072 2946,2071 2971,2070 2997,2070 3022,2069 3048,2069 3073,2069 3099,2069 3124,2070 3150,2070 3175,2070 3201,2070 3226,2071 3252,2071 3277,2071 3303,2071"/>
                <TextEquiv>
                    <Unicode>höre weiter. Die beid</Unicode>
                </TextEquiv>
            </TextLine>
            <TextLine id="r1l39" custom="readingOrder {index:38;}">
                <Coords points="643,2103 1751,2106 1751,2069 1642,2052 644,2040"/>
                <Baseline points="661,2096 714,2096 768,2097 822,2097 875,2098 929,2098 983,2099 1036,2100 1090,2100 1144,2101 1198,2102 1251,2102 1305,2103 1359,2103 1412,2103 1466,2104 1520,2104 1573,2104 1627,2104 1681,2104 1735,2104"/>
                <TextEquiv>
                    <Unicode>Leben und Treiben der Zeitungswelt in diesem Stücke</Unicode>
                </TextEquiv>
            </TextLine>
            <TextLine id="r1l40" custom="readingOrder {index:39;}">
                <Coords points="1752,2118 2857,2132 2857,2082 2656,2063 1753,2061"/>
                <Baseline points="1768,2105 1821,2106 1875,2107 1929,2108 1982,2108 2036,2109 2090,2110 2143,2111 2197,2111 2251,2112 2305,2113 2358,2113 2412,2114 2466,2114 2519,2115 2573,2115 2627,2115 2680,2115 2734,2115 2788,2115 2842,2115"/>
                <TextEquiv>
                    <Unicode>eigen ämlichen Art, alles Mögliche problematisch zu fin¬</Unicode>
                </TextEquiv>
            </TextLine>
            <TextLine id="r1l41" custom="readingOrder {index:40;}">
                <Coords points="2870,2138 2983,2125 3039,2138 3115,2128 3145,2144 3161,2128 3317,2128 3317,2075 3161,2082 3131,2068 3069,2082 2979,2068 2913,2085 2870,2072"/>
                <Baseline points="2886,2122 2911,2120 2937,2120 2963,2119 2989,2119 3015,2119 3040,2119 3066,2119 3092,2119 3118,2120 3144,2120 3169,2120 3195,2120 3221,2120 3247,2120 3273,2120 3299,2119"/>
                <TextEquiv>
                    <Unicode>tungen der Pfiffikus</Unicode>
                </TextEquiv>
            </TextLine>
            <TextLine id="r1l42" custom="readingOrder {index:41;}">
                <Coords points="640,2155 1745,2165 1745,2108 641,2102"/>
                <Baseline points="658,2147 711,2147 764,2147 818,2147 871,2147 925,2148 978,2148 1032,2149 1085,2149 1139,2150 1192,2150 1245,2151 1299,2152 1352,2152 1406,2153 1459,2153 1513,2153 1566,2154 1620,2154 1673,2154 1727,2154"/>
                <TextEquiv>
                    <Unicode>so vollends heruntergerissen und verhöhnt wird, daß</Unicode>
                </TextEquiv>
            </TextLine>
            <TextLine id="r1l43" custom="readingOrder {index:42;}">
                <Coords points="1756,2156 2751,2191 2873,2180 2874,2124 1756,2113"/>
                <Baseline points="1773,2152 1827,2153 1881,2154 1935,2155 1989,2156 2043,2156 2097,2157 2152,2158 2206,2159 2260,2160 2314,2161 2368,2162 2422,2162 2476,2163 2531,2163 2585,2164 2639,2164 2693,2164 2747,2165 2801,2165 2856,2165"/>
                <TextEquiv>
                    <Unicode>den und dabei doch einen gesunden Appetit zu behalten,</Unicode>
                </TextEquiv>
            </TextLine>
            <TextLine id="r1l44" custom="readingOrder {index:43;}">
                <Coords points="2870,2176 3092,2183 3145,2166 3294,2186 3330,2172 3330,2139 3274,2129 2870,2127"/>
                <Baseline points="2886,2172 2911,2170 2936,2169 2961,2168 2986,2168 3011,2167 3037,2167 3062,2167 3087,2167 3112,2167 3137,2167 3162,2168 3188,2168 3213,2168 3238,2169 3263,2169 3288,2169 3314,2168"/>
                <TextEquiv>
                    <Unicode>arbeiter des konserv#</Unicode>
                </TextEquiv>
            </TextLine>
            <TextLine id="r1l45" custom="readingOrder {index:44;}">
                <Coords points="639,2207 1744,2222 1744,2162 639,2168"/>
                <Baseline points="655,2195 708,2195 762,2196 816,2196 869,2197 923,2197 977,2198 1030,2199 1084,2199 1138,2200 1192,2201 1245,2201 1299,2202 1353,2202 1406,2202 1460,2202 1514,2202 1567,2202 1621,2202 1675,2201 1729,2200"/>
                <TextEquiv>
                    <Unicode>nicht ein gutes Haar daran bleibt? Die Antwort</Unicode>
                </TextEquiv>
            </TextLine>
            <TextLine id="r1l46" custom="readingOrder {index:45;}">
                <Coords points="1752,2219 2810,2230 2873,2211 2874,2165 1753,2156"/>
                <Baseline points="1770,2205 1824,2205 1878,2206 1932,2206 1987,2207 2041,2208 2095,2208 2150,2209 2204,2210 2258,2211 2313,2212 2367,2212 2421,2213 2475,2214 2530,2214 2584,2215 2638,2215 2693,2215 2747,2215 2801,2215 2856,2214"/>
                <TextEquiv>
                    <Unicode>finden wir auch diesmal, und, zwar im 3. Akt, mo</Unicode>
                </TextEquiv>
            </TextLine>
            <TextLine id="r1l47" custom="readingOrder {index:46;}">
                <Coords points="2869,2231 3319,2232 3319,2173 2870,2175"/>
                <Baseline points="2885,2217 2911,2216 2937,2214 2963,2214 2989,2214 3015,2214 3041,2214 3067,2214 3094,2215 3120,2215 3146,2216 3172,2217 3198,2217 3224,2218 3250,2218 3276,2218 3303,2218"/>
                <TextEquiv>
                    <Unicode>Doppelspiel Keuntnis</Unicode>
                </TextEquiv>
            </TextLine>
            <TextLine id="r1l48" custom="readingOrder {index:47;}">
                <Coords points="649,2254 1740,2264 1740,2204 649,2198"/>
                <Baseline points="664,2239 716,2242 769,2245 822,2247 875,2249 928,2250 981,2251 1034,2251 1087,2251 1140,2251 1193,2251 1245,2250 1298,2250 1351,2249 1404,2249 1457,2248 1510,2248 1563,2248 1616,2248 1669,2248 1722,2249"/>
                <TextEquiv>
                    <Unicode>darauf ergibt sich aus der betrüblichen Minderwertig¬</Unicode>
                </TextEquiv>
            </TextLine>
            <TextLine id="r1l49" custom="readingOrder {index:48;}">
                <Coords points="1755,2258 2873,2293 2874,2214 1756,2225"/>
                <Baseline points="1772,2253 1826,2253 1880,2254 1934,2254 1989,2255 2043,2256 2097,2256 2152,2257 2206,2257 2260,2258 2315,2258 2369,2259 2423,2260 2477,2260 2532,2261 2586,2261 2640,2262 2695,2263 2749,2263 2803,2264 2858,2264"/>
                <TextEquiv>
                    <Unicode>ein hochgeborener Graf in einem pessimistischen Vortrag</Unicode>
                </TextEquiv>
            </TextLine>
            <TextLine id="r1l50" custom="readingOrder {index:49;}">
                <Coords points="2865,2260 2941,2283 3020,2264 3043,2284 3066,2271 3169,2285 3202,2265 3248,2292 3275,2276 3328,2279 3328,2236 3305,2230 2865,2220"/>
                <Baseline points="2881,2269 2906,2267 2931,2266 2956,2265 2981,2265 3007,2264 3032,2265 3057,2265 3082,2265 3108,2266 3133,2266 3158,2267 3183,2268 3209,2268 3234,2268 3259,2269 3284,2268 3310,2268"/>
                <TextEquiv>
                    <Unicode>Geben sie dem chara</Unicode>
                </TextEquiv>
            </TextLine>
            <TextLine id="r1l51" custom="readingOrder {index:50;}">
                <Coords points="648,2306 1736,2315 1737,2263 648,2253"/>
                <Baseline points="665,2291 717,2292 770,2293 823,2294 876,2295 929,2295 981,2296 1034,2296 1087,2296 1140,2296 1193,2296 1245,2296 1298,2296 1351,2297 1404,2297 1457,2297 1509,2297 1562,2298 1615,2298 1668,2299 1721,2300"/>
                <TextEquiv>
                    <Unicode>keit der künstlerischen Qualitäten in Schnitzlers neue¬</Unicode>
                </TextEquiv>
            </TextLine>
            <TextLine id="r1l52" custom="readingOrder {index:51;}">
                <Coords points="1746,2313 2752,2313 2871,2344 2871,2285 2805,2271 1747,2260"/>
                <Baseline points="1762,2302 1816,2303 1871,2303 1926,2304 1980,2305 2035,2306 2090,2306 2144,2307 2199,2307 2254,2308 2309,2308 2363,2309 2418,2309 2473,2310 2527,2310 2582,2311 2637,2311 2691,2312 2746,2312 2801,2313 2856,2314"/>
                <TextEquiv>
                    <Unicode>das Wesen der „Ueberzeugung“ zerfasert. Schnitzler täte</Unicode>
                </TextEquiv>
            </TextLine>
            <TextLine id="r1l53" custom="readingOrder {index:52;}">
                <Coords points="2864,2321 3039,2325 3059,2342 3092,2322 3175,2336 3231,2323 3327,2346 3327,2280 3083,2269 3040,2282 3020,2266 2987,2282 2864,2285"/>
                <Baseline points="2881,2316 2906,2315 2931,2315 2956,2314 2981,2314 3007,2314 3032,2314 3057,2314 3082,2314 3108,2315 3133,2315 3158,2315 3183,2316 3209,2316 3234,2316 3259,2316 3284,2316 3310,2316"/>
                <TextEquiv>
                    <Unicode>einen Jußtritt, den er</Unicode>
                </TextEquiv>
            </TextLine>
            <TextLine id="r1l54" custom="readingOrder {index:53;}">
                <Coords points="637,2357 1698,2368 1751,2359 1752,2292 637,2307"/>
                <Baseline points="654,2339 708,2341 762,2342 816,2344 870,2345 924,2345 978,2346 1032,2347 1086,2347 1140,2348 1194,2348 1248,2348 1302,2349 1356,2349 1410,2349 1464,2349 1518,2349 1572,2349 1626,2349 1680,2349 1734,2349"/>
                <TextEquiv>
                    <Unicode>stem Bühnenwerk. „Fink und Fliederbusch“ bedeutet</Unicode>
                </TextEquiv>
            </TextLine>
            <TextLine id="r1l55" custom="readingOrder {index:54;}">
                <Coords points="1754,2365 2815,2379 2865,2369 2866,2316 1754,2316"/>
                <Baseline points="1770,2354 1823,2354 1877,2353 1931,2353 1985,2353 2039,2354 2093,2354 2147,2354 2201,2355 2255,2356 2309,2356 2362,2357 2416,2358 2470,2358 2524,2359 2578,2360 2632,2360 2686,2361 2740,2361 2794,2362 2848,2362"/>
                <TextEquiv>
                    <Unicode>gut, das Abbrennen von solchem Geistesfeuerwerk dem</Unicode>
                </TextEquiv>
            </TextLine>
            <TextLine id="r1l56" custom="readingOrder {index:55;}">
                <Coords points="2865,2359 2915,2379 3064,2366 3173,2383 3308,2363 3308,2323 3199,2323 3176,2336 3143,2323 3050,2333 2865,2319"/>
                <Baseline points="2883,2367 2908,2365 2934,2364 2959,2363 2985,2362 3010,2362 3036,2362 3061,2362 3087,2362 3113,2363 3138,2363 3164,2364 3189,2364 3215,2365 3240,2365 3266,2365 3292,2364"/>
                <TextEquiv>
                    <Unicode>durchaus nicht, das</Unicode>
                </TextEquiv>
            </TextLine>
            <TextLine id="r1l57" custom="readingOrder {index:56;}">
                <Coords points="634,2403 1749,2406 1749,2360 1554,2342 635,2351"/>
                <Baseline points="652,2389 706,2390 760,2391 814,2391 868,2391 922,2392 976,2392 1030,2392 1084,2392 1138,2392 1192,2392 1246,2392 1300,2393 1354,2393 1408,2394 1462,2395 1516,2396 1570,2397 1624,2398 1678,2400 1733,2402"/>
                <TextEquiv>
                    <Unicode>nämlich, an seinen bisherigen Leistungen gemessen, einen</Unicode>
                </TextEquiv>
            </TextLine>
            <TextLine id="r1l58" custom="readingOrder {index:57;}">
                <Coords points="1758,2406 2869,2434 2870,2368 1759,2363"/>
                <Baseline points="1774,2397 1828,2398 1882,2399 1936,2400 1990,2401 2044,2402 2098,2403 2152,2403 2206,2404 2260,2405 2314,2406 2368,2407 2422,2408 2476,2408 2530,2409 2584,2410 2638,2411 2692,2412 2746,2413 2800,2414 2854,2414"/>
                <TextEquiv>
                    <Unicode>handfesten. Sudermann zu überlassen, der schon genug</Unicode>
                </TextEquiv>
            </TextLine>
            <TextLine id="r1l59" custom="readingOrder {index:58;}">
                <Coords points="2870,2431 2992,2418 3293,2433 3293,2364 3260,2380 3128,2383 3058,2366 2870,2385"/>
                <Baseline points="2885,2417 2911,2415 2937,2413 2963,2412 2989,2410 3016,2410 3042,2410 3068,2411 3094,2411 3120,2412 3147,2413 3173,2413 3199,2414 3225,2415 3251,2415 3278,2415"/>
                <TextEquiv>
                    <Unicode>journalistisch nach S</Unicode>
                </TextEquiv>
            </TextLine>
            <TextLine id="r1l60" custom="readingOrder {index:59;}">
                <Coords points="421,2439 441,2440 454,2454 464,2448 484,2452 497,2439 517,2443 523,2450 534,2444 553,2448 556,2378 539,2378 530,2367 513,2380 483,2369 473,2379 447,2371 440,2377 424,2377"/>
                <Baseline points="439,2420 471,2419 504,2420 537,2424"/>
                <TextEquiv>
                    <Unicode>00</Unicode>
                </TextEquiv>
            </TextLine>
            <TextLine id="r1l61" custom="readingOrder {index:60;}">
                <Coords points="643,2453 1741,2466 1742,2404 643,2397"/>
                <Baseline points="660,2437 713,2438 766,2439 819,2441 872,2441 926,2442 979,2443 1032,2443 1085,2444 1138,2444 1192,2444 1245,2445 1298,2445 1351,2445 1404,2445 1458,2446 1511,2446 1564,2447 1617,2447 1670,2448 1724,2448"/>
                <TextEquiv>
                    <Unicode>so plötzlichen Niedergang, daß in jedem, der das hoch¬</Unicode>
                </TextEquiv>
            </TextLine>
            <TextLine id="r1l62" custom="readingOrder {index:61;}">
                <Coords points="1743,2462 2867,2477 2848,2414 1744,2405"/>
                <Baseline points="1761,2444 1815,2446 1870,2447 1924,2449 1979,2450 2033,2451 2088,2453 2142,2454 2197,2454 2251,2455 2306,2456 2361,2456 2415,2457 2470,2457 2524,2458 2579,2458 2633,2459 2688,2459 2742,2459 2797,2460 2852,2460"/>
                <TextEquiv>
                    <Unicode>Beweise geliefert hat, daß er so etwas viel besser,</Unicode>
                </TextEquiv>
            </TextLine>
            <TextLine id="r1l63" custom="readingOrder {index:62;}">
                <Coords points="2869,2473 2922,2473 2955,2456 2985,2479 3187,2462 3230,2478 3293,2474 3292,2421 3196,2422 3183,2435 3064,2419 2869,2424"/>
                <Baseline points="2885,2467 2911,2464 2937,2463 2963,2461 2989,2461 3015,2460 3041,2460 3067,2460 3094,2460 3120,2461 3146,2461 3172,2461 3198,2462 3224,2461 3250,2461 3277,2461"/>
                <TextEquiv>
                    <Unicode>sie also? Von der</Unicode>
                </TextEquiv>
            </TextLine>
            <TextLine id="r1l64" custom="readingOrder {index:63;}">
                <Coords points="639,2495 1741,2524 1741,2461 1665,2450 640,2452"/>
                <Baseline points="657,2487 710,2487 763,2488 816,2489 870,2489 923,2490 976,2490 1030,2491 1083,2491 1136,2492 1190,2492 1243,2493 1296,2493 1349,2494 1403,2495 1456,2495 1509,2496 1563,2497 1616,2498 1669,2499 1723,2500"/>
                <TextEquiv>
                    <Unicode>bedeutende Gesamtwerk des Dichters kennt und schätzt,</Unicode>
                </TextEquiv>
            </TextLine>
            <TextLine id="r1l65" custom="readingOrder {index:64;}">
                <Coords points="1752,2510 2833,2528 2857,2462 1752,2457"/>
                <Baseline points="1767,2498 1820,2499 1874,2500 1927,2500 1981,2501 2035,2501 2088,2502 2142,2502 2195,2502 2249,2502 2303,2503 2356,2503 2410,2503 2463,2503 2517,2504 2571,2504 2624,2505 2678,2505 2731,2506 2785,2507 2839,2508"/>
                <TextEquiv>
                    <Unicode>weil zündender, dem Galeriepublikum angepaßter, her¬</Unicode>
                </TextEquiv>
            </TextLine>
            <TextLine id="r1l66" custom="readingOrder {index:65;}">
                <Coords points="2874,2523 2983,2514 3006,2528 3049,2511 3158,2532 3178,2519 3251,2536 3280,2520 3320,2530 3320,2470 3066,2465 3049,2478 2980,2475 2953,2458 2874,2474"/>
                <Baseline points="2889,2516 2915,2513 2941,2511 2967,2508 2993,2508 3019,2507 3045,2507 3071,2507 3097,2508 3123,2509 3149,2510 3175,2511 3201,2512 3227,2513 3253,2513 3279,2513 3305,2513"/>
                <TextEquiv>
                    <Unicode>helte Begeisterung ver</Unicode>
                </TextEquiv>
            </TextLine>
            <TextLine id="r1l67" custom="readingOrder {index:66;}">
                <Coords points="639,2554 1744,2568 1744,2521 1631,2504 639,2495"/>
                <Baseline points="655,2538 708,2539 762,2539 815,2540 869,2541 922,2541 976,2542 1029,2543 1083,2543 1136,2544 1190,2544 1244,2545 1297,2545 1351,2545 1404,2545 1458,2545 1511,2545 1565,2545 1618,2545 1672,2544 1726,2544"/>
                <TextEquiv>
                    <Unicode>lediglich das Gefühl eines großen, befremdeten Stau¬</Unicode>
                </TextEquiv>
            </TextLine>
            <TextLine id="r1l68" custom="readingOrder {index:67;}">
                <Coords points="1744,2550 2872,2559 2872,2513 1745,2517"/>
                <Baseline points="1762,2549 1816,2550 1871,2551 1925,2552 1980,2553 2035,2553 2089,2554 2144,2554 2199,2554 2253,2554 2308,2554 2363,2554 2417,2554 2472,2554 2527,2554 2581,2553 2636,2553 2691,2553 2745,2553 2800,2553 2855,2554"/>
                <TextEquiv>
                    <Unicode>ausbringt als der feinnervige Schnitzler, bei dem alles</Unicode>
                </TextEquiv>
            </TextLine>
            <TextLine id="r1l69" custom="readingOrder {index:68;}">
                <Coords points="2870,2568 2959,2578 2989,2562 3098,2562 3167,2585 3187,2568 3240,2575 3263,2558 3303,2578 3303,2519 3068,2525 3048,2512 2870,2528"/>
                <Baseline points="2887,2563 2913,2562 2940,2561 2966,2561 2993,2560 3019,2560 3046,2560 3072,2560 3099,2560 3125,2561 3152,2561 3178,2561 3205,2561 3231,2561 3258,2562 3285,2562"/>
                <TextEquiv>
                    <Unicode>platz, wo sie die h</Unicode>
                </TextEquiv>
            </TextLine>
            <TextLine id="r1l70" custom="readingOrder {index:69;}">
                <Coords points="637,2593 723,2618 753,2591 1414,2592 1593,2620 1593,2554 1567,2550 638,2541"/>
                <Baseline points="653,2584 699,2585 745,2585 791,2586 837,2587 883,2588 929,2589 976,2589 1022,2590 1068,2591 1114,2591 1160,2592 1206,2592 1252,2593 1299,2593 1345,2593 1391,2593 1437,2594 1483,2593 1529,2593 1576,2593"/>
                <TextEquiv>
                    <Unicode>neus wach wird, so etwas erleben zu müssen.</Unicode>
                </TextEquiv>
            </TextLine>
            <TextLine id="r1l71" custom="readingOrder {index:70;}">
                <Coords points="1753,2601 2871,2602 2845,2555 1753,2552"/>
                <Baseline points="1768,2599 1822,2599 1876,2599 1930,2599 1985,2600 2039,2600 2093,2601 2147,2601 2202,2601 2256,2602 2310,2602 2364,2603 2419,2603 2473,2603 2527,2604 2581,2604 2636,2604 2690,2604 2744,2605 2798,2605 2853,2605"/>
                <TextEquiv>
                    <Unicode>von den Rätselschatten der Ungewißheit verdunkelt ist</Unicode>
                </TextEquiv>
            </TextLine>
            <TextLine id="r1l72" custom="readingOrder {index:71;}">
                <Coords points="2870,2625 3148,2626 3177,2613 3253,2620 3270,2637 3320,2627 3320,2571 3264,2557 3230,2574 3191,2567 3168,2587 3095,2560 3002,2576 2870,2566"/>
                <Baseline points="2885,2611 2911,2609 2937,2608 2963,2607 2989,2607 3015,2607 3041,2607 3067,2607 3094,2608 3120,2608 3146,2609 3172,2609 3198,2609 3224,2610 3250,2610 3276,2609 3303,2609"/>
                <TextEquiv>
                    <Unicode>journalistischen Tause</Unicode>
                </TextEquiv>
            </TextLine>
            <TextLine id="r1l73" custom="readingOrder {index:72;}">
                <Coords points="732,2663 1748,2656 1748,2606 733,2594"/>
                <Baseline points="748,2643 797,2644 846,2645 895,2645 944,2646 994,2647 1043,2648 1092,2648 1141,2649 1190,2650 1240,2650 1289,2651 1338,2651 1387,2651 1436,2652 1486,2652 1535,2652 1584,2652 1633,2652 1682,2652 1732,2652"/>
                <TextEquiv>
                    <Unicode>Dieses Stück soll von Schnitzter sein, fragen wir</Unicode>
                </TextEquiv>
            </TextLine>
            <TextLine id="r1l74" custom="readingOrder {index:73;}">
                <Coords points="1744,2667 2859,2671 2860,2608 1745,2594"/>
                <Baseline points="1762,2645 1816,2645 1870,2644 1924,2644 1978,2645 2032,2645 2086,2646 2140,2647 2194,2647 2248,2649 2302,2650 2356,2650 2410,2651 2464,2652 2518,2653 2572,2654 2626,2654 2680,2654 2734,2655 2788,2654 2843,2654"/>
                <TextEquiv>
                    <Unicode>und dessen verlebter Aphorismengraf Giesbert Nieder¬</Unicode>
                </TextEquiv>
            </TextLine>
            <TextLine id="r1l75" custom="readingOrder {index:74;}">
                <Coords points="2864,2658 2927,2675 2973,2662 3099,2677 3268,2665 3317,2682 3318,2629 3278,2635 3255,2618 2908,2615 2865,2628"/>
                <Baseline points="2880,2658 2906,2656 2932,2655 2959,2654 2985,2654 3011,2654 3038,2654 3064,2654 3091,2655 3117,2656 3143,2656 3170,2657 3196,2658 3222,2658 3249,2658 3275,2658 3302,2657"/>
                <TextEquiv>
                    <Unicode>lichster Anerkennung</Unicode>
                </TextEquiv>
            </TextLine>
            <TextLine id="r1l76" custom="readingOrder {index:75;}">
                <Coords points="637,2693 1669,2715 1748,2706 1749,2643 1636,2678 637,2663"/>
                <Baseline points="652,2692 708,2692 765,2693 822,2694 879,2694 935,2695 992,2696 1049,2697 1106,2697 1163,2698 1219,2699 1276,2700 1333,2700 1390,2701 1447,2702 1503,2702 1560,2702 1617,2703 1674,2703 1731,2703"/>
                <TextEquiv>
                    <Unicode>uns immer und immer wieder, von Schnitzler, der</Unicode>
                </TextEquiv>
            </TextLine>
            <TextLine id="r1l77" custom="readingOrder {index:76;}">
                <Coords points="1748,2696 2853,2719 2853,2663 2817,2659 1748,2657"/>
                <Baseline points="1764,2691 1817,2691 1871,2692 1924,2693 1978,2694 2032,2695 2085,2696 2139,2697 2192,2697 2246,2699 2300,2700 2353,2700 2407,2701 2460,2702 2514,2702 2568,2703 2621,2703 2675,2702 2728,2702 2782,2701 2836,2700"/>
                <TextEquiv>
                    <Unicode>hof die Konkurrenz eines Vorbildes wie Graf Trast</Unicode>
                </TextEquiv>
            </TextLine>
            <TextLine id="r1l78" custom="readingOrder {index:77;}">
                <Coords points="2859,2698 2912,2721 2994,2711 3051,2731 3100,2714 3319,2711 3319,2668 3282,2661 3100,2678 3028,2661 2859,2671"/>
                <Baseline points="2875,2708 2900,2708 2925,2708 2950,2708 2975,2708 3000,2708 3025,2708 3050,2708 3075,2709 3100,2709 3125,2709 3150,2709 3175,2709 3200,2709 3225,2708 3250,2708 3275,2707 3301,2706"/>
                <TextEquiv>
                    <Unicode>regelrechten Lizitation</Unicode>
                </TextEquiv>
            </TextLine>
            <TextLine id="r1l79" custom="readingOrder {index:78;}">
                <Coords points="1750,2756 2315,2777 2348,2755 2414,2763 2415,2710 1751,2697"/>
                <Baseline points="1768,2737 1799,2738 1831,2738 1862,2739 1894,2739 1925,2740 1957,2740 1988,2741 2020,2742 2051,2742 2083,2743 2114,2744 2146,2745 2177,2745 2209,2746 2240,2746 2272,2747 2303,2747 2335,2748 2366,2748 2398,2749"/>
                <TextEquiv>
                    <Unicode>unbedingt nicht aushalten kann.</Unicode>
                </TextEquiv>
            </TextLine>
            <TextLine id="r1l80" custom="readingOrder {index:79;}">
                <Coords points="635,2757 1737,2760 1737,2707 636,2694"/>
                <Baseline points="652,2741 705,2742 758,2742 812,2743 865,2744 919,2745 972,2745 1025,2746 1079,2747 1132,2747 1186,2748 1239,2748 1292,2749 1346,2749 1399,2749 1453,2750 1506,2750 1559,2750 1613,2749 1666,2749 1720,2749"/>
                <TextEquiv>
                    <Unicode>uns „Sterben" und „Frau Bertha Galan“ geschenkt</Unicode>
                </TextEquiv>
            </TextLine>
            <TextLine id="r1l81" custom="readingOrder {index:80;}">
                <Coords points="2870,2773 2903,2760 3052,2773 3101,2753 3147,2773 3326,2763 3326,2700 3276,2717 2936,2723 2870,2707"/>
                <Baseline points="2885,2755 2911,2755 2937,2755 2964,2755 2990,2754 3017,2754 3043,2754 3070,2754 3096,2754 3122,2754 3149,2754 3175,2754 3202,2754 3228,2755 3255,2755 3281,2755 3308,2756"/>
                <TextEquiv>
                    <Unicode>bemühen. — Fink=Fli</Unicode>
                </TextEquiv>
            </TextLine>
            <TextLine id="r1l82" custom="readingOrder {index:81;}">
                <Coords points="636,2806 1694,2816 1744,2803 1745,2747 637,2746"/>
                <Baseline points="653,2792 706,2792 760,2793 814,2793 868,2794 921,2795 975,2795 1029,2795 1083,2796 1136,2796 1190,2797 1244,2797 1298,2798 1351,2798 1405,2798 1459,2798 1513,2798 1566,2798 1620,2799 1674,2799 1728,2798"/>
                <TextEquiv>
                    <Unicode>hat und dessen „Grüner Kakadu“ in seinem genialen</Unicode>
                </TextEquiv>
            </TextLine>
            <TextLine id="r1l83" custom="readingOrder {index:82;}">
                <Coords points="2856,2821 2923,2809 3161,2823 3194,2803 3237,2821 3273,2811 3306,2832 3326,2829 3327,2763 2907,2759 2857,2781"/>
                <Baseline points="2873,2801 2898,2800 2924,2800 2950,2800 2975,2801 3001,2801 3027,2802 3052,2803 3078,2804 3104,2805 3130,2806 3155,2806 3181,2807 3207,2807 3232,2806 3258,2806 3284,2805 3310,2803"/>
                <TextEquiv>
                    <Unicode>Stellung eines Red#</Unicode>
                </TextEquiv>
            </TextLine>
            <TextLine id="r1l84" custom="readingOrder {index:83;}">
                <Coords points="1839,2810 2868,2836 2866,2759 1840,2757"/>
                <Baseline points="1857,2799 1906,2799 1956,2800 2006,2801 2056,2802 2105,2803 2155,2804 2205,2805 2255,2806 2304,2807 2354,2808 2404,2809 2454,2810 2503,2810 2553,2811 2603,2811 2653,2812 2702,2812 2752,2812 2802,2812 2852,2812"/>
                <TextEquiv>
                    <Unicode>Jetzt aber zum Inhalt, der uns zeigen wird, daß</Unicode>
                </TextEquiv>
            </TextLine>
            <TextLine id="r1l85" custom="readingOrder {index:84;}">
                <Coords points="644,2850 1739,2856 1739,2806 1551,2795 644,2807"/>
                <Baseline points="661,2841 714,2840 767,2840 820,2841 873,2841 926,2841 979,2842 1032,2842 1085,2843 1138,2843 1191,2844 1244,2845 1297,2845 1350,2846 1403,2846 1456,2847 1509,2847 1562,2847 1615,2847 1668,2848 1722,2847"/>
                <TextEquiv>
                    <Unicode>Durcheinanderspiel von blutigstem Ernst und graziösester</Unicode>
                </TextEquiv>
            </TextLine>
            <TextLine id="r1l86" custom="readingOrder {index:85;}">
                <Coords points="2859,2840 2938,2868 3034,2856 3087,2870 3183,2862 3209,2879 3246,2863 3312,2867 3313,2814 3237,2823 3191,2802 3147,2822 3028,2803 2860,2814"/>
                <Baseline points="2877,2852 2903,2850 2929,2849 2955,2849 2981,2849 3007,2849 3033,2849 3059,2850 3086,2851 3112,2851 3138,2853 3164,2853 3190,2854 3216,2854 3242,2854 3268,2854 3295,2854"/>
                <TextEquiv>
                    <Unicode>nimmt ein neu zu grün</Unicode>
                </TextEquiv>
            </TextLine>
            <TextLine id="r1l87" custom="readingOrder {index:86;}">
                <Coords points="1748,2860 2826,2873 2847,2820 1749,2784"/>
                <Baseline points="1766,2844 1819,2847 1872,2849 1925,2851 1979,2852 2032,2854 2085,2855 2138,2856 2192,2857 2245,2858 2298,2859 2351,2859 2405,2860 2458,2860 2511,2860 2564,2861 2618,2861 2671,2861 2724,2861 2777,2862 2831,2862"/>
                <TextEquiv>
                    <Unicode>dieses Lustspiel an Größenwahn leidet, wenn es sich</Unicode>
                </TextEquiv>
            </TextLine>
            <TextLine id="r1l88" custom="readingOrder {index:87;}">
                <Coords points="644,2909 1739,2908 1716,2852 645,2850"/>
                <Baseline points="661,2886 714,2888 767,2890 820,2891 873,2892 926,2893 979,2894 1032,2894 1085,2894 1138,2894 1191,2894 1244,2894 1297,2894 1350,2894 1403,2895 1456,2895 1509,2895 1562,2896 1615,2897 1668,2899 1721,2900"/>
                <TextEquiv>
                    <Unicode>Scherzhaftigkeit die weit auseinanderliegenden Grenz¬</Unicode>
                </TextEquiv>
            </TextLine>
            <TextLine id="r1l89" custom="readingOrder {index:88;}">
                <Coords points="2855,2903 2895,2917 3040,2910 3053,2924 3123,2905 3172,2932 3248,2937 3308,2909 3309,2862 3227,2861 3200,2877 3187,2863 3150,2873 3015,2850 2922,2862 2856,2840"/>
                <Baseline points="2872,2899 2898,2898 2924,2897 2950,2897 2977,2898 3003,2898 3029,2899 3055,2900 3082,2901 3108,2902 3134,2902 3160,2904 3187,2904 3213,2904 3239,2904 3265,2903 3292,2902"/>
                <TextEquiv>
                    <Unicode>Graf Niederhof, von</Unicode>
                </TextEquiv>
            </TextLine>
            <TextLine id="r1l90" custom="readingOrder {index:89;}">
                <Coords points="1746,2900 2285,2940 2563,2907 2735,2945 2858,2904 2858,2864 2749,2859 1747,2860"/>
                <Baseline points="1764,2899 1817,2898 1871,2897 1925,2897 1979,2898 2033,2898 2087,2899 2141,2901 2195,2902 2249,2903 2303,2904 2356,2906 2410,2907 2464,2908 2518,2908 2572,2909 2626,2909 2680,2908 2734,2908 2788,2906 2842,2904"/>
                <TextEquiv>
                    <Unicode>so nennt, weil es ja schließlich nur eine literarisch fri¬</Unicode>
                </TextEquiv>
            </TextLine>
            <TextLine id="r1l91" custom="readingOrder {index:90;}">
                <Coords points="643,2951 1751,2971 1725,2888 1311,2919 643,2892"/>
                <Baseline points="660,2943 713,2942 767,2942 821,2942 874,2941 928,2942 982,2942 1035,2942 1089,2943 1143,2943 1197,2944 1250,2944 1304,2945 1358,2946 1411,2946 1465,2946 1519,2947 1572,2947 1626,2947 1680,2947 1734,2946"/>
                <TextEquiv>
                    <Unicode>punkte eines Könnens zeigt, vor dem man allen Re¬</Unicode>
                </TextEquiv>
            </TextLine>
            <TextLine id="r1l92" custom="readingOrder {index:91;}">
                <Coords points="1762,2961 1822,2975 1851,2969 1875,2946 1898,2960 1974,2965 1997,2952 2033,2966 2093,2950 2094,2914 2018,2906 1988,2915 1965,2898 1942,2918 1826,2896 1763,2908"/>
                <Baseline points="1778,2943 1805,2944 1832,2944 1859,2944 1886,2944 1913,2945 1940,2945 1967,2945 1994,2946 2021,2947 2048,2948 2076,2949"/>
                <TextEquiv>
                    <Unicode>sierte Posse ist.</Unicode>
                </TextEquiv>
            </TextLine>
            <TextLine id="r1l93" custom="readingOrder {index:92;}">
                <Coords points="2869,2978 2915,2982 2942,2963 2961,2973 2998,2957 3037,2971 3061,2955 3170,2970 3203,2964 3204,2924 3170,2930 3124,2906 3025,2911 2969,2897 2946,2913 2919,2906 2906,2919 2870,2919"/>
                <Baseline points="2886,2943 2911,2945 2936,2947 2961,2947 2986,2947 3011,2947 3037,2947 3062,2946 3087,2946 3112,2947 3137,2949 3162,2950 3188,2953"/>
                <TextEquiv>
                    <Unicode>ausgeben wird.</Unicode>
                </TextEquiv>
            </TextLine>
            <TextLine id="r1l94" custom="readingOrder {index:93;}">
                <Coords points="636,2992 772,3012 897,2992 1010,3012 1043,2985 1103,3005 1165,2998 1165,2972 1020,2949 636,2959"/>
                <Baseline points="653,2994 679,2993 705,2993 731,2992 757,2992 783,2992 809,2991 836,2991 862,2991 888,2991 914,2991 940,2991 966,2991 993,2992 1019,2992 1045,2992 1071,2992 1097,2992 1123,2992 1150,2992"/>
                <TextEquiv>
                    <Unicode>spekt haben muß? ...</Unicode>
                </TextEquiv>
            </TextLine>
            <TextLine id="r1l95" custom="readingOrder {index:94;}">
                <Coords points="1147,3009 1504,2995 1752,3024 1753,2954 1663,2967 1534,2949 1495,2966 1148,2940"/>
                <Baseline points="1164,2991 1192,2992 1221,2993 1249,2994 1278,2994 1307,2995 1335,2995 1364,2995 1392,2995 1421,2995 1450,2995 1478,2995 1507,2995 1535,2995 1564,2995 1593,2995 1621,2996 1650,2996 1678,2997 1707,2998 1736,2999"/>
                <TextEquiv>
                    <Unicode>Ah. von solchem Gipfel zu</Unicode>
                </TextEquiv>
            </TextLine>
            <TextLine id="r1l96" custom="readingOrder {index:95;}">
                <Coords points="1831,3013 2797,3012 2866,3040 2867,2954 2801,2946 1832,2957"/>
                <Baseline points="1848,2995 1898,2996 1948,2996 1998,2997 2048,2998 2098,2999 2148,3000 2198,3001 2248,3001 2298,3002 2349,3002 2399,3003 2449,3004 2499,3004 2549,3005 2599,3005 2649,3006 2699,3006 2749,3007 2799,3007 2850,3007"/>
                <TextEquiv>
                    <Unicode>Fliederbusch, theatralisch genommen eine Kreuzung</Unicode>
                </TextEquiv>
            </TextLine>
            <TextLine id="r1l97" custom="readingOrder {index:96;}">
                <Coords points="2951,3009 2991,3022 3110,3014 3153,3028 3173,3015 3186,3025 3216,3016 3229,3029 3255,3019 3305,3043 3306,2951 3197,2972 3180,2962 3170,2972 3094,2968 3061,2954 3034,2977 3005,2960 2952,2966"/>
                <Baseline points="2967,3008 2993,3009 3020,3009 3047,3010 3074,3011 3100,3011 3127,3012 3154,3013 3181,3013 3207,3013 3234,3013 3261,3012 3288,3011"/>
                <TextEquiv>
                    <Unicode>Es bedarf wohl</Unicode>
                </TextEquiv>
            </TextLine>
            <TextLine id="r1l98" custom="readingOrder {index:97;}">
                <Coords points="640,3039 1672,3062 1738,3056 1739,3000 641,3009"/>
                <Baseline points="658,3036 711,3037 764,3039 817,3040 870,3041 924,3041 977,3042 1030,3042 1083,3043 1136,3043 1190,3043 1243,3043 1296,3043 1349,3043 1402,3043 1456,3042 1509,3042 1562,3042 1615,3042 1668,3042 1722,3042"/>
                <TextEquiv>
                    <Unicode>einem Stück wie „Fink und Fliederbusch“ führt ein</Unicode>
                </TextEquiv>
            </TextLine>
            <TextLine id="r1l99" custom="readingOrder {index:98;}">
                <Coords points="1753,3053 2851,3073 2852,3027 1754,2990"/>
                <Baseline points="1769,3044 1822,3044 1875,3044 1928,3044 1982,3044 2035,3045 2088,3045 2141,3046 2195,3048 2248,3049 2301,3050 2354,3051 2408,3052 2461,3053 2514,3054 2567,3055 2621,3056 2674,3056 2727,3056 2780,3056 2834,3056"/>
                <TextEquiv>
                    <Unicode>von Schmock und Lapkin=Tapkin (Gogols „Revisor"),</Unicode>
                </TextEquiv>
            </TextLine>
            <TextLine id="r1l100" custom="readingOrder {index:99;}">
                <Coords points="2859,3059 2928,3077 2961,3061 3014,3075 3137,3067 3166,3081 3193,3061 3295,3076 3296,3023 3270,3019 2860,3010"/>
                <Baseline points="2874,3055 2899,3056 2924,3057 2950,3057 2975,3058 3000,3058 3026,3059 3051,3059 3077,3060 3102,3060 3127,3060 3153,3060 3178,3061 3203,3061 3229,3061 3254,3062 3280,3063"/>
                <TextEquiv>
                    <Unicode>um festzustellen, daß</Unicode>
                </TextEquiv>
            </TextLine>
            <TextLine id="r1l101" custom="readingOrder {index:100;}">
                <Coords points="632,3093 1714,3111 1741,3055 633,3043"/>
                <Baseline points="650,3087 703,3087 757,3088 811,3089 864,3089 918,3090 972,3091 1025,3091 1079,3092 1133,3092 1187,3092 1240,3093 1294,3093 1348,3093 1401,3093 1455,3093 1509,3093 1562,3093 1616,3092 1670,3092 1724,3092"/>
                <TextEquiv>
                    <Unicode>jäh abfallender Weg, und daß der Dichter ihn gegangen,</Unicode>
                </TextEquiv>
            </TextLine>
            <TextLine id="r1l102" custom="readingOrder {index:101;}">
                <Coords points="1753,3095 2861,3110 2815,3063 1753,3052"/>
                <Baseline points="1770,3091 1823,3093 1877,3094 1931,3095 1984,3096 2038,3097 2092,3098 2145,3099 2199,3100 2253,3101 2307,3101 2360,3102 2414,3102 2468,3103 2521,3103 2575,3103 2629,3103 2682,3103 2736,3103 2790,3103 2844,3103"/>
                <TextEquiv>
                    <Unicode>also ein junger, mit Menschenkenntnis, Pfiffigkeit und</Unicode>
                </TextEquiv>
            </TextLine>
            <TextLine id="r1l103" custom="readingOrder {index:102;}">
                <Coords points="2854,3109 2930,3125 3075,3117 3112,3133 3181,3113 3218,3132 3247,3115 3310,3118 3310,3068 3240,3076 3194,3059 3168,3083 3092,3064 3055,3084 3015,3064 2926,3075 2853,3059"/>
                <Baseline points="2869,3110 2895,3110 2922,3109 2948,3108 2975,3108 3001,3107 3028,3107 3054,3107 3081,3107 3107,3107 3134,3106 3160,3106 3187,3106 3213,3106 3240,3106 3266,3106 3293,3106"/>
                <TextEquiv>
                    <Unicode>gegriffen hat. Auswi</Unicode>
                </TextEquiv>
            </TextLine>
            <TextLine id="r1l104" custom="readingOrder {index:103;}">
                <Coords points="632,3137 1634,3166 1739,3153 1740,3100 632,3094"/>
                <Baseline points="647,3136 700,3138 754,3139 808,3140 862,3140 915,3140 969,3141 1023,3141 1077,3141 1130,3141 1184,3141 1238,3140 1292,3140 1345,3140 1399,3140 1453,3140 1507,3140 1560,3141 1614,3141 1668,3142 1722,3142"/>
                <TextEquiv>
                    <Unicode>muß aufrichtig betrüben. — Von der Eigenart Schnitz¬</Unicode>
                </TextEquiv>
            </TextLine>
            <TextLine id="r1l105" custom="readingOrder {index:104;}">
                <Coords points="412,3115 438,3122 461,3152 475,3144 490,3159 511,3152 531,3172 564,3156 583,3162 595,3077 566,3066 540,3083 526,3067 518,3073 495,3070 451,3030 425,3023"/>
                <Baseline points="425,3136 453,3136 481,3139 510,3143 538,3148 567,3155"/>
                <TextEquiv>
                    <Unicode>G2.</Unicode>
                </TextEquiv>
            </TextLine>
            <TextLine id="r1l106" custom="readingOrder {index:105;}">
                <Coords points="1753,3149 2851,3176 2852,3106 1754,3096"/>
                <Baseline points="1771,3143 1824,3144 1877,3144 1930,3145 1983,3145 2037,3146 2090,3147 2143,3147 2196,3148 2249,3148 2303,3149 2356,3149 2409,3149 2462,3150 2515,3150 2569,3151 2622,3151 2675,3152 2728,3152 2781,3153 2835,3154"/>
                <TextEquiv>
                    <Unicode>Begabung ausgestatteter Reporter, betätigt sich, skrupel¬</Unicode>
                </TextEquiv>
            </TextLine>
            <TextLine id="r1l107" custom="readingOrder {index:106;}">
                <Coords points="2859,3173 3008,3163 3094,3174 3120,3160 3143,3174 3200,3161 3253,3171 3299,3158 3299,3118 3216,3131 3180,3111 3114,3131 3041,3114 2859,3123"/>
                <Baseline points="2874,3156 2899,3155 2924,3154 2950,3154 2975,3154 3001,3154 3026,3155 3052,3156 3077,3156 3102,3157 3128,3157 3153,3158 3179,3157 3204,3157 3230,3156 3255,3154 3281,3152"/>
                <TextEquiv>
                    <Unicode>vorkommen, hat er</Unicode>
                </TextEquiv>
            </TextLine>
            <TextLine id="r1l108" custom="readingOrder {index:107;}">
                <Coords points="633,3196 2852,3215 2829,3155 633,3140"/>
                <Baseline points="651,3188 760,3189 869,3189 978,3189 1088,3190 1197,3191 1306,3191 1415,3192 1525,3193 1634,3194 1743,3195 1852,3196 1962,3197 2071,3198 2180,3199 2289,3199 2399,3200 2508,3200 2617,3201 2726,3201 2836,3201"/>
                <TextEquiv>
                    <Unicode>lers, die sich namentlich in psychologisch richtigem Ge= los, wie er schon ist, an zwei Blättern verschiedener</Unicode>
                </TextEquiv>
            </TextLine>
            <TextLine id="r1l109" custom="readingOrder {index:108;}">
                <Coords points="2854,3228 2940,3210 3003,3226 3032,3209 3089,3221 3131,3198 3162,3224 3181,3213 3281,3225 3307,3221 3306,3162 2926,3161 2853,3175"/>
                <Baseline points="2871,3213 2897,3213 2923,3213 2949,3212 2976,3212 3002,3212 3028,3212 3054,3212 3081,3212 3107,3212 3133,3212 3159,3211 3186,3210 3212,3210 3238,3208 3264,3206 3291,3204"/>
                <TextEquiv>
                    <Unicode>gestellt, hat Possenh</Unicode>
                </TextEquiv>
            </TextLine>
            <TextLine id="r1l110" custom="readingOrder {index:109;}">
                <Coords points="637,3264 3316,3293 3317,3227 638,3195"/>
                <Baseline points="654,3237 786,3238 918,3240 1050,3241 1183,3242 1315,3244 1447,3245 1579,3246 1712,3247 1844,3248 1976,3249 2108,3250 2241,3251 2373,3253 2505,3254 2637,3255 2770,3257 2902,3258 3034,3260 3166,3262 3299,3264"/>
                <TextEquiv>
                    <Unicode>staltungsvermögen und weltmännisch überlegener An=] Parteirichtung: als Fink schreibt er für ein streng geben (das letztere ha</Unicode>
                </TextEquiv>
            </TextLine>
            <TextEquiv>
                <Unicode>US
box 33/1
27. Einkund Fliederbinch
1
mut zeigte, finde#### diesmal kaum die Spur. Alles
konservatives Wochen
„Fink und Fliederbusch“.
erscheint gewaltsasherbeigezerrt, konstruiert, verzeich¬
misiert er gegen Iin
Lustspiel in 3 Akten von Arthur Schnitzler. S. Fischer¬
net, durchaus witzblattmäßig behandelt und könnte eben¬
zeitung. Das Ergebn#
Verlag, Berlin, 1917.
sogut von einem der vielen Stückefabrikanten sein, die
und derselben Person
Possen. Sketschs und Operettenlibretti auf Bestellung
wenn es lustig werd
Besprochen von S. O. Fangor.
liefern; der einzige, und zwar zugunsten der Bühnen¬
Fink und Fliederbu
Einem Journalistenstück, das in Anlage und Durch¬
industriellen sprethende Unterschied wäre der, daß diese
„Gspaß“ herauskomm
führung so gründlich verhaut ist wie das vorliegende,
ein Thema wie „Fink und Fliederbusch“ viel amüsanter
eine große, wie der#
fällt es nicht schwer, objektiv gegenüberzutreten, selbst
bearbeitet hätten als Schnitzler, der es nie und sogar
faire“, in die Schnitz
wenn der Kritisierende dem Stande der Journalisten
im Lustspiel nicht unterlassen kann, philosophisch=grüb¬
legt, daß alle Journa
angehört, also mäßte man glauben, befangen sei.
lerische Untertöne anzuschlagen. Eine Kostprobe dieser
aufs Geschäft bedacht
Wieso das komit, wird man fragen, wo doch das
aus dem Geiste des Wienerischen geborenen, Schnitzler
höre weiter. Die beid
Leben und Treiben der Zeitungswelt in diesem Stücke
eigen ämlichen Art, alles Mögliche problematisch zu fin¬
tungen der Pfiffikus
so vollends heruntergerissen und verhöhnt wird, daß
den und dabei doch einen gesunden Appetit zu behalten,
arbeiter des konserv#
nicht ein gutes Haar daran bleibt? Die Antwort
finden wir auch diesmal, und, zwar im 3. Akt, mo
Doppelspiel Keuntnis
darauf ergibt sich aus der betrüblichen Minderwertig¬
ein hochgeborener Graf in einem pessimistischen Vortrag
Geben sie dem chara
keit der künstlerischen Qualitäten in Schnitzlers neue¬
das Wesen der „Ueberzeugung“ zerfasert. Schnitzler täte
einen Jußtritt, den er
stem Bühnenwerk. „Fink und Fliederbusch“ bedeutet
gut, das Abbrennen von solchem Geistesfeuerwerk dem
durchaus nicht, das
nämlich, an seinen bisherigen Leistungen gemessen, einen
handfesten. Sudermann zu überlassen, der schon genug
journalistisch nach S
00
so plötzlichen Niedergang, daß in jedem, der das hoch¬
Beweise geliefert hat, daß er so etwas viel besser,
sie also? Von der
bedeutende Gesamtwerk des Dichters kennt und schätzt,
weil zündender, dem Galeriepublikum angepaßter, her¬
helte Begeisterung ver
lediglich das Gefühl eines großen, befremdeten Stau¬
ausbringt als der feinnervige Schnitzler, bei dem alles
platz, wo sie die h
neus wach wird, so etwas erleben zu müssen.
von den Rätselschatten der Ungewißheit verdunkelt ist
journalistischen Tause
Dieses Stück soll von Schnitzter sein, fragen wir
und dessen verlebter Aphorismengraf Giesbert Nieder¬
lichster Anerkennung
uns immer und immer wieder, von Schnitzler, der
hof die Konkurrenz eines Vorbildes wie Graf Trast
regelrechten Lizitation
unbedingt nicht aushalten kann.
uns „Sterben" und „Frau Bertha Galan“ geschenkt
bemühen. — Fink=Fli
hat und dessen „Grüner Kakadu“ in seinem genialen
Stellung eines Red#
Jetzt aber zum Inhalt, der uns zeigen wird, daß
Durcheinanderspiel von blutigstem Ernst und graziösester
nimmt ein neu zu grün
dieses Lustspiel an Größenwahn leidet, wenn es sich
Scherzhaftigkeit die weit auseinanderliegenden Grenz¬
Graf Niederhof, von
so nennt, weil es ja schließlich nur eine literarisch fri¬
punkte eines Könnens zeigt, vor dem man allen Re¬
sierte Posse ist.
ausgeben wird.
spekt haben muß? ...
Ah. von solchem Gipfel zu
Fliederbusch, theatralisch genommen eine Kreuzung
Es bedarf wohl
einem Stück wie „Fink und Fliederbusch“ führt ein
von Schmock und Lapkin=Tapkin (Gogols „Revisor"),
um festzustellen, daß
jäh abfallender Weg, und daß der Dichter ihn gegangen,
also ein junger, mit Menschenkenntnis, Pfiffigkeit und
gegriffen hat. Auswi
muß aufrichtig betrüben. — Von der Eigenart Schnitz¬
G2.
Begabung ausgestatteter Reporter, betätigt sich, skrupel¬
vorkommen, hat er
lers, die sich namentlich in psychologisch richtigem Ge= los, wie er schon ist, an zwei Blättern verschiedener
gestellt, hat Possenh
staltungsvermögen und weltmännisch überlegener An=] Parteirichtung: als Fink schreibt er für ein streng geben (das letztere ha</Unicode>
            </TextEquiv>
        </TextRegion>
    </Page>
</PcGts>
