<?xml version="1.0" encoding="UTF-8" standalone="yes"?>
<PcGts xmlns="http://schema.primaresearch.org/PAGE/gts/pagecontent/2013-07-15" xmlns:xsi="http://www.w3.org/2001/XMLSchema-instance" xsi:schemaLocation="http://schema.primaresearch.org/PAGE/gts/pagecontent/2013-07-15 http://schema.primaresearch.org/PAGE/gts/pagecontent/2013-07-15/pagecontent.xsd">
    <Metadata>
        <Creator>prov=University of Rostock/Institute of Mathematics/CITlab/Gundram Leifert/gundram.leifert@uni-rostock.de:name=ONB_Newseye_GT_M1+(htr_id=10810)::::v=2.4.2
prov=University of Rostock/Institute of Mathematics/CITlab/Tobias Gruening/tobias.gruening@uni-rostock.de:name=de.uros.citlab.module.baseline2polygon.B2PSeamMultiOriented:v=2.4.2
prov=University of Rostock/Institute of Mathematics/CITlab/Tobias Gruening/tobias.gruening@uni-rostock.de:name=/mnt/transkribus/LA/DEA/URO/LA_news_onb_att.pb:de.uros.citlab.segmentation.CITlab_LA_ML:v=2.4.2
Transkribus</Creator>
        <Created>2019-10-07T11:09:27.370+02:00</Created>
        <LastChange>2019-10-07T19:33:32.709+02:00</LastChange>
        <TranskribusMetadata docId="223959" pageId="9494148" pageNr="61" tsid="16425779" status="IN_PROGRESS" userId="40391" imgUrl="https://files.transkribus.eu/Get?id=MYMATUOVTNSRRCIOZMTXHHIR&amp;fileType=view" xmlUrl="https://files.transkribus.eu/Get?id=ZOSPXDENDCIQMZXWMTEFKKHC" imageId="6184375"/>
    </Metadata>
    <Page imageFilename="223959_0061.jpeg" imageWidth="3344" imageHeight="4320">
        <ReadingOrder>
            <OrderedGroup id="ro_1711443536418" caption="Regions reading order">
                <RegionRefIndexed index="0" regionRef="r1"/>
            </OrderedGroup>
        </ReadingOrder>
        <TextRegion orientation="0.0" id="r1" custom="readingOrder {index:0;}">
            <Coords points="244,162 244,3446 3307,3446 3307,162"/>
            <TextLine id="r1l1" custom="readingOrder {index:0;}">
                <Coords points="1694,206 1823,217 1844,232 1888,202 2053,222 2121,204 2121,132 2037,123 1981,130 1963,148 1945,136 1915,148 1888,127 1802,143 1694,134"/>
                <Baseline points="1708,199 1734,198 1761,198 1787,197 1814,197 1840,197 1867,197 1893,198 1920,198 1946,198 1973,198 1999,198 2026,197 2052,197 2079,195 2106,193"/>
                <TextEquiv>
                    <Unicode>box 33/1</Unicode>
                </TextEquiv>
            </TextLine>
            <TextLine id="r1l2" custom="readingOrder {index:1;}">
                <Coords points="230,200 1400,238 1556,213 1557,159 231,141"/>
                <Baseline points="244,186 308,192 373,196 438,199 503,202 568,205 633,206 698,208 763,209 828,209 893,209 957,209 1022,209 1087,209 1152,209 1217,209 1282,210 1347,210 1412,211 1477,213 1542,215"/>
                <TextEquiv>
                    <Unicode>27. Fink und Fliederbusch</Unicode>
                </TextEquiv>
            </TextLine>
            <TextLine id="r1l3" custom="readingOrder {index:2;}">
                <Coords points="958,1064 973,1066 986,1082 1005,1072 1031,1084 1071,1076 1104,1101 1147,1090 1178,1115 1193,1116 1202,1030 1157,1025 1132,1041 1115,1030 1099,1040 1082,1023 997,1035 962,1025"/>
                <Baseline points="972,1063 998,1065 1024,1068 1050,1071 1076,1074 1102,1077 1128,1080 1154,1082 1181,1084"/>
                <TextEquiv>
                    <Unicode>.</Unicode>
                </TextEquiv>
            </TextLine>
            <TextLine id="r1l4" custom="readingOrder {index:3;}">
                <Coords points="735,1137 895,1171 1586,1173 1589,1092 1513,1116 1439,1092 1390,1120 1045,1099 977,1066 934,1097 738,1071"/>
                <Baseline points="751,1129 792,1132 833,1133 874,1135 915,1137 956,1139 997,1140 1038,1142 1079,1144 1120,1146 1161,1147 1202,1149 1243,1150 1284,1152 1325,1154 1366,1156 1407,1157 1448,1159 1489,1161 1530,1163 1572,1165"/>
                <TextEquiv>
                    <Unicode>Wiener Montags Journal, Wies</Unicode>
                </TextEquiv>
            </TextLine>
            <TextLine id="r1l5" custom="readingOrder {index:4;}">
                <Coords points="923,1242 995,1252 1019,1242 1050,1263 1069,1253 1109,1275 1150,1257 1211,1278 1218,1207 1185,1210 1165,1193 1093,1192 1053,1176 1031,1186 1006,1160 980,1154 931,1159"/>
                <Baseline points="940,1227 965,1228 991,1230 1017,1233 1043,1236 1069,1239 1094,1242 1120,1245 1146,1247 1172,1247 1198,1247"/>
                <TextEquiv>
                    <Unicode>9N0 1917</Unicode>
                </TextEquiv>
            </TextLine>
            <TextLine id="r1l6" custom="readingOrder {index:5;}">
                <Coords points="480,1320 494,1323 498,1321 502,1328 520,1332 538,1250 498,1238"/>
                <Baseline points="496,1309 510,1312"/>
                <TextEquiv>
                    <Unicode>—</Unicode>
                </TextEquiv>
            </TextLine>
            <TextLine id="r1l7" custom="readingOrder {index:6;}">
                <Coords points="1979,1330 2093,1332 2113,1344 2131,1335 2149,1348 2170,1336 2182,1342 2215,1334 2216,1259 2174,1252 2153,1264 2088,1248 2064,1260 2025,1253 1980,1262"/>
                <Baseline points="1994,1322 2019,1323 2045,1323 2071,1324 2097,1325 2122,1326 2148,1326 2174,1325 2200,1323"/>
                <TextEquiv>
                    <Unicode>—</Unicode>
                </TextEquiv>
            </TextLine>
            <TextLine id="r1l8" custom="readingOrder {index:7;}">
                <Coords points="2709,1349 2745,1345 2763,1357 2775,1345 2784,1354 2813,1324 2888,1353 2909,1340 2948,1340 2947,1259 2914,1269 2893,1257 2876,1266 2849,1263 2828,1285 2801,1267 2792,1276 2780,1267 2708,1268"/>
                <Baseline points="2724,1324 2750,1325 2776,1325 2802,1325 2829,1325 2855,1324 2881,1323 2907,1323 2934,1323"/>
                <TextEquiv>
                    <Unicode>e </Unicode>
                </TextEquiv>
            </TextLine>
            <TextLine id="r1l9" custom="readingOrder {index:8;}">
                <Coords points="1720,1384 3315,1410 3316,1357 3202,1343 1721,1339"/>
                <Baseline points="1736,1370 1814,1373 1892,1374 1970,1376 2048,1377 2127,1378 2205,1379 2283,1380 2361,1381 2439,1381 2518,1382 2596,1382 2674,1383 2752,1384 2830,1385 2909,1386 2987,1387 3065,1389 3143,1391 3221,1393 3300,1395"/>
                <TextEquiv>
                    <Unicode>Ist es nicht möglich, eine Täuschung wie diese, so langej schen auf die Bühne stellt</Unicode>
                </TextEquiv>
            </TextLine>
            <TextLine id="r1l10" custom="readingOrder {index:9;}">
                <Coords points="517,1421 1037,1396 1201,1434 1351,1405 1557,1431 1555,1335 868,1323 814,1361 518,1328"/>
                <Baseline points="532,1391 582,1393 633,1395 683,1397 734,1398 784,1399 835,1400 885,1401 936,1402 986,1402 1037,1402 1088,1402 1138,1402 1189,1403 1239,1403 1290,1403 1340,1403 1391,1403 1441,1403 1492,1404 1543,1404"/>
                <TextEquiv>
                    <Unicode>Theater, Kunst und Literatur.</Unicode>
                </TextEquiv>
            </TextLine>
            <TextLine id="r1l11" custom="readingOrder {index:10;}">
                <Coords points="1598,1439 3315,1461 3316,1407 1599,1358"/>
                <Baseline points="1614,1418 1698,1421 1782,1423 1866,1426 1951,1428 2035,1430 2119,1431 2203,1433 2288,1434 2372,1435 2456,1436 2540,1437 2625,1438 2709,1438 2793,1439 2877,1440 2962,1441 3046,1442 3130,1443 3214,1445 3299,1447"/>
                <TextEquiv>
                    <Unicode>aufrecht zu erhalten, so ist es noch unmöglicher, die Täuschung im Kern aber immer noch</Unicode>
                </TextEquiv>
            </TextLine>
            <TextLine id="r1l12" custom="readingOrder {index:11;}">
                <Coords points="1601,1488 3316,1493 3316,1442 1602,1440"/>
                <Baseline points="1618,1470 1702,1472 1786,1473 1870,1475 1954,1477 2038,1479 2122,1480 2206,1481 2290,1482 2374,1484 2459,1485 2543,1486 2627,1486 2711,1487 2795,1488 2879,1488 2963,1489 3047,1489 3131,1489 3215,1489 3300,1489"/>
                <TextEquiv>
                    <Unicode>so frivol zu lösen. Um einen solchen Kerl reißen sich die Leute Moral in Bitterkeit taucht</Unicode>
                </TextEquiv>
            </TextLine>
            <TextLine id="r1l13" custom="readingOrder {index:12;}">
                <Coords points="554,1496 611,1526 811,1497 1014,1528 1125,1501 1459,1518 1459,1446 1376,1425 997,1423 955,1450 925,1423 638,1421 555,1451"/>
                <Baseline points="568,1495 611,1495 655,1495 699,1495 743,1495 787,1495 830,1495 874,1495 918,1495 962,1495 1006,1495 1049,1496 1093,1496 1137,1496 1181,1497 1225,1497 1268,1497 1312,1498 1356,1498 1400,1499 1444,1499"/>
                <TextEquiv>
                    <Unicode>„Fink und Fliederbulch“.</Unicode>
                </TextEquiv>
            </TextLine>
            <TextLine id="r1l14" custom="readingOrder {index:13;}">
                <Coords points="1604,1524 2753,1551 2820,1501 1605,1488"/>
                <Baseline points="1618,1518 1677,1519 1736,1520 1796,1521 1855,1522 1914,1524 1974,1525 2033,1526 2092,1527 2152,1528 2211,1529 2270,1530 2330,1531 2389,1532 2448,1533 2508,1533 2567,1534 2626,1534 2686,1535 2745,1535 2805,1535"/>
                <TextEquiv>
                    <Unicode>nicht, weil das kein Einfall ist, sondern ein Lumpenmätzchen.</Unicode>
                </TextEquiv>
            </TextLine>
            <TextLine id="r1l15" custom="readingOrder {index:14;}">
                <Coords points="2808,1539 3011,1550 3044,1530 3065,1548 3310,1548 3310,1504 3266,1497 3003,1500 2952,1484 2913,1504 2809,1482"/>
                <Baseline points="2823,1534 2849,1533 2875,1533 2901,1533 2928,1533 2954,1533 2980,1534 3006,1534 3033,1535 3059,1535 3085,1536 3112,1537 3138,1537 3164,1537 3190,1538 3217,1538 3243,1538 3269,1537 3296,1537"/>
                <TextEquiv>
                    <Unicode>trotz seiner Verächtlichkeit</Unicode>
                </TextEquiv>
            </TextLine>
            <TextLine id="r1l16" custom="readingOrder {index:15;}">
                <Coords points="651,1569 979,1583 1019,1554 1107,1593 1493,1581 1474,1539 1251,1499 1014,1530 841,1500 653,1515"/>
                <Baseline points="668,1547 708,1548 748,1549 789,1550 829,1551 870,1552 910,1553 951,1554 991,1555 1032,1556 1072,1558 1112,1559 1153,1560 1193,1562 1234,1563 1274,1565 1315,1567 1355,1568 1396,1570 1436,1572 1477,1574"/>
                <TextEquiv>
                    <Unicode>Eia Irrtum von Arthur Schull</Unicode>
                </TextEquiv>
            </TextLine>
            <TextLine id="r1l17" custom="readingOrder {index:16;}">
                <Coords points="1615,1572 2812,1592 2780,1540 1616,1527"/>
                <Baseline points="1631,1570 1689,1569 1747,1569 1805,1570 1864,1570 1922,1571 1980,1572 2039,1573 2097,1574 2155,1576 2214,1577 2272,1578 2330,1579 2388,1580 2447,1581 2505,1581 2563,1582 2622,1582 2680,1582 2738,1581 2797,1580"/>
                <TextEquiv>
                    <Unicode>Jeder Journalist kann es, zugleich Replikant und Duplikant zu</Unicode>
                </TextEquiv>
            </TextLine>
            <TextLine id="r1l18" custom="readingOrder {index:17;}">
                <Coords points="2814,1584 3282,1603 3300,1601 3302,1550 2815,1536"/>
                <Baseline points="2829,1578 2854,1578 2879,1579 2905,1580 2930,1580 2956,1582 2981,1582 3007,1584 3032,1584 3058,1585 3083,1585 3108,1586 3134,1587 3159,1587 3185,1587 3210,1587 3236,1587 3261,1587 3287,1586"/>
                <TextEquiv>
                    <Unicode>Schnitzler offenbar nicht</Unicode>
                </TextEquiv>
            </TextLine>
            <TextLine id="r1l19" custom="readingOrder {index:18;}">
                <Coords points="511,1620 1610,1636 1584,1552 1446,1595 1111,1599 1017,1556 941,1585 512,1572"/>
                <Baseline points="527,1613 580,1614 633,1615 687,1615 740,1616 794,1617 847,1619 900,1620 954,1621 1007,1622 1061,1623 1114,1624 1167,1625 1221,1626 1274,1627 1328,1627 1381,1627 1434,1627 1488,1627 1541,1626 1595,1625"/>
                <TextEquiv>
                    <Unicode>Drei Alte hat's, einen Dialog hat's, viele Figuren hat's</Unicode>
                </TextEquiv>
            </TextLine>
            <TextLine id="r1l20" custom="readingOrder {index:19;}">
                <Coords points="1619,1628 2804,1657 2826,1591 1619,1577"/>
                <Baseline points="1634,1618 1692,1618 1751,1619 1810,1619 1869,1620 1928,1621 1986,1622 2045,1623 2104,1624 2163,1626 2222,1627 2280,1628 2339,1629 2398,1630 2457,1631 2516,1631 2574,1632 2633,1632 2692,1632 2751,1632 2810,1631"/>
                <TextEquiv>
                    <Unicode>sein. Aber keiner macht es, weil er die „insame Kassierung“</Unicode>
                </TextEquiv>
            </TextLine>
            <TextLine id="r1l21" custom="readingOrder {index:20;}">
                <Coords points="2807,1640 2867,1643 2888,1626 2911,1647 2977,1630 3010,1651 3100,1632 3201,1657 3246,1643 3261,1658 3312,1644 3313,1578 3276,1596 3082,1602 2808,1583"/>
                <Baseline points="2823,1630 2849,1630 2875,1630 2902,1631 2928,1631 2954,1631 2981,1632 3007,1632 3033,1633 3060,1633 3086,1634 3112,1634 3139,1635 3165,1635 3191,1635 3218,1635 3244,1636 3270,1636 3297,1636"/>
                <TextEquiv>
                    <Unicode>sich mit einem lamorianten</Unicode>
                </TextEquiv>
            </TextLine>
            <TextLine id="r1l22" custom="readingOrder {index:21;}">
                <Coords points="406,1683 1616,1689 1616,1636 1575,1629 407,1624"/>
                <Baseline points="421,1663 480,1663 539,1664 598,1664 657,1665 716,1666 775,1667 834,1668 893,1669 952,1670 1011,1671 1070,1672 1129,1673 1188,1673 1247,1674 1306,1675 1365,1675 1424,1675 1483,1675 1542,1675 1602,1674"/>
                <TextEquiv>
                    <Unicode>und ist doch kein Theaterstück, was ist das? Das ist die neueste</Unicode>
                </TextEquiv>
            </TextLine>
            <TextLine id="r1l23" custom="readingOrder {index:22;}">
                <Coords points="1622,1677 2799,1692 2799,1644 2734,1637 1623,1627"/>
                <Baseline points="1637,1666 1694,1666 1751,1666 1809,1666 1866,1667 1924,1668 1981,1669 2038,1670 2096,1671 2153,1673 2211,1674 2268,1675 2325,1676 2383,1678 2440,1679 2498,1680 2555,1681 2612,1681 2670,1682 2727,1682 2785,1682"/>
                <TextEquiv>
                    <Unicode>fürchtet, die ihm zweifellos bevorsteht, wenn es enthüllt wird.</Unicode>
                </TextEquiv>
            </TextLine>
            <TextLine id="r1l24" custom="readingOrder {index:23;}">
                <Coords points="2809,1690 3048,1689 3072,1714 3138,1688 3311,1704 3312,1644 3229,1642 3198,1660 3097,1633 3013,1653 2984,1637 2927,1648 2888,1626 2810,1639"/>
                <Baseline points="2825,1678 2851,1677 2877,1677 2903,1677 2929,1678 2955,1678 2981,1679 3007,1680 3033,1680 3060,1682 3086,1683 3112,1683 3138,1684 3164,1685 3190,1685 3216,1685 3242,1685 3268,1685 3295,1684"/>
                <TextEquiv>
                    <Unicode>nicht viel vorhanden ist.</Unicode>
                </TextEquiv>
            </TextLine>
            <TextLine id="r1l25" custom="readingOrder {index:24;}">
                <Coords points="399,1727 1423,1751 1614,1741 1615,1687 399,1691"/>
                <Baseline points="413,1712 472,1713 531,1714 591,1716 650,1717 709,1718 769,1718 828,1719 887,1720 947,1720 1006,1721 1065,1721 1125,1722 1184,1722 1243,1722 1303,1723 1362,1723 1421,1723 1481,1723 1540,1724 1600,1724"/>
                <TextEquiv>
                    <Unicode>Schöpfung von Arthur Schnitzler, dem „Wiener Dichter“, der</Unicode>
                </TextEquiv>
            </TextLine>
            <TextLine id="r1l26" custom="readingOrder {index:25;}">
                <Coords points="1621,1720 2701,1755 2809,1732 2810,1690 1621,1678"/>
                <Baseline points="1637,1715 1694,1716 1752,1716 1810,1716 1868,1717 1926,1718 1984,1718 2041,1719 2099,1720 2157,1721 2215,1721 2273,1722 2331,1723 2389,1724 2446,1725 2504,1726 2562,1726 2620,1727 2678,1728 2736,1728 2794,1729"/>
                <TextEquiv>
                    <Unicode>Und mit der ersichtlich als Selbstzweck aufgestapelten „Plauderei“</Unicode>
                </TextEquiv>
            </TextLine>
            <TextLine id="r1l27" custom="readingOrder {index:26;}">
                <Coords points="2814,1742 2913,1724 3097,1750 3155,1730 3312,1759 3314,1690 3174,1689 3068,1710 3051,1692 2815,1682"/>
                <Baseline points="2830,1725 2855,1725 2881,1726 2907,1727 2933,1728 2959,1729 2985,1730 3011,1731 3037,1732 3063,1733 3089,1734 3115,1734 3141,1735 3167,1736 3193,1736 3219,1736 3245,1736 3271,1736 3297,1736"/>
                <TextEquiv>
                    <Unicode>oder dumm ... Sie den</Unicode>
                </TextEquiv>
            </TextLine>
            <TextLine id="r1l28" custom="readingOrder {index:27;}">
                <Coords points="413,1769 1605,1783 1605,1744 1492,1731 414,1727"/>
                <Baseline points="427,1764 485,1764 543,1765 601,1765 659,1766 717,1767 775,1767 834,1768 892,1769 950,1769 1008,1770 1066,1771 1124,1771 1182,1772 1241,1773 1299,1773 1357,1773 1415,1773 1473,1774 1531,1773 1590,1773"/>
                <TextEquiv>
                    <Unicode>#it einem Menschenalter in Wien schreibt und dichtet, ohne von</Unicode>
                </TextEquiv>
            </TextLine>
            <TextLine id="r1l29" custom="readingOrder {index:28;}">
                <Coords points="1618,1773 2815,1789 2792,1732 1619,1722"/>
                <Baseline points="1633,1764 1691,1765 1749,1765 1808,1766 1866,1767 1925,1768 1983,1768 2041,1770 2100,1770 2158,1771 2217,1773 2275,1774 2333,1775 2392,1775 2450,1776 2509,1777 2567,1778 2625,1778 2684,1778 2742,1778 2801,1778"/>
                <TextEquiv>
                    <Unicode>über Ueberzeugung und Gesinnung im dritten Akt füttert man</Unicode>
                </TextEquiv>
            </TextLine>
            <TextLine id="r1l30" custom="readingOrder {index:29;}">
                <Coords points="2814,1787 2937,1776 2957,1791 3211,1801 3232,1784 3270,1803 3310,1795 3311,1744 3231,1730 3200,1750 3144,1730 3018,1748 2908,1721 2893,1736 2815,1734"/>
                <Baseline points="2830,1773 2855,1774 2881,1774 2907,1775 2933,1776 2959,1777 2985,1777 3011,1779 3037,1780 3063,1781 3088,1782 3114,1783 3140,1783 3166,1784 3192,1784 3218,1784 3244,1784 3270,1784 3296,1782"/>
                <TextEquiv>
                    <Unicode>reißer Schnitzlers, aber sie</Unicode>
                </TextEquiv>
            </TextLine>
            <TextLine id="r1l31" custom="readingOrder {index:30;}">
                <Coords points="401,1828 1605,1830 1585,1779 402,1775"/>
                <Baseline points="416,1814 474,1814 533,1814 592,1814 650,1814 709,1815 768,1816 826,1816 885,1817 944,1818 1003,1819 1061,1820 1120,1820 1179,1821 1237,1822 1296,1822 1355,1822 1413,1822 1472,1822 1531,1822 1590,1821"/>
                <TextEquiv>
                    <Unicode>Wien mehr zu kennen, als jüdische Literatursalons und literari¬</Unicode>
                </TextEquiv>
            </TextLine>
            <TextLine id="r1l32" custom="readingOrder {index:31;}">
                <Coords points="1621,1828 2810,1840 2810,1786 1622,1774"/>
                <Baseline points="1637,1814 1694,1814 1752,1814 1810,1815 1868,1815 1926,1816 1984,1817 2042,1818 2100,1819 2158,1820 2216,1821 2273,1822 2331,1823 2389,1824 2447,1825 2505,1826 2563,1827 2621,1828 2679,1828 2737,1828 2795,1828"/>
                <TextEquiv>
                    <Unicode>kein abendfüllendes Stück. Alle Schnitzlerschen Handlungen sind</Unicode>
                </TextEquiv>
            </TextLine>
            <TextLine id="r1l33" custom="readingOrder {index:32;}">
                <Coords points="2808,1831 3121,1847 3205,1833 3225,1852 3309,1839 3310,1794 2809,1783"/>
                <Baseline points="2822,1823 2848,1823 2874,1823 2901,1824 2927,1825 2953,1825 2980,1827 3006,1828 3032,1828 3059,1830 3085,1831 3111,1831 3138,1832 3164,1832 3190,1832 3217,1832 3243,1831 3269,1830 3296,1829"/>
                <TextEquiv>
                    <Unicode>als sie scheinen ... Ein</Unicode>
                </TextEquiv>
            </TextLine>
            <TextLine id="r1l34" custom="readingOrder {index:33;}">
                <Coords points="407,1876 1476,1898 1610,1893 1611,1833 407,1828"/>
                <Baseline points="423,1862 481,1862 540,1863 598,1864 657,1864 716,1865 774,1866 833,1866 892,1867 950,1868 1009,1868 1068,1869 1126,1869 1185,1870 1244,1870 1302,1871 1361,1871 1420,1871 1478,1871 1537,1872 1596,1872"/>
                <TextEquiv>
                    <Unicode>sche Snobisten. Der Wiener Adel schildert, Wiener jüße Mädel,</Unicode>
                </TextEquiv>
            </TextLine>
            <TextLine id="r1l35" custom="readingOrder {index:34;}">
                <Coords points="1605,1874 3313,1897 3311,1831 1606,1820"/>
                <Baseline points="1620,1861 1703,1862 1787,1864 1871,1866 1955,1867 2039,1869 2123,1870 2206,1871 2290,1872 2374,1873 2458,1874 2542,1875 2626,1876 2710,1876 2793,1877 2877,1878 2961,1879 3045,1880 3129,1880 3213,1881 3297,1882"/>
                <TextEquiv>
                    <Unicode>mager, ärmlich, sichtlich nur als Dialogfutter mühsam konstruiert,[ Götz ärmlich verzapft, ein</Unicode>
                </TextEquiv>
            </TextLine>
            <TextLine id="r1l36" custom="readingOrder {index:35;}">
                <Coords points="405,1914 1603,1940 1603,1883 405,1884"/>
                <Baseline points="419,1913 477,1913 535,1914 594,1914 652,1915 711,1915 769,1916 828,1916 886,1917 945,1917 1003,1918 1061,1918 1120,1918 1178,1919 1237,1919 1295,1919 1354,1920 1412,1920 1471,1920 1529,1920 1588,1920"/>
                <TextEquiv>
                    <Unicode>Wienet Leben und weder Adel, noch Mädel, noch Leben kennt.</Unicode>
                </TextEquiv>
            </TextLine>
            <TextLine id="r1l37" custom="readingOrder {index:36;}">
                <Coords points="1606,1921 3323,1940 3323,1889 1606,1873"/>
                <Baseline points="1620,1910 1704,1912 1788,1914 1873,1915 1957,1917 2041,1919 2126,1920 2210,1921 2294,1923 2379,1924 2463,1925 2547,1926 2632,1926 2716,1927 2800,1928 2885,1928 2969,1929 3053,1929 3138,1929 3222,1929 3307,1929"/>
                <TextEquiv>
                    <Unicode>diese aber ist strüflich arm, weil sie bewußt erlogen ist. aufgeblasen. Herr Forest</Unicode>
                </TextEquiv>
            </TextLine>
            <TextLine id="r1l38" custom="readingOrder {index:37;}">
                <Coords points="405,1965 1615,1978 1615,1933 1484,1917 406,1918"/>
                <Baseline points="421,1962 479,1962 538,1962 597,1962 656,1962 715,1962 774,1963 833,1963 892,1964 951,1964 1010,1965 1068,1965 1127,1966 1186,1967 1245,1967 1304,1968 1363,1968 1422,1969 1481,1969 1540,1970 1599,1970"/>
                <TextEquiv>
                    <Unicode>In dem engen Nahmen eines verzogenen Salonlieblings ist er</Unicode>
                </TextEquiv>
            </TextLine>
            <TextLine id="r1l39" custom="readingOrder {index:38;}">
                <Coords points="1615,1968 3311,1996 3311,1936 1615,1917"/>
                <Baseline points="1630,1958 1713,1960 1796,1963 1880,1964 1963,1966 2046,1968 2130,1969 2213,1970 2296,1971 2380,1972 2463,1973 2546,1974 2630,1974 2713,1975 2796,1975 2880,1976 2963,1976 3046,1977 3130,1978 3213,1978 3297,1979"/>
                <TextEquiv>
                    <Unicode>Schnitzler weiß, daß solche Journalisten auch in Wien nicht geschickt aus der Affäre: sie</Unicode>
                </TextEquiv>
            </TextLine>
            <TextLine id="r1l40" custom="readingOrder {index:39;}">
                <Coords points="398,2013 1559,2042 1613,2039 1614,1985 398,1983"/>
                <Baseline points="413,2009 472,2010 531,2011 590,2011 649,2012 709,2012 768,2013 827,2013 886,2014 945,2014 1005,2014 1064,2015 1123,2015 1182,2015 1241,2016 1301,2016 1360,2017 1419,2017 1478,2017 1537,2018 1597,2018"/>
                <TextEquiv>
                    <Unicode>aufgewachsen, weil ihn seine Familie und ein kleines, rühriges</Unicode>
                </TextEquiv>
            </TextLine>
            <TextLine id="r1l41" custom="readingOrder {index:40;}">
                <Coords points="1606,2018 3264,2027 3264,1976 1607,1973"/>
                <Baseline points="1622,2008 1703,2010 1784,2011 1865,2013 1947,2014 2028,2016 2109,2017 2191,2019 2272,2020 2353,2021 2435,2022 2516,2023 2597,2024 2678,2024 2760,2025 2841,2025 2922,2025 3004,2025 3085,2025 3166,2025 3248,2024"/>
                <TextEquiv>
                    <Unicode>möglich sind, daß es solche nicht gibt, dennnoch stellt er sie aaf kratische Schlampe da —</Unicode>
                </TextEquiv>
            </TextLine>
            <TextLine id="r1l42" custom="readingOrder {index:41;}">
                <Coords points="399,2073 1614,2088 1614,2032 1450,2021 399,2031"/>
                <Baseline points="415,2058 474,2059 533,2059 592,2059 651,2060 710,2060 769,2061 829,2062 888,2062 947,2063 1006,2063 1065,2064 1124,2064 1183,2065 1243,2065 1302,2065 1361,2066 1420,2066 1479,2066 1538,2067 1598,2067"/>
                <TextEquiv>
                    <Unicode>Literaturkrätzl „vergötterte“, hielt er sich für „vollendet" und</Unicode>
                </TextEquiv>
            </TextLine>
            <TextLine id="r1l43" custom="readingOrder {index:42;}">
                <Coords points="1617,2068 3263,2097 3314,2038 1618,2018"/>
                <Baseline points="1632,2056 1715,2058 1798,2060 1881,2061 1965,2063 2048,2064 2131,2066 2215,2067 2298,2069 2381,2070 2465,2071 2548,2072 2631,2073 2714,2074 2798,2075 2881,2075 2964,2076 3048,2076 3131,2076 3214,2075 3298,2075"/>
                <TextEquiv>
                    <Unicode>die Bühne ... Was soll man dazu sagen? Gewöhnlich haßt und gezwungen verarbeitet.</Unicode>
                </TextEquiv>
            </TextLine>
            <TextLine id="r1l44" custom="readingOrder {index:43;}">
                <Coords points="405,2105 1378,2140 1611,2130 1612,2070 405,2073"/>
                <Baseline points="421,2109 479,2109 538,2110 597,2110 656,2110 714,2111 773,2111 832,2112 891,2112 949,2113 1008,2113 1067,2114 1126,2114 1184,2114 1243,2115 1302,2115 1361,2116 1419,2116 1478,2117 1537,2117 1596,2118"/>
                <TextEquiv>
                    <Unicode>mühte sich nicht ab, Leben zu sehen und zu prüfen und nun.</Unicode>
                </TextEquiv>
            </TextLine>
            <TextLine id="r1l45" custom="readingOrder {index:44;}">
                <Coords points="1612,2117 3239,2144 3315,2083 1613,2067"/>
                <Baseline points="1626,2104 1709,2105 1793,2107 1876,2109 1960,2110 2044,2112 2127,2113 2211,2115 2294,2116 2378,2117 2462,2119 2545,2120 2629,2121 2712,2122 2796,2123 2880,2123 2963,2124 3047,2124 3130,2124 3214,2124 3298,2124"/>
                <TextEquiv>
                    <Unicode>man den, der einem Gutes erwies, aber man verleumdet ihns in der Aristokratie nicht gi</Unicode>
                </TextEquiv>
            </TextLine>
            <TextLine id="r1l46" custom="readingOrder {index:45;}">
                <Coords points="397,2157 1609,2179 1580,2125 749,2136 397,2100"/>
                <Baseline points="413,2157 472,2157 531,2157 590,2158 649,2158 708,2158 767,2159 826,2159 885,2160 944,2161 1004,2161 1063,2162 1122,2162 1181,2163 1240,2163 1299,2164 1358,2164 1417,2165 1476,2165 1535,2166 1595,2166"/>
                <TextEquiv>
                    <Unicode>da er älter wird und sichtlich gerne das unsterbliche Meisterwerk</Unicode>
                </TextEquiv>
            </TextLine>
            <TextLine id="r1l47" custom="readingOrder {index:46;}">
                <Coords points="1610,2161 2804,2187 2805,2130 2716,2122 1611,2116"/>
                <Baseline points="1624,2155 1682,2156 1740,2156 1798,2157 1857,2157 1915,2158 1973,2159 2031,2161 2090,2162 2148,2163 2206,2164 2264,2165 2323,2167 2381,2168 2439,2169 2497,2170 2556,2172 2614,2173 2672,2174 2730,2175 2789,2176"/>
                <TextEquiv>
                    <Unicode>doch nicht so brutal und unwaht, wenn man Charakter hat.</Unicode>
                </TextEquiv>
            </TextLine>
            <TextLine id="r1l48" custom="readingOrder {index:47;}">
                <Coords points="2812,2177 3027,2176 3068,2192 3116,2175 3206,2191 3245,2179 3280,2194 3310,2189 3311,2135 3191,2146 2947,2119 2902,2139 2812,2126"/>
                <Baseline points="2827,2170 2853,2170 2879,2170 2905,2170 2931,2171 2957,2171 2983,2171 3009,2171 3035,2172 3061,2172 3087,2172 3113,2173 3139,2173 3165,2173 3191,2174 3217,2174 3243,2174 3269,2175 3295,2175"/>
                <TextEquiv>
                    <Unicode>darzustellen sind ... All</Unicode>
                </TextEquiv>
            </TextLine>
            <TextLine id="r1l49" custom="readingOrder {index:48;}">
                <Coords points="404,2217 1611,2224 1593,2173 404,2178"/>
                <Baseline points="420,2205 478,2206 537,2206 596,2207 655,2207 713,2208 772,2208 831,2209 890,2209 948,2210 1007,2210 1066,2211 1125,2211 1183,2212 1242,2212 1301,2213 1360,2214 1418,2214 1477,2215 1536,2215 1595,2216"/>
                <TextEquiv>
                    <Unicode>schaffen möchte, nun sieht er nicht ein, daß er dazu schon zu</Unicode>
                </TextEquiv>
            </TextLine>
            <TextLine id="r1l50" custom="readingOrder {index:49;}">
                <Coords points="1615,2215 2553,2246 2786,2239 2811,2188 1616,2164"/>
                <Baseline points="1631,2208 1689,2207 1747,2207 1805,2206 1864,2207 1922,2207 1980,2208 2038,2208 2097,2209 2155,2210 2213,2212 2271,2213 2330,2215 2388,2216 2446,2217 2504,2219 2563,2220 2621,2222 2679,2223 2737,2224 2796,2225"/>
                <TextEquiv>
                    <Unicode>Hier streift die Phantafie des Dichters an etwas Häßliches, brutal</Unicode>
                </TextEquiv>
            </TextLine>
            <TextLine id="r1l51" custom="readingOrder {index:50;}">
                <Coords points="2802,2224 3238,2234 3295,2220 3296,2181 3095,2179 3071,2194 3039,2178 2994,2190 2803,2170"/>
                <Baseline points="2816,2218 2841,2218 2867,2218 2893,2218 2919,2218 2944,2218 2970,2219 2996,2219 3022,2219 3048,2219 3073,2219 3099,2220 3125,2220 3151,2220 3176,2221 3202,2221 3228,2222 3254,2222 3280,2223"/>
                <TextEquiv>
                    <Unicode>Publikum. Es bleibt nur</Unicode>
                </TextEquiv>
            </TextLine>
            <TextLine id="r1l52" custom="readingOrder {index:51;}">
                <Coords points="404,2262 1605,2274 1605,2226 405,2217"/>
                <Baseline points="419,2256 477,2255 536,2255 594,2255 653,2255 711,2255 770,2256 828,2257 887,2257 945,2258 1004,2259 1062,2260 1121,2261 1179,2262 1238,2262 1296,2263 1355,2263 1413,2264 1472,2264 1530,2264 1589,2264"/>
                <TextEquiv>
                    <Unicode>schwach ist, im Wohlleben erschlafft ... Man kann von ihm, wi¬</Unicode>
                </TextEquiv>
            </TextLine>
            <TextLine id="r1l53" custom="readingOrder {index:52;}">
                <Coords points="1606,2258 3320,2313 3279,2225 1607,2213"/>
                <Baseline points="1620,2252 1704,2253 1788,2254 1872,2255 1957,2257 2041,2258 2125,2260 2209,2261 2294,2263 2378,2264 2462,2266 2546,2267 2631,2268 2715,2270 2799,2271 2883,2272 2968,2272 3052,2273 3136,2274 3220,2274 3305,2274"/>
                <TextEquiv>
                    <Unicode>Verächtliches, er hat alle Ursache, recht rasch das abzuschütteln mischt allerdings mit Ekel</Unicode>
                </TextEquiv>
            </TextLine>
            <TextLine id="r1l54" custom="readingOrder {index:53;}">
                <Coords points="392,2304 1601,2340 1601,2271 1530,2264 392,2256"/>
                <Baseline points="407,2306 465,2305 524,2304 583,2303 642,2303 701,2303 760,2303 819,2304 878,2305 937,2306 996,2307 1054,2308 1113,2309 1172,2310 1231,2311 1290,2312 1349,2312 1408,2313 1467,2313 1526,2313 1585,2312"/>
                <TextEquiv>
                    <Unicode>der selige Willomitzer vom Grafen Thun, sugen: „Die Geburt</Unicode>
                </TextEquiv>
            </TextLine>
            <TextLine id="r1l55" custom="readingOrder {index:54;}">
                <Coords points="1599,2315 2793,2338 2794,2281 1600,2247"/>
                <Baseline points="1614,2302 1672,2302 1730,2302 1788,2302 1847,2303 1905,2304 1963,2305 2021,2306 2080,2307 2138,2309 2196,2310 2254,2311 2313,2313 2371,2314 2429,2316 2487,2317 2546,2318 2604,2319 2662,2319 2720,2320 2779,2320"/>
                <TextEquiv>
                    <Unicode>und förmliche Abbitte zu leisten ... Wiener Journalistik à ln</Unicode>
                </TextEquiv>
            </TextLine>
            <TextLine id="r1l56" custom="readingOrder {index:55;}">
                <Coords points="2805,2326 2868,2322 2912,2345 2952,2328 3005,2348 3074,2324 3130,2350 3176,2331 3265,2343 3267,2298 3231,2291 2808,2269"/>
                <Baseline points="2822,2311 2847,2312 2872,2313 2897,2314 2922,2314 2947,2315 2973,2316 2998,2317 3023,2318 3048,2319 3073,2320 3098,2321 3124,2322 3149,2323 3174,2324 3199,2325 3224,2326 3250,2327"/>
                <TextEquiv>
                    <Unicode>Dichter=Karrikatur</Unicode>
                </TextEquiv>
            </TextLine>
            <TextLine id="r1l57" custom="readingOrder {index:56;}">
                <Coords points="405,2365 1352,2361 1352,2322 1224,2314 405,2314"/>
                <Baseline points="419,2350 467,2350 515,2350 564,2351 612,2351 660,2352 709,2352 757,2353 805,2354 854,2354 902,2355 951,2356 999,2357 1047,2357 1096,2358 1144,2359 1192,2360 1241,2361 1289,2362 1338,2362"/>
                <TextEquiv>
                    <Unicode>mucht's nicht und die Stirnlocke auch nicht ...“</Unicode>
                </TextEquiv>
            </TextLine>
            <TextLine id="r1l58" custom="readingOrder {index:57;}">
                <Coords points="1595,2376 2798,2391 2799,2343 1596,2316"/>
                <Baseline points="1611,2354 1669,2353 1728,2352 1786,2352 1845,2352 1904,2353 1962,2353 2021,2355 2080,2356 2138,2358 2197,2359 2256,2361 2314,2362 2373,2364 2432,2365 2490,2367 2549,2367 2608,2368 2666,2368 2725,2368 2784,2367"/>
                <TextEquiv>
                    <Unicode>Auernheimer mag durüber lächeln ... Das ist eben im Wohl¬</Unicode>
                </TextEquiv>
            </TextLine>
            <TextLine id="r1l59" custom="readingOrder {index:58;}">
                <Coords points="518,2413 2814,2414 518,2362"/>
                <Baseline points="534,2399 647,2402 760,2405 873,2406 987,2407 1100,2408 1213,2408 1326,2408 1440,2408 1553,2407 1666,2407 1779,2407 1893,2407 2006,2407 2119,2407 2232,2409 2346,2410 2459,2413 2572,2416 2685,2420 2799,2425"/>
                <TextEquiv>
                    <Unicode>Er will Journulistenmilieu schildern und gerät ins ret# leben um Gesinnung und Ueberzeugung gekommen ... Aber der</Unicode>
                </TextEquiv>
            </TextLine>
            <TextLine id="r1l60" custom="readingOrder {index:59;}">
                <Coords points="392,2449 2805,2439 392,2395"/>
                <Baseline points="408,2444 527,2448 646,2451 765,2454 884,2455 1003,2456 1122,2456 1241,2456 1360,2456 1479,2455 1598,2455 1717,2454 1836,2454 1955,2455 2074,2455 2193,2457 2312,2459 2431,2462 2550,2466 2669,2471 2789,2478"/>
                <TextEquiv>
                    <Unicode>tungslose Schmocktum . .. Vielleicht gibt's in Wien solche Jour= ehrliche Provinzjournalist — und vorläufig find sie noch in der</Unicode>
                </TextEquiv>
            </TextLine>
            <TextLine id="r1l61" custom="readingOrder {index:60;}">
                <Coords points="402,2503 2809,2557 2779,2482 2567,2465 402,2452"/>
                <Baseline points="418,2491 536,2496 655,2500 774,2502 893,2504 1012,2505 1131,2506 1249,2506 1368,2506 1487,2506 1606,2506 1725,2505 1844,2505 1963,2506 2081,2506 2200,2508 2319,2509 2438,2512 2557,2515 2676,2519 2795,2525"/>
                <TextEquiv>
                    <Unicode>ualisten wie er sie zeichnet — obzwar ich außer einigen be¬ überlegenen Majorität — wird erschrecken und mit Recht entsetzt</Unicode>
                </TextEquiv>
            </TextLine>
            <TextLine id="r1l62" custom="readingOrder {index:61;}">
                <Coords points="393,2550 2218,2560 2030,2501 393,2502"/>
                <Baseline points="408,2546 497,2548 587,2550 677,2551 766,2552 856,2553 946,2554 1035,2554 1125,2554 1215,2554 1305,2553 1394,2553 1484,2552 1574,2552 1663,2551 1753,2550 1843,2550 1932,2549 2022,2549 2112,2549 2202,2549"/>
                <TextEquiv>
                    <Unicode>deutungslosen Theaterschmöcken keinen solchen kenne, aber die sein, daß man ihn so karrikiert.</Unicode>
                </TextEquiv>
            </TextLine>
            <TextLine id="r1l63" custom="readingOrder {index:62;}">
                <Coords points="404,2596 1580,2626 1626,2546 1359,2579 404,2560"/>
                <Baseline points="419,2596 478,2597 538,2598 597,2599 657,2600 716,2600 776,2601 835,2601 895,2602 954,2602 1014,2603 1074,2603 1133,2604 1193,2604 1252,2605 1312,2605 1371,2606 1431,2607 1490,2608 1550,2609 1610,2610"/>
                <TextEquiv>
                    <Unicode>Großstadt beherbergt doch nicht die Journalistik ... Wenn sich</Unicode>
                </TextEquiv>
            </TextLine>
            <TextLine id="r1l64" custom="readingOrder {index:63;}">
                <Coords points="1707,2619 2823,2662 2824,2614 2640,2559 1708,2577"/>
                <Baseline points="1721,2613 1775,2614 1829,2616 1884,2617 1938,2619 1992,2620 2047,2622 2101,2623 2155,2625 2210,2626 2264,2627 2318,2629 2373,2630 2427,2631 2481,2632 2536,2633 2590,2634 2644,2634 2699,2635 2753,2636 2808,2636"/>
                <TextEquiv>
                    <Unicode>Verzeichnete Karrikaturen find gewöhnlich blutleer, und</Unicode>
                </TextEquiv>
            </TextLine>
            <TextLine id="r1l65" custom="readingOrder {index:64;}">
                <Coords points="403,2664 1613,2666 1613,2625 1404,2605 404,2608"/>
                <Baseline points="417,2644 476,2645 535,2647 594,2648 653,2649 712,2650 771,2650 830,2651 889,2651 948,2651 1007,2652 1066,2652 1125,2652 1184,2652 1243,2653 1302,2653 1361,2654 1420,2655 1479,2655 1538,2657 1598,2658"/>
                <TextEquiv>
                    <Unicode>Schnitzler die Mühe genommen hätte, seine Journalistenstudien</Unicode>
                </TextEquiv>
            </TextLine>
            <TextLine id="r1l66" custom="readingOrder {index:65;}">
                <Coords points="1596,2690 2818,2708 2819,2651 2777,2644 1750,2637 1598,2601"/>
                <Baseline points="1612,2663 1671,2664 1731,2665 1790,2666 1850,2668 1909,2669 1969,2671 2028,2672 2088,2674 2147,2675 2207,2676 2266,2678 2326,2679 2385,2680 2445,2682 2504,2683 2564,2684 2623,2685 2683,2686 2742,2686 2802,2687"/>
                <TextEquiv>
                    <Unicode>so ist auch im ganzen Stück kaum eine einzige sympathische Figur,</Unicode>
                </TextEquiv>
            </TextLine>
            <TextLine id="r1l67" custom="readingOrder {index:66;}">
                <Coords points="393,2710 2809,2753 2756,2690 394,2665"/>
                <Baseline points="407,2700 526,2699 645,2698 765,2698 884,2698 1004,2699 1123,2700 1242,2702 1362,2704 1481,2707 1601,2709 1720,2712 1839,2715 1959,2718 2078,2721 2198,2724 2317,2726 2436,2729 2556,2732 2675,2734 2795,2736"/>
                <TextEquiv>
                    <Unicode>zum Beispiel draußen in Deutschböhmen oder in den Alpen= auch nicht im Abschreckenden sympathisch. Die Journalisten, die</Unicode>
                </TextEquiv>
            </TextLine>
            <TextLine id="r1l68" custom="readingOrder {index:67;}">
                <Coords points="401,2749 2801,2802 2725,2732 402,2710"/>
                <Baseline points="415,2746 533,2746 652,2745 770,2746 889,2747 1008,2748 1126,2750 1245,2752 1364,2754 1482,2756 1601,2759 1720,2762 1838,2765 1957,2767 2076,2770 2194,2773 2313,2775 2432,2778 2550,2780 2669,2781 2788,2782"/>
                <TextEquiv>
                    <Unicode>sändern zu machen, da hätte er eine andere Journalistik kennen hier ein= und ausgehen, sind keine Journalisten, die lebenden sind</Unicode>
                </TextEquiv>
            </TextLine>
            <TextLine id="r1l69" custom="readingOrder {index:68;}">
                <Coords points="396,2798 1572,2817 1609,2757 396,2751"/>
                <Baseline points="412,2794 471,2794 530,2795 589,2795 648,2796 707,2796 766,2796 825,2796 884,2796 943,2797 1002,2797 1061,2797 1120,2797 1179,2798 1238,2799 1297,2799 1356,2800 1415,2801 1474,2803 1533,2804 1592,2806"/>
                <TextEquiv>
                    <Unicode>gelernt. Er stellt in die Mitte seines Stückes einen jungen Men¬</Unicode>
                </TextEquiv>
            </TextLine>
            <TextLine id="r1l70" custom="readingOrder {index:69;}">
                <Coords points="1597,2810 1812,2844 2803,2838 2804,2799 2649,2787 1598,2783"/>
                <Baseline points="1613,2812 1671,2813 1730,2814 1789,2815 1848,2816 1907,2817 1965,2818 2024,2818 2083,2819 2142,2820 2201,2821 2259,2822 2318,2823 2377,2825 2436,2826 2495,2827 2553,2828 2612,2830 2671,2831 2730,2833 2789,2835"/>
                <TextEquiv>
                    <Unicode>entweder gefährlicher, oder bedeutender, in jedem Falle aber</Unicode>
                </TextEquiv>
            </TextLine>
            <TextLine id="r1l71" custom="readingOrder {index:70;}">
                <Coords points="406,2847 1594,2869 1594,2815 1487,2805 406,2803"/>
                <Baseline points="421,2844 478,2844 536,2843 594,2843 652,2843 710,2843 768,2843 826,2844 884,2844 942,2845 1000,2845 1057,2846 1115,2847 1173,2848 1231,2849 1289,2850 1347,2851 1405,2852 1463,2853 1521,2854 1579,2855"/>
                <TextEquiv>
                    <Unicode>schen, der zugleich Repliken und Dupliken für zwei Blätter</Unicode>
                </TextEquiv>
            </TextLine>
            <TextLine id="r1l72" custom="readingOrder {index:71;}">
                <Coords points="1602,2873 2814,2889 2815,2835 1603,2822"/>
                <Baseline points="1618,2863 1677,2863 1736,2863 1795,2863 1854,2864 1913,2864 1972,2865 2031,2866 2090,2867 2149,2868 2208,2869 2267,2870 2326,2871 2385,2873 2444,2874 2503,2875 2562,2877 2621,2879 2680,2880 2739,2882 2799,2884"/>
                <TextEquiv>
                    <Unicode>geistreicher. Wo mag Schnitzler nur solche Studien gemacht</Unicode>
                </TextEquiv>
            </TextLine>
            <TextLine id="r1l73" custom="readingOrder {index:72;}">
                <Coords points="403,2898 1606,2929 1607,2857 403,2847"/>
                <Baseline points="417,2889 475,2890 534,2891 593,2892 652,2892 710,2892 769,2893 828,2893 887,2893 945,2894 1004,2894 1063,2895 1122,2895 1180,2896 1239,2896 1298,2897 1357,2898 1415,2899 1474,2901 1533,2903 1592,2905"/>
                <TextEquiv>
                    <Unicode>schreibt. Und weiß offenbar nicht, das so etwas unmöglich ist,</Unicode>
                </TextEquiv>
            </TextLine>
            <TextLine id="r1l74" custom="readingOrder {index:73;}">
                <Coords points="1604,2923 2813,2943 2814,2880 1605,2875"/>
                <Baseline points="1618,2909 1680,2910 1742,2911 1804,2911 1866,2912 1928,2913 1990,2915 2052,2916 2114,2917 2176,2918 2238,2919 2300,2921 2362,2922 2424,2923 2486,2925 2548,2926 2610,2927 2672,2929 2734,2930 2797,2931"/>
                <TextEquiv>
                    <Unicode>haben? In der „Neuen Freien Presse“ sicher nicht. Wenn man</Unicode>
                </TextEquiv>
            </TextLine>
            <TextLine id="r1l75" custom="readingOrder {index:74;}">
                <Coords points="398,2932 1147,2972 1607,2963 1608,2927 398,2899"/>
                <Baseline points="413,2936 475,2937 537,2938 599,2939 661,2940 723,2941 785,2941 847,2942 909,2943 971,2943 1033,2944 1095,2945 1157,2945 1219,2946 1281,2947 1343,2948 1405,2949 1467,2950 1529,2952 1592,2953"/>
                <TextEquiv>
                    <Unicode>weil solch' ein Keel sofort gesteinigt würde. Wohl, wohl, ich ver¬</Unicode>
                </TextEquiv>
            </TextLine>
            <TextLine id="r1l76" custom="readingOrder {index:75;}">
                <Coords points="1605,2969 2802,3015 2804,2937 1606,2921"/>
                <Baseline points="1621,2960 1679,2959 1737,2959 1796,2959 1854,2960 1912,2960 1971,2961 2029,2962 2087,2964 2146,2965 2204,2966 2262,2968 2321,2970 2379,2971 2437,2972 2496,2974 2554,2976 2612,2977 2671,2978 2729,2979 2788,2979"/>
                <TextEquiv>
                    <Unicode>aber für die Bühne Gestalten sucht, geht man doch nicht am</Unicode>
                </TextEquiv>
            </TextLine>
            <TextLine id="r1l77" custom="readingOrder {index:76;}">
                <Coords points="397,3006 1603,3021 1604,2961 398,2932"/>
                <Baseline points="411,2986 473,2987 535,2988 597,2989 659,2989 721,2990 783,2990 845,2991 907,2991 969,2992 1031,2992 1093,2993 1155,2994 1217,2994 1279,2995 1341,2996 1403,2998 1465,2999 1527,3001 1590,3003"/>
                <TextEquiv>
                    <Unicode>stehe, das soll bloß ein Problem sein, ein dichterischer Einfall</Unicode>
                </TextEquiv>
            </TextLine>
            <TextLine id="r1l78" custom="readingOrder {index:77;}">
                <Coords points="1606,3021 2809,3038 2810,2975 1607,2964"/>
                <Baseline points="1621,3008 1679,3009 1738,3009 1797,3009 1855,3010 1914,3011 1973,3011 2031,3012 2090,3013 2149,3014 2208,3015 2266,3016 2325,3017 2384,3019 2442,3020 2501,3022 2560,3023 2618,3025 2677,3027 2736,3029 2795,3032"/>
                <TextEquiv>
                    <Unicode>Ende ins „Salonblatt“? Diese Leichtfertigkeit, zu karrikieren,</Unicode>
                </TextEquiv>
            </TextLine>
            <TextLine id="r1l79" custom="readingOrder {index:78;}">
                <Coords points="402,3045 1557,3070 1605,3058 1606,3010 402,3009"/>
                <Baseline points="417,3039 475,3038 534,3038 592,3037 651,3037 710,3037 768,3038 827,3038 886,3039 944,3039 1003,3040 1062,3041 1120,3042 1179,3043 1238,3044 1296,3045 1355,3046 1414,3047 1472,3048 1531,3049 1590,3049"/>
                <TextEquiv>
                    <Unicode>zur Stigmatifierung eines Prinzips. Aber dazu ist ein dichteri¬</Unicode>
                </TextEquiv>
            </TextLine>
            <TextLine id="r1l80" custom="readingOrder {index:79;}">
                <Coords points="1598,3066 2762,3092 2813,3081 2814,3036 1599,3018"/>
                <Baseline points="1612,3057 1671,3057 1730,3057 1790,3058 1849,3058 1908,3059 1968,3060 2027,3061 2086,3062 2146,3062 2205,3064 2264,3065 2324,3066 2383,3068 2442,3069 2502,3070 2561,3072 2620,3074 2680,3076 2739,3078 2799,3080"/>
                <TextEquiv>
                    <Unicode>ohne zeichnen zu können, stigmatisiert den Stümper. Schade, duß</Unicode>
                </TextEquiv>
            </TextLine>
            <TextLine id="r1l81" custom="readingOrder {index:80;}">
                <Coords points="390,3080 978,3122 1092,3087 1599,3110 1600,3065 390,3047"/>
                <Baseline points="405,3086 463,3085 522,3085 581,3085 640,3085 699,3085 758,3086 817,3086 876,3086 935,3086 994,3087 1052,3087 1111,3088 1170,3089 1229,3090 1288,3091 1347,3092 1406,3093 1465,3095 1524,3096 1583,3098"/>
                <TextEquiv>
                    <Unicode>sches Werk denn doch zu gefährlich, es macht leicht Proseliten</Unicode>
                </TextEquiv>
            </TextLine>
            <TextLine id="r1l82" custom="readingOrder {index:81;}">
                <Coords points="1606,3119 2815,3146 2816,3080 1607,3062"/>
                <Baseline points="1620,3103 1679,3103 1738,3104 1797,3105 1856,3106 1915,3107 1974,3109 2033,3110 2092,3112 2151,3114 2210,3115 2269,3117 2328,3118 2387,3120 2446,3122 2505,3123 2564,3124 2623,3124 2682,3125 2741,3125 2801,3124"/>
                <TextEquiv>
                    <Unicode>sich Schnitzler in seinem mehr als fünfzigsten Lebensjahr nicht</Unicode>
                </TextEquiv>
            </TextLine>
            <TextLine id="r1l83" custom="readingOrder {index:82;}">
                <Coords points="399,3135 1554,3166 1593,3161 1594,3110 399,3099"/>
                <Baseline points="413,3133 471,3133 529,3133 587,3133 646,3133 704,3134 762,3134 821,3135 879,3135 937,3136 996,3137 1054,3137 1112,3138 1170,3139 1229,3140 1287,3141 1345,3142 1404,3143 1462,3144 1520,3145 1579,3146"/>
                <TextEquiv>
                    <Unicode>und steckt die Meinung an . .. Gerade ein von der Journalistik</Unicode>
                </TextEquiv>
            </TextLine>
            <TextLine id="r1l84" custom="readingOrder {index:83;}">
                <Coords points="1595,3156 2804,3189 2805,3138 2737,3133 1596,3126"/>
                <Baseline points="1609,3152 1668,3153 1727,3154 1786,3155 1845,3156 1904,3157 1963,3158 2022,3160 2081,3161 2140,3162 2199,3163 2258,3164 2317,3165 2376,3166 2435,3168 2494,3169 2553,3170 2612,3171 2671,3173 2730,3174 2790,3175"/>
                <TextEquiv>
                    <Unicode>ein wenig seiner selbst erinnert. Er hat sich „auf Semester</Unicode>
                </TextEquiv>
            </TextLine>
            <TextLine id="r1l85" custom="readingOrder {index:84;}">
                <Coords points="397,3204 1507,3216 1612,3196 1613,3148 398,3132"/>
                <Baseline points="411,3183 470,3182 529,3182 588,3182 648,3182 707,3183 766,3183 825,3184 885,3184 944,3185 1003,3185 1062,3186 1122,3187 1181,3188 1240,3189 1299,3191 1359,3192 1418,3193 1477,3195 1536,3196 1596,3198"/>
                <TextEquiv>
                    <Unicode>so verwöhnter Dichter, wie Schnitzler, mucht solche Experimente</Unicode>
                </TextEquiv>
            </TextLine>
            <TextLine id="r1l86" custom="readingOrder {index:85;}">
                <Coords points="1597,3225 1663,3211 1720,3234 1753,3208 1869,3226 1905,3212 1956,3234 2013,3214 2096,3237 2135,3217 2210,3231 2211,3174 1599,3165"/>
                <Baseline points="1614,3199 1643,3199 1672,3199 1701,3199 1730,3200 1759,3201 1788,3201 1817,3202 1846,3203 1875,3204 1905,3205 1934,3206 1963,3207 1992,3207 2021,3209 2050,3209 2079,3209 2108,3210 2137,3211 2166,3211 2196,3211"/>
                <TextEquiv>
                    <Unicode>hinaus“ unmöglich gemacht ...</Unicode>
                </TextEquiv>
            </TextLine>
            <TextLine id="r1l87" custom="readingOrder {index:86;}">
                <Coords points="389,3234 1608,3250 1608,3196 390,3204"/>
                <Baseline points="405,3232 464,3232 523,3231 583,3231 642,3231 702,3231 761,3232 821,3232 880,3233 940,3234 999,3235 1058,3236 1118,3237 1177,3238 1237,3239 1296,3240 1356,3242 1415,3243 1475,3244 1534,3245 1594,3245"/>
                <TextEquiv>
                    <Unicode>nicht, wenn er ernst gensmmen werden will . . . Wer im zweiten</Unicode>
                </TextEquiv>
            </TextLine>
            <TextLine id="r1l88" custom="readingOrder {index:87;}">
                <Coords points="1701,3273 2328,3272 2572,3311 2764,3288 2813,3244 2745,3216 1702,3234"/>
                <Baseline points="1715,3258 1769,3259 1823,3261 1877,3262 1931,3263 1985,3265 2039,3267 2094,3269 2148,3270 2202,3271 2256,3273 2310,3275 2364,3276 2418,3277 2473,3278 2527,3279 2581,3280 2635,3280 2689,3280 2743,3279 2798,3278"/>
                <TextEquiv>
                    <Unicode>Wie gespielt wird? Ei, wie es eben unter solchen Um¬</Unicode>
                </TextEquiv>
            </TextLine>
            <TextLine id="r1l89" custom="readingOrder {index:88;}">
                <Coords points="397,3286 1597,3315 1598,3258 397,3229"/>
                <Baseline points="413,3278 471,3278 530,3279 588,3279 647,3279 705,3279 764,3280 822,3280 881,3281 939,3282 998,3283 1056,3284 1115,3285 1173,3286 1232,3288 1290,3289 1349,3290 1407,3292 1466,3294 1524,3296 1583,3298"/>
                <TextEquiv>
                    <Unicode>Jahrtausend solche verbendte Schablonen als Menschen auf die</Unicode>
                </TextEquiv>
            </TextLine>
            <TextLine id="r1l90" custom="readingOrder {index:89;}">
                <Coords points="1596,3315 2805,3350 2797,3275 2128,3288 1597,3246"/>
                <Baseline points="1612,3304 1670,3307 1729,3309 1788,3311 1847,3313 1906,3314 1965,3316 2024,3317 2083,3318 2142,3319 2201,3319 2259,3320 2318,3321 2377,3322 2436,3322 2495,3323 2554,3324 2613,3324 2672,3325 2731,3326 2790,3327"/>
                <TextEquiv>
                    <Unicode>ständen möglich ist. Eine einzige lebensfrische Figur stellt Herr</Unicode>
                </TextEquiv>
            </TextLine>
            <TextLine id="r1l91" custom="readingOrder {index:90;}">
                <Coords points="391,3324 569,3364 1057,3326 1220,3378 1382,3345 1602,3383 1586,3299 392,3291"/>
                <Baseline points="406,3326 465,3327 524,3328 583,3330 642,3331 701,3333 760,3335 819,3337 878,3338 937,3341 997,3343 1056,3345 1115,3346 1174,3347 1233,3348 1292,3349 1351,3349 1410,3349 1469,3348 1528,3347 1588,3345"/>
                <TextEquiv>
                    <Unicode>Bühne stellt, der ist ärmer an Einfällen, als er selber</Unicode>
                </TextEquiv>
            </TextLine>
            <TextLine id="r1l92" custom="readingOrder {index:91;}">
                <Coords points="1591,3354 2597,3393 2776,3384 2798,3348 1592,3322"/>
                <Baseline points="1605,3354 1663,3357 1722,3358 1781,3360 1840,3362 1899,3363 1958,3365 2017,3366 2076,3366 2135,3367 2194,3368 2252,3368 2311,3369 2370,3370 2429,3370 2488,3371 2547,3372 2606,3374 2665,3375 2724,3377 2783,3379"/>
                <TextEquiv>
                    <Unicode>[Thaller auf die Veine. Aber nur, weil dieser große, auch im</Unicode>
                </TextEquiv>
            </TextLine>
            <TextLine id="r1l93" custom="readingOrder {index:92;}">
                <Coords points="400,3385 421,3388 442,3410 540,3381 591,3402 624,3388 663,3397 663,3352 633,3346 615,3352 583,3340 541,3354 511,3336 466,3335 400,3349"/>
                <Baseline points="414,3379 440,3380 466,3380 492,3380 518,3380 544,3380 570,3380 596,3381 622,3382 648,3383"/>
                <TextEquiv>
                    <Unicode>glaubt</Unicode>
                </TextEquiv>
            </TextLine>
            <TextLine id="r1l94" custom="readingOrder {index:93;}">
                <Coords points="1547,3441 2070,3409 2807,3447 2829,3397 1548,3360"/>
                <Baseline points="1561,3408 1623,3409 1686,3411 1748,3412 1811,3413 1874,3414 1936,3415 1999,3416 2061,3418 2124,3419 2187,3419 2249,3421 2312,3422 2374,3423 2437,3424 2500,3425 2562,3427 2625,3428 2687,3430 2750,3432 2813,3434"/>
                <TextEquiv>
                    <Unicode>Volkstheater augenbliclib vernachcite Künstler seinen Rer</Unicode>
                </TextEquiv>
            </TextLine>
            <TextEquiv>
                <Unicode>box 33/1
27. Fink und Fliederbusch
.
Wiener Montags Journal, Wies
9N0 1917
—
—
e 
Ist es nicht möglich, eine Täuschung wie diese, so langej schen auf die Bühne stellt
Theater, Kunst und Literatur.
aufrecht zu erhalten, so ist es noch unmöglicher, die Täuschung im Kern aber immer noch
so frivol zu lösen. Um einen solchen Kerl reißen sich die Leute Moral in Bitterkeit taucht
„Fink und Fliederbulch“.
nicht, weil das kein Einfall ist, sondern ein Lumpenmätzchen.
trotz seiner Verächtlichkeit
Eia Irrtum von Arthur Schull
Jeder Journalist kann es, zugleich Replikant und Duplikant zu
Schnitzler offenbar nicht
Drei Alte hat's, einen Dialog hat's, viele Figuren hat's
sein. Aber keiner macht es, weil er die „insame Kassierung“
sich mit einem lamorianten
und ist doch kein Theaterstück, was ist das? Das ist die neueste
fürchtet, die ihm zweifellos bevorsteht, wenn es enthüllt wird.
nicht viel vorhanden ist.
Schöpfung von Arthur Schnitzler, dem „Wiener Dichter“, der
Und mit der ersichtlich als Selbstzweck aufgestapelten „Plauderei“
oder dumm ... Sie den
#it einem Menschenalter in Wien schreibt und dichtet, ohne von
über Ueberzeugung und Gesinnung im dritten Akt füttert man
reißer Schnitzlers, aber sie
Wien mehr zu kennen, als jüdische Literatursalons und literari¬
kein abendfüllendes Stück. Alle Schnitzlerschen Handlungen sind
als sie scheinen ... Ein
sche Snobisten. Der Wiener Adel schildert, Wiener jüße Mädel,
mager, ärmlich, sichtlich nur als Dialogfutter mühsam konstruiert,[ Götz ärmlich verzapft, ein
Wienet Leben und weder Adel, noch Mädel, noch Leben kennt.
diese aber ist strüflich arm, weil sie bewußt erlogen ist. aufgeblasen. Herr Forest
In dem engen Nahmen eines verzogenen Salonlieblings ist er
Schnitzler weiß, daß solche Journalisten auch in Wien nicht geschickt aus der Affäre: sie
aufgewachsen, weil ihn seine Familie und ein kleines, rühriges
möglich sind, daß es solche nicht gibt, dennnoch stellt er sie aaf kratische Schlampe da —
Literaturkrätzl „vergötterte“, hielt er sich für „vollendet" und
die Bühne ... Was soll man dazu sagen? Gewöhnlich haßt und gezwungen verarbeitet.
mühte sich nicht ab, Leben zu sehen und zu prüfen und nun.
man den, der einem Gutes erwies, aber man verleumdet ihns in der Aristokratie nicht gi
da er älter wird und sichtlich gerne das unsterbliche Meisterwerk
doch nicht so brutal und unwaht, wenn man Charakter hat.
darzustellen sind ... All
schaffen möchte, nun sieht er nicht ein, daß er dazu schon zu
Hier streift die Phantafie des Dichters an etwas Häßliches, brutal
Publikum. Es bleibt nur
schwach ist, im Wohlleben erschlafft ... Man kann von ihm, wi¬
Verächtliches, er hat alle Ursache, recht rasch das abzuschütteln mischt allerdings mit Ekel
der selige Willomitzer vom Grafen Thun, sugen: „Die Geburt
und förmliche Abbitte zu leisten ... Wiener Journalistik à ln
Dichter=Karrikatur
mucht's nicht und die Stirnlocke auch nicht ...“
Auernheimer mag durüber lächeln ... Das ist eben im Wohl¬
Er will Journulistenmilieu schildern und gerät ins ret# leben um Gesinnung und Ueberzeugung gekommen ... Aber der
tungslose Schmocktum . .. Vielleicht gibt's in Wien solche Jour= ehrliche Provinzjournalist — und vorläufig find sie noch in der
ualisten wie er sie zeichnet — obzwar ich außer einigen be¬ überlegenen Majorität — wird erschrecken und mit Recht entsetzt
deutungslosen Theaterschmöcken keinen solchen kenne, aber die sein, daß man ihn so karrikiert.
Großstadt beherbergt doch nicht die Journalistik ... Wenn sich
Verzeichnete Karrikaturen find gewöhnlich blutleer, und
Schnitzler die Mühe genommen hätte, seine Journalistenstudien
so ist auch im ganzen Stück kaum eine einzige sympathische Figur,
zum Beispiel draußen in Deutschböhmen oder in den Alpen= auch nicht im Abschreckenden sympathisch. Die Journalisten, die
sändern zu machen, da hätte er eine andere Journalistik kennen hier ein= und ausgehen, sind keine Journalisten, die lebenden sind
gelernt. Er stellt in die Mitte seines Stückes einen jungen Men¬
entweder gefährlicher, oder bedeutender, in jedem Falle aber
schen, der zugleich Repliken und Dupliken für zwei Blätter
geistreicher. Wo mag Schnitzler nur solche Studien gemacht
schreibt. Und weiß offenbar nicht, das so etwas unmöglich ist,
haben? In der „Neuen Freien Presse“ sicher nicht. Wenn man
weil solch' ein Keel sofort gesteinigt würde. Wohl, wohl, ich ver¬
aber für die Bühne Gestalten sucht, geht man doch nicht am
stehe, das soll bloß ein Problem sein, ein dichterischer Einfall
Ende ins „Salonblatt“? Diese Leichtfertigkeit, zu karrikieren,
zur Stigmatifierung eines Prinzips. Aber dazu ist ein dichteri¬
ohne zeichnen zu können, stigmatisiert den Stümper. Schade, duß
sches Werk denn doch zu gefährlich, es macht leicht Proseliten
sich Schnitzler in seinem mehr als fünfzigsten Lebensjahr nicht
und steckt die Meinung an . .. Gerade ein von der Journalistik
ein wenig seiner selbst erinnert. Er hat sich „auf Semester
so verwöhnter Dichter, wie Schnitzler, mucht solche Experimente
hinaus“ unmöglich gemacht ...
nicht, wenn er ernst gensmmen werden will . . . Wer im zweiten
Wie gespielt wird? Ei, wie es eben unter solchen Um¬
Jahrtausend solche verbendte Schablonen als Menschen auf die
ständen möglich ist. Eine einzige lebensfrische Figur stellt Herr
Bühne stellt, der ist ärmer an Einfällen, als er selber
[Thaller auf die Veine. Aber nur, weil dieser große, auch im
glaubt
Volkstheater augenbliclib vernachcite Künstler seinen Rer</Unicode>
            </TextEquiv>
        </TextRegion>
    </Page>
</PcGts>
