3392 4320
1661 207 2151 301 box 33/3
230 210 364 295 27
365 218 1533 317 Fink und Fliederbusch
134 1119 528 1219 Jageblatt
131 1189 413 1286 lausgabe.
2736 1361 2917 1451 S
2534 1366 2614 1446 Pee
1936 1431 3161 1504 daß nur eine einzige Frau auf der Bühne ist, eine Nebenfigur, die
702 1453 1921 1533 der Geschicklichkeit, mit der er sich veränderten Lagen anpaßt, für
1941 1503 3171 1550 im übrigen brillant gesehene Wiener Fürstin Priska Wendolin vom
696 1523 1928 1578 ein journalistisches Genie gehalten, und die Konkurrenz will ihn ein¬
143 1489 602 1589 nalistenstück.
1932 1532 3168 1578 Stamme jener Metternich, welche sterben, wenn sie nicht großen
710 1548 1925 1610 ander aus den Händen reißen. Das ist ein amüsante Szene. Der
1934 1573 3173 1633 Betrieb haben. Sonst lauter zunftredende Männer. Gustav
704 1589 1930 1655 ganze Kerl ist amüsant. Aber ein Gesetz, nach dem er wandelt und
143 1587 695 1666 die in 3 Akten. Aufführung
1934 1612 3173 1675 Freytag, mit seiner alten lieben Dramentechnik, hat schon gewußt,
706 1636 1923 1694 handelt, ist nicht erkennbar. Erst am Schluß will er so etwas wie
1939 1664 3178 1715 warum er von einer Adelheid und einer Ida den Zucker der Liebe
149 1653 690 1744 ing: Diktor Barnowsky.
701 1674 1924 1743 den Richter derer spielen, die ihn moralisch richten und doch selbst im
1939 1700 2963 1771 auf das trockene politische Brot der Männer streuen läßt.
697 1728 1507 1796 Punkt der Gesinnung nicht besser sind als er.
150 1717 700 1803 gestern nacheden ersten zwei
1976 1730 3160 1795 Das Stück ging in einem Spiel vorüber, das alle Komödienzüge
759 1753 1931 1815 Damit und schon vorher greift „Fink und Fliederbusch“ die
145 1783 707 1851 indstärke gehabt. Am Schluß
1931 1790 3156 1843 stark hervorholte. In Anfang war das Tempo sogar zu behende.
698 1804 1915 1877 geistige Linie der „Journalisten“ auf. Nein, es greift sie an.
144 1827 699 1885 ht wußte, Karum es stürme.
1937 1824 3160 1879 So wild geschrien und gestikuliert wird selbst in einer Komödien¬
705 1845 1922 1921 Freytag schreibt ein Lustspiel voll von unterstrichener Ueberzen¬
147 1869 699 1936 ierst etwas erzwungen schien,
1934 1872 3164 1929 redaktion nicht; das Leben, das den Szenen etwa anhaften mochte,
714 1885 1915 1950 gung. Erste Mannespflicht, edelste Mannessitte: Ueberzeugung.
147 1917 699 1971 annahm und immer heftiger
1941 1901 3164 1970 entfloh in eine überpurzelte Groteske, und manche gute Wendung fiel
713 1930 1919 1990 Man lebt, man duldet, man verzichtet auf Freunde für dieses
152 1949 704 2017 Pfeiftöne einmischten. Wozu
1940 1966 3174 2010 unter den Tisch. Den Doppelmann Fink =Fliederbusch gibt Basser¬
703 1974 1924 2027 Ding Ueberzeugung. Arthur Schnitzler, wie in seinem „Professor
143 1994 696 2047 ster, den man lieben darf und
1943 1985 3168 2047 mann als Dummkapf plus lustige Person, wie einen tallenden
707 2019 1925 2071 Bernhardi“ nicht ganz imstande, politischer Dramatiker zu sein,
1938 2028 3170 2092 Jungen, beinahe idiotisch. Er gibt seine saftigsten Farben, kommt aber
141 2041 702 2095 ner zart genug ist, um eher
718 2055 1926 2120 sagt oder läßt das Gegenteil sagen. Es ist da ein Graf, der aus
140 2075 702 2141 vollem Orchester beklatscht zu
1943 2077 3164 2134 in Verlegenheit, wenn der dumme Kerl doch mal etwas Gescheidtes
712 2097 1924 2157 dem Sportdasein ins politische Leben übertritt und durch den
149 2121 703 2183 wir gestern nicht. Wir sahen
1943 2117 3166 2179 zu sagen hat. Ilka Grüning ist die einzige Frau, und Raimunds
708 2137 1927 2204 scharfen Ausdruck einer extremfeudalen „Ueberzeugung“ die Ge¬
147 2159 701 2212 razie, und seine Florett¬
1941 2153 3158 2215 Holzweibel von vor acht Tagen ist nun beste Wiener Aristobratie mit
710 2179 1931 2242 müter erregt. Aber dieser Mann, der Schnitzlers gepflegte Skepsis
1939 2198 3171 2255 Leben und Lebenlassen. Dann gibt es viele Redakteure auf der Bühne,
139 2206 698 2277 toff war, nicht durchweg mit
701 2224 1929 2289 wie einen gutsitzenden Rock am Leibe trägt, denkt gar nicht daran,
1930 2241 3166 2294 linke und rechte, alle mit einem Knick in der Seele, alle dazu angetan,
721 2274 1926 2326 ein Ueberzeugter und Unentwegter zu sein. Er gibt in einem um¬
1934 2286 3168 2360 darstellerisch fein herausgeschliffen zu werden. Das wurde allseitig
141 2275 708 2344 hnlichkeit mit Tristan Bernards
713 2304 1923 2369 fangreichen, für die Bühne allzu umfangreichen Gespräch mit Fink¬
1985 2330 3173 2384 von den Herren Wallauer, John, Licho, Felix, Lind.
140 2341 701 2392 icher gedacht — gar zu gründ¬
711 2346 1939 2408 Fliederbusch eine Selbstanalyse, die ihn als einen milden Ver¬
1937 2368 3169 2424 Landa, Schroth usw. — gut getan. Kurt Götz, wie stets ein
142 2382 705 2439 fzuleuchten. Eine innere Be¬
715 2389 1928 2453 steher und kühllächelnden Philosophen der Objektivität erscheinen
1934 2420 3168 2471 Menschenzeichner von großer Sicherheit, gibt einen Allesmacher von
146 2408 707 2474 ßt sich viel eher mit unserem
718 2434 1926 2502 läßt. So zerreißt Schnitzler den von Freytag hochgehaltenen, gleich
1935 2447 3176 2522 Reporter, Bühnenautor und was sonst noch. Der Graf ohne Ueber¬
146 2463 699 2516 usgespielten Zeitungsstück her¬
725 2481 1926 2537 einer Fahne wallenden Begriff der politischen Mannestugend.
1935 2501 3172 2555 zeugung ist Ferdinand Bonn. Er ist, wie immer, wenn er
132 2498 702 2566 glisten“ nicht einen zerknitterten
712 2524 1930 2579 Versucht ihn zu zerreißen. Wäre sein Zahn nur bissiger! Wir
1946 2527 3162 2591 will, ohne einen Strich zu viel ein richtig erfaßtes Menschengesicht.
147 2544 704 2601 von sich sagen darf, er könne
711 2559 1924 2623 ließen es uns gefallen, sei es auch nur, um widersprechen zu können.
149 2584 701 2639 rechts? In besserer Haltung,
1944 2588 3160 2637 Und hat an diesem Abend doch schon in einem Einakter bei Reinhardt
775 2612 1925 2664 Es bleiben Einzelgestalten und Einzelwirkungen übrig, darunter
1933 2623 3165 2685 drüben gearbeitet. Auch er kann spielen links und kann spielen rechts.
175 2621 709 2679 den Schmock von 1900. Der
724 2648 1938 2706 ausgezeichnete. Sie heften sich mit satirischen Pfeilen an das
186 2668 708 2723 Jahren schreibt als Flieder¬
2795 2670 3115 2731 Fritz Engel.
726 2677 1938 2755 Zeitungsmetier. Der Wetteifer und Uebereifer der Journalistik
151 2709 705 2767 k in einem rechten. Er greift
722 2727 1930 2792 wird gezeigt, die innere Kälte der Temperamente, die Geneigtheit,
149 2754 703 2814 hrenrührigen Tintenflecken und
722 2766 1945 2836 Opfer des Intellekts zu bringen, um nicht aus einem behaglichen
214 2791 705 2849 deren Kommentmäßigkeit
720 2813 1939 2871 Nest zu fallen. Dies alles wird bespöttelt und bestichelt. Wir blicken
144 2814 703 2900 rüsen möge, zu einem Duell
721 2861 1935 2920 in den Spiegel und sagen, wie sehr er auch mancherlei verzerrt:
185 2869 702 2932 Fliederbusch die nämliche
724 2899 1939 2963 vieles ist wahr. Achtung vor dem Dichter und vor dem Theater,
148 2919 706 2976 kh. schon deshalb weil ja ein
725 2942 1940 3003 wenn sie eine Schicht darstellen, von der die Leute der Bühne immer
146 2949 709 3013 lle spielt. So ist die Spannung
727 2978 1946 3050 fürchten, sie könne ihnen „schaden“ und laure nur darauf, es zu
146 3003 720 3061 an sitzt da und tut ein wenig
721 3044 1956 3093 tun. Aber auch hier muß es heißen: hätte Schnitzler nur eine stärker
147 3045 710 3098 r nicht. Uund auch die geistige
725 3076 1156 3141 packende Kraft gehabt.
158 3094 715 3140 t nicht stark berührt. Ist dieser
776 3093 1962 3170 Der Saft seiner Ironie, soweit sie sich auf das Ganze des Stoffes
151 3128 725 3194 umschaltet, ein kleiner Dumm¬
726 3154 1961 3216 bezieht, träufelt schwer und langsam. Er erreicht nicht einmal eine
151 3175 709 3228 st er einfach eine lustige Figur
157 3196 1944 3285 uf der Bühne wird er wegen geschlossene und gesteigerte Bühnenwirkung. Es kommt noch hinzu,
2886 4108 3131 4178 R
