3344 4352
1645 214 2102 309 box 33/2
188 201 1512 324 27. Einkund Frjederbusch
1593 1439 2690 1500 entgegengesetzter Richtung tätig ist, wie Flieberbusch dem#
451 1445 1467 1550 itung Münchener Zeitung
1594 1482 2645 1548 Fink, also sich selbst, aufs Schärfste opponiert, wie deshalb
1595 1529 2646 1595 Fink den Fliederbusch zum Duell fordert, wie bei diesem
1595 1567 2632 1626 Anlaß sich alles klärt und Fink=Fliederbusch als dier
454 1563 1051 1658 tesse: München
1587 1601 2648 1664 vereinigte Einzelperson einem neuen Blatt unter g'##r.
1143 1595 1530 1697 7 E.987.4917
1601 1648 2663 1710 sten Bedingungen verpflichte wird. Falsch wäre es ###e=st
1603 1689 2643 1745 lich anzunchmen, daß man es hier nur mit einer Variation
449 1683 634 1767 atum:
1585 1726 2651 1793 des Schmockmotivs (Ich kann schreiben rechts, ich kann
1595 1771 2640 1819 schreiben links) zu tun habe. Fliederbusch ist vielmehr
1592 1816 2640 1863 einer aus dem Stamme des Demosthenes, der, wie Plutarch
610 1794 1517 1898 Fink und Fliederbusch.
1598 1855 2643 1919 erzählt, als Advokat Reden für und gegen seine Klienten
739 1873 1490 1951 ##mdie von Artür Schnitten“.
1588 1891 2647 1964 verfaßt und so ein klassisches Beispiel einer Dialektik ge¬
563 1946 2653 1983 (Erstaufführung im Residenstheategam-& Dezember.) geben hat, die ihren Urgrung in einer über den Dingen!
1585 1974 2641 2021 stehenden absoluten Parteilosigkeit (nicht Charakterlosig¬
609 1969 1596 2046 Es gibt außer dem Theater kalm ein „Milien“, das
1590 2017 2675 2064 keit) hat. Auch-sonst ist das Stück Schnitzlers nicht arm an v
533 2024 1587 2087 beim Publikum so beliebt wäre wie'die Zeitungsredaktion.
1590 2057 2665 2105 feinen Wendungen. Bei einem Verfasser von seinem Rang
529 2067 1590 2133 Das ist weiter kein Wuner; denn die Herren Autoren,
1586 2099 2691 2160 versteht sich das ja fast von selbst. Daß aber diese Komödies L
611 2113 1595 2175 . fast ausnahmslos Leute, die den Betrich einer
1582 2131 2684 2214 auch nur zu seinen stärkeren Arbeiten gehöre, dürfte nicht! i
533 2146 1594 2219 Zeiturg niemals praktisch kennen gelernt haben, beliebenz
1592 2180 2196 2237 so ganz leicht zu beweisen sein.
530 2202 1593 2251 diese stets als ein Lustipiel= oder Komödienmotiv zu bes
1664 2204 2698 2268 Die Aufführung tat unter der Leitung des Herrnist
542 2234 1581 2291 handeln. Und damit das Motiv einigermaßen ergiebig
1589 2241 2645 2330 Steinrück (des Schwagers Schnitzlers), der bedauerlicher¬
534 2270 1572 2332 werde, müssen sie das bißchen Wahrheit, des sie meist nu
1594 2302 2650 2379 weise seit längerer Zeit als Spielkeiter ausgeschaltet war,
535 2319 1585 2370 ahnen, mit so viel Dichturg vermischen, daß jeder wirklich
1593 2341 2635 2400 ihr Möglichstes für den Dichter. Herrn Janssen frei¬
531 2352 1582 2412 Orientiertt über diese Karikaturen von Redaktionenz
1587 2378 2653 2450 lich hätte ich mir als Fink=Fliederbusch noch ein bißchen
524 2386 1599 2472 Re akteuren und Mitarbeitern ein Lächein und manchmal
1593 2417 2702 2478 liebenkwvürdiger, lebendiger, überzeugter und adurch über=Its
530 2434 1359 2488 auch ein Gähnen icht unterdrücken konn.
1588 2457 2644 2528 zeugender erwartet als er sich tatsächlich gub. Dagegen war
603 2478 1589 2531 Was nun Schnitzler betrifft, so wissen wir nicht, was
1587 2502 2644 2564 Frau von Hagen böchst scharmant (es gibt kein anderee
529 2517 2649 2583 In veranlaßt haben mag, ebenfalls ein Jourralistenstück Wort) als thriche Wiener Fürstin, und Herr Grau¬
521 2570 1604 2640 zu schreiben, und es kann uns auch gleichültig sein. Aber
1592 2583 2642 2650 wanr als Graf ein slegantes Geaenstück zu Hr. In der
525 2613 2650 2694 das ist sicher, deß ein „Mann vom Beu“ über alles Jou:=##egreri'chen Redaktioren waren Kräfte wie Höfer,
528 2646 2651 2728 nalistische dieser Komödie läckeln (wenn nicht lachen) wirdzsdgcobt, Nadler, Trautsch. Schwanneke,
526 2681 2688 2745 denn Schnitzle: weiß von dem wehren Wesen des viel vet= Stettrer, Lützenkircher, Alter, Bura arge¬b
527 2735 2650 2825 s#otteten Zeiturg###rers und von seiner Unwist er= hollt. Die wei Ermrnhten hatte wieder Herr
530 2776 2637 2864 sichtlich ebensowenig wie so ziemlich alle, die ner ihm überf Paldau für sich, der diesmal nicht übertried und
528 2816 2012 2891 das gleiche Thema geschrieben haben, Gustao Freytag nich###ordem Erfolg hatte.
520 2850 1597 2910 einmal aufommen. Und da diese drei Akte wie alle
1653 2851 2696 2923 Dem Pudlikum geftel die Sesv. Für München ist alsolk
518 2898 1576 2944 neueren Schniplerschen Stücke von einer nie zu En#:
1580 2889 2675 3009 der Fall „Fink und Flieferbusch“ entschieden. R. B, j
523 2924 1582 2986 kommenden Umständlichkeit und Welsschweiligkeit sind. w#d
524 2973 1596 3037 durch Humor nur in recht bescheidenem Grade wettgemach¬
519 3004 1602 3094 wird, so kann man sich öfter kaum überwinden, nicht ##
517 3055 719 3126 zühnen.
589 3094 1610 3165 Der Inhalt der Komödie ist an dieser Stelle schon er¬
520 3138 1606 3207 zählt worden. Wie nämlich ein junger polltischer Joumna¬
512 3190 1594 3244 list namens Fliederbusch zugleich als Zink an einem Blatt¬
