3392 4384
1724 200 2193 294 box 33/3
272 223 1590 325 27. Einkund Friederbuscn
860 1354 1363 1429 KottoVe —
857 1421 2803 1484 allein bereitet das Kabinett neue Maßnahmnen vor, wärtigen Augenblicke ab. Wenn wit und beesen
855 1450 2823 1526 um die Aushebung einer noch größeren Anzahl! uns in die Hand gegebenen Geschicke würdig er¬)
847 1512 2803 1553 von Kämpfern zu ermöglichen, sondern es stellt weisen, dann werden einst Geschlechter und Ge¬
859 1544 2805 1627 auch sorgfältige Erhebungen an über die beste] schlechter Gott danken, daß er uns die Kraft gabl
853 1594 2252 1655 Möglichkeit, die gegenwärtigen Bestände unserer durchzuhalten.“
854 1688 1830 1746 gesprochen; das ist der Ton, in dem Gloria bei
1832 1688 2807 1749 stellerisch stand Geringes und Verfehltes neben
852 1730 1827 1802 Shaw (in „Von never can tell“) mit ihrer Mutter
1830 1743 2808 1797 Vortrefflichem. Eine so wichtige Gestalt wie der
853 1766 1823 1838 verkehrt. Viga legt sich mit wahrer Wollust bloß,
1827 1780 2808 1843 ungarische Tolpatsch, der schließlich die Braut
855 1828 1826 1879 unv ihr Tun entspricht ihren Worten. Sie findet
1838 1829 2804 1871 heimführt, war kaum mehr als angetuscht. Dafür
855 1870 1823 1923 die schlagendste Formel für ihr Wesen, wenn sie
1844 1870 2809 1926 schillerte Erika Glaeßner in allen Farben ihrer
851 1907 1824 1969 erklärt, daß sie immer über der Situation stehe,
1828 1911 2813 1955 Rolle. „Die Straße nach Steinaych“ hat sie auf
858 1951 1829 2002 und sie empfindet das als niederträchtige Tücke des
1835 1952 2815 2015 den Weg zu einem höheren Ziel geführt; sie hat
864 1998 1827 2055 Schicksals. Unberei enbar in ihren Launen,
1826 1994 2804 2041 ihren Erbauer zweifellos ein gut Stück vorwärts
865 2034 2821 2092 sprunghaft in ihren Gefühlen, kritisch in ihrench gebracht. Beide dürfen sich des Erreichten freuen.
857 2077 1848 2131 Wallungen, treibt sie einen Beobachtungskult mit
862 2127 1837 2180 ihrem komplizierten Ich, das sie mit verpönter!
1878 2106 2848 2205 Von Arthur Schnilrs-emnl
869 2171 1825 2218 Selbstcharakteristik genießerisch zerfasert. Nicht nur
1837 2171 2808 2216 und Fliederbusch“ war hier schon zweimal
857 2213 1825 2254 der Name Viga ist neu; auch seine Trägenin hat
1831 2214 2809 2267 die Rede: im Anschluß an die Buchausgabe, den
868 2255 1829 2306 zum erstenmal den Sprung vom Leben auf die
1836 2251 2811 2312 Vergleich mit Freytags „Journalisten“ vorweg¬
871 2298 1207 2359 Bretter gewagt.
1836 2298 2811 2342 nehmend; nach der Wiener Uraufführung wohl¬
927 2315 1823 2388 Schwer zu sagen, welche Entwicklungsmöglich¬
1830 2342 2815 2398 wollend durchaus, wie ein Dichter von Schnitzlers
861 2369 1824 2440 keiten vor Wilhelm Stücklen liegen. Er baut drei
1826 2389 2811 2445 positiven Werten es verdient, und doch die nega¬
1841 2428 2812 2474 tiven Werte der Dichtung nicht verschweigend. Ich
864 2423 1825 2482 schlanke Akte, die ihn nicht als modernen Ver¬
1829 2473 2807 2527 befinde mich in der wenig angenehmen Lage, zum
869 2466 1825 2522 ächter der Form erscheinen lassen. Im Handwerk¬
1833 2510 2814 2559 brittenmal sagen zu müssen, daß hier ein miß¬
861 2511 1824 2567 lichen hat ei kaum etwas hinzuzulernen. Das soll
1830 2557 2810 2606 ratenes Werk vorliegt. Mißraten in seiner nicht
868 2558 1824 2609 ihm als Vorzug gebucht, nicht, wie es heute leider
1830 2593 2813 2649 zu künstlerischer Einheit gediehenen Mischung von
866 2602 1817 2649 vielfach geschieht, als Vorwurf angekreidet werden.
1840 2643 2813 2692 Groteske und Wirklichkeit. Das bricht dem Stück,
865 2645 1826 2694 Er schreibt eine knappe Sprache, nicht zu flach und
1832 2683 2822 2739 dessen Held kein Rückgrat hat, den Hals. Grotesk
855 2683 1823 2746 nicht überschwenglich. Das ist schon ein ansehn¬
1839 2724 2834 2775 der Einfall, das journalistische Ich Fink=Flieder=
863 2728 1831 2782 liches Einlagekapital, und wir wollen ihm wün¬
1840 2775 2840 2837 buschs oder Fliederbusch=Finks in zwei Gesinnun=
871 2776 1820 2833 schen, daß es noch reichere dichterische Zinsen tra¬
874 2818 1103 2885 gen möge.
1834 2798 2841 2868 gen zu spalten, ihn heute rot und morgen blauf
1828 2861 2811 2920 schreiben zu lassen. Aehnliches hat es schon im
921 2843 1831 2925 Das Theater in der Königgrätzerstraße hatte
1841 2901 2821 2957 grauen Altertum gegeben: der öfters von mir her¬
865 2888 1823 2951 nichts versäumt, ihn ins rechte Licht zu rücken.
1830 2945 2813 2998 aufbeschworene Karneades sprach an einem Tage
871 2950 1824 2998 Ganz ausgezeichnet war das Gesellschaftsbild des
1832 2987 2812 3041 für, am nächsten gegen die Gerechtigkeit. Ein
864 2988 1827 3034 ersten Aktes gestellt. Es gibt Stücke, vielleicht von
1845 3031 2823 3087 dialektischer Spiegelfechter; ein Verwandlungs¬
852 3025 1830 3094 minderem Belang, die sich durch die Versinnlichung
856 3076 1829 3124 der Bühne den. Gedächtnis unauslöschlich einprä¬
1832 3075 2815 3130 künstler der Zunge (nicht unbedingt auch der Ge¬
854 3125 2815 3183 gen. Das hatte der Spielleiter bier bewirkt. Dar= sinnung); einer, der die Medaille und die Rückseite
1498 3173 1724 3265 41—18
946 3169 1125 3293 %
