3392 4352
265 153 387 238 27
1731 140 2134 215 box 33/4
445 154 1553 234 derbisch
378 304 1354 375 Zeitung: Zerliner Ztg. am Mittag
388 386 530 464 Ort:
1017 386 1271 457 Berlin
380 436 842 557 Datum:
392 569 1272 641 Eine Journalistenkomodie von Schnitzler.
452 620 1268 684 Arthur Schnitzler hat eine neue Komödie
1283 633 1356 695 —
395 676 1278 722 geschrieben, die ihn beinahe in den Verdacht des
452 709 1277 761 Plagiats gebracht hätte. Das Stück des
391 748 1278 789 Wiener Dichters besitzt nämlich, wie das Neue
392 782 1284 860 Wr. Journ. zu berichten weiß, große Aahnlichkeit
398 824 1268 875 mit dem jüngsten Lustspiel des Franzosen Tristan
1705 821 2144 895 Quelienangabe ohne Gewähr.)
390 858 1275 918 Bernard, „Les deus canätds“ („Die¬
388 899 1286 961 beiden Enten“), eine politische Journalisten¬
1371 881 1771 976 Husschnitt aus:
1756 864 2557 1001 Seriver Zetn omn Mifseg, Bod
391 928 1284 995 komödie, die gegenwärtig das Zugstück des Pa¬
1935 950 2224 1048 9·SR
395 982 1274 1038 riser Theaters bildet. In der französischen Ko¬
1375 1000 1528 1054 Vom:
386 1021 1272 1073 mödie stellt die Journalistik seine Fähigkeit
392 1051 1277 1097 gleichzeitig in den Dienst zweier feindlicher Par¬
384 1092 1274 1151 teien. Er gründet in einer Provinzstadt, nach¬
397 1129 1280 1173 dem er mit der Gattin des dortigen Druckerei¬
384 1173 1269 1221 besitzers ein Verhältnis angeknüpft hat, ein
1381 1103 2247 1261 Kleine Theater-B. 3.
396 1214 1269 1263 radikales Blatt, das besonders den feudalen
391 1247 1270 1304 Junker des Kreises angreift. Dieser gründet zur
1393 1237 2247 1320 Eine Journalistenkomödie voch Schnitzler.
387 1284 1272 1343 Abwehr eine konservative Zeitung und gewinnt
1431 1298 2251 1368 Arthur Schniklex hat einsheue Komödie
3055 1290 3119 1374 34113
381 1326 1277 1382 dafür seinen bisherigen Gegner als Redakteur,
2658 1304 2972 1390 baig, Porohto.
1375 1345 2259 1421 geschrieben, die ihn  den Verdacht des
394 1359 1271 1427 ohne daß dieser sein radikales Blatt aufgibt. Er
2581 1377 3055 1437 (Quellenangabe ohne Gewähr.)
1431 1387 2257 1461 Plagiats gebracht hätte. Das. Stück des
394 1398 1275 1446 schreibt also von jetzt ab für beide Zeitungen,
1381 1408 2260 1504 Wiener Dichters besitzt nämlich, wie das Neue
379 1445 1276 1498 bekämpft seine konservativen Artikel vom Morgen
2297 1418 3224 1539 Ausschnitt aus: 77 Est Budopest
1376 1452 2250 1525 Wr. Journ. zu berichten weiß, große Aehnlichkeit
392 1487 1270 1532 im radikalen Abendblatt und umgekehrt. Der
1375 1497 2254 1561 mit dem jüngsten Lustspiel des Franzosen Tristan
392 1516 1273 1576 Grundgedanke dieser Komödie findet sich eigent¬
1369 1528 2257 1610 Bernard, „Les deux canards“ („Die
380 1557 1266 1612 lich schon in Gustav Wieds im Berliner
2304 1549 2433 1615 vom:
1364 1577 2255 1649 beiden Enten“), eine politische Journalisten¬
378 1590 1275 1664 Kleinen Theater viel gespielten Satire
2434 1569 2890 1676 K
1353 1608 2256 1690 komödie, die gegenwärtig das Zugstück des Pa¬
383 1630 482 1684 „2X
1363 1655 2260 1720 riser Theaters bildet. In der französischen Ko¬
2383 1657 3137 1737 Schnitzleres a -Les deux ennards.
429 1659 1274 1731 Schnitzler erfuhr nun dadurch, daß das
1362 1693 2259 1768 mödie stellt die Journalistik seine Fähigkeit
2369 1684 3144 1772 Erdekes témahasonlösägról beszel¬
374 1706 1264 1775 Wiener Josephstädter Theater das Bernardsche
1367 1731 2259 1806 gleichzeitig in den Dienst zweier feindlicher Par¬
2374 1737 3144 1811 nek most Bécs irodalmi és szinházi
372 1751 1270 1798 Stück zur Aufführung erworben hatte, daß der
1354 1767 2257 1846 teien. Er gründet in einer Provinzstadt, nach¬
2360 1775 3146 1850 köreiben. Arthur Schnitaler bécsi iro
374 1785 1264 1844 Inhalt des französischen Stückes mit seiner Idee
1361 1807 2260 1892 dem er mit der Gattin des dortigen Druckerei¬
2370 1816 3137 1880 a minap egy oszträk napilapban la¬
371 1828 1266 1892 kollidiert; er hat natürlich die österreichischen
1358 1847 2245 1916 besitzers ein Verhältnis angeknüpft hat, ein
2370 1851 3137 1925 pozgatott és a szinhäzi rovatban
362 1863 1260 1927 politischen Verhältnisse satirisch beleuchtet, hat
1350 1887 2253 1951 radikales Blatt, das besonders den feudalen
2364 1894 3130 1966 egy pärisi tudósitäst talält mely
361 1914 1260 1964 die Komödie schon seit ein paar Monaten voll¬
1356 1924 2239 1985 Junker des Kreises angreift. Dieser gründet zur
2368 1927 3122 2001 Tristan Bernardnak -Les deux ca¬
361 1947 1263 1988 endet, aber aus bestimmten Gründen erst in der
1354 1962 2245 2033 Abwehr eine konservative Zeitung und gewinnt
2357 1959 3139 2041 nardse cimü vigjätékáröl szämol be.
368 1986 1267 2041 nächsten Saison erscheinen lassen wollen. Auch
1355 1996 2249 2101 dafür seinen bisherigen Gegner als Redakteur,
2364 2003 3143 2084 Schnitzler jjedten vette tudomäsul,
370 2030 1261 2079 der Titel des Stückes steht noch nicht fest. AUm
1354 2038 2234 2109 ohne daß dieser sein radikales Blatt aufgibt. Er
2352 2044 3134 2127 hogy a Tristan Bernard darabja, a
368 2071 1264 2119 aber vor einem der in der letzten Zeit in Deutsch¬
1356 2075 2241 2166 schreibt also von jetzt ab für beide Zeitungen,
2357 2086 3142 2168 melyet nälunk tudvalevöleg sA szery
368 2098 1263 2159 land üblichen Plagiatsprozesse bewahrt zu blieben,
1351 2119 2227 2189 bekämpft seine konservativen Artikel vom Morgen
2354 2114 3119 2202 kesztö ure cimen jätszanak a Vigs
364 2138 1260 2195 hat er durch einen notariellen Akt fest¬
1345 2159 2227 2219 im radikalen Abendblatt und umgekehrt. Der
2348 2162 3131 2238 szinhäzban, nemesak alapôtletében,
372 2182 1257 2236 stellen lassen, daß seine Komödie noch vor der
1346 2194 2225 2265 Grundgedanke dieser Komödie findet sich eigent¬
2343 2196 3121 2271 hanem gondolatmenetében és fordu¬
369 2212 1264 2283 Pariser Uraufführung der „beiden Enten“ voll¬
1352 2228 2235 2316 lich schon in Gustav Wieds im Berliner
2341 2226 3118 2317 lataiban is megegyezik azzal a vig¬
355 2254 593 2314 endet war.
1342 2270 2232 2340 Kleinen Theater viel gespielten Satire
2346 2273 3123 2353 jatekkal, a melyet 6 néhány héttel
1333 2308 1479 2375 22X2
1573 2324 1610 2366 *
2339 2316 3118 2392 ezelött fejezett be és a melyet a jóvö
1393 2352 2225 2426 Schnitzler erfuhr nun dadurch, daß das
2337 2364 3119 2420 szezon clejen szeretett volna elö¬
1334 2379 2226 2464 Wiener Josephstädter Theater das Bernardsche
2337 2393 3114 2473 adatni. A bécsi iro eleinte arra gon¬
1331 2415 2224 2502 Stück zur Aufführung erworben hatte, daß der
2346 2432 3111 2502 dolt, hogy tüzre veti kész munkajät,
1331 2467 2223 2540 Inhalt des französischen Stückes mit seiner Idee
2335 2464 3104 2549 késöbb azonban ugy hatärozott, hogy
1330 2501 2222 2567 kollidiert; er hat natürlich die österreichischen
2341 2508 3108 2585 megis a nyilvänossag elé lép vele,
1327 2548 2218 2619 politischen Verhältnisse satirisch beleuchtet, hat
2331 2540 3111 2636 mert multja és egesz müködése elég
1322 2583 2220 2654 die Komödie schon seit ein paar Monaten voll¬
2335 2579 3106 2660 biztositck amaz esetleges vad ellen,
1324 2628 2214 2684 endet, aber aus bestimmten Gründen erst in der
2327 2627 3101 2694 hogy Bernard vigjätéka inspirälta ôt
1327 2665 2219 2722 nächsten Saison erscheinen lassen wollen. Auch
2331 2661 3103 2742 a dupla szerkesztó alakjának meg¬
1314 2709 2212 2774 der Titel des Stückes steht noch nicht fest. Um
2326 2701 3106 2779 alkotasára. Hogy azonban az esetle¬
1316 2738 2210 2810 aber vor einem der in der letzten Zeit in Deutsch¬
2323 2740 3108 2812 ges elsöbbségi vitäknak elébe vägjon,
1308 2774 2208 2852 land üblichen Plagiatsprozesse bewahrt zu blieben,
2329 2776 3105 2869 kéziratät elvitte egyik béesi közjegyy
1315 2817 2203 2889 hat er durch einen notariellen Akt fest¬
2316 2814 3110 2906 zöhöz es hitelesittette sajät müght.
1317 2853 2211 2926 stellen lassen, daß seine Komödie noch vor der
1319 2891 2206 2974 Pariser Uraufführung-der „beiden Enten“ voll¬
1306 2928 1565 2989 endet war.“
2567 3019 3047 3135 Grelenangabe oine Gerühr)
2275 3103 3210 3209 Gecnaf 9#
2279 3234 2526 3303 vom 25
2522 3247 3110 3349 + 60 Sthats
2303 3339 3193 3446 Fauleur dramatique aufrichien Artbur
2311 3394 3188 3480 Schnitzler vient de faire constater, paracte no¬
2307 3425 3202 3523 starie, alin de se garanlir contretout reproche de #
2296 3481 3189 3559 plagiat, que sa nouvelle comédie, dont le titre
2302 3508 3178 3611 grest pas encore arreie, etait ecrite entierement
2293 3557 3175 3638 au moment on den lien à Paris la première
2303 3588 3178 3689 représentation de les Deur Canards, de MM.
2289 3606 2891 3695 Tristan Bernard et Alfred Atlis.
2322 3665 3163 3754 Lidée fondamentale de la comédie de M.
2281 3697 3169 3793 Schnitzler — un journaliste qui met sa plume à
2281 3732 3178 3836 Ia disposilion de deux parlis politiques adverses
2302 3778 3167 3873 — est la memen quecelle des- Deua. Canands. Eu
2272 3804 3168 3910 comme Ja direclion du Theater in der Josefstadt
2279 3847 3153 3946 abequis ie droit de représentation du jovenx
2281 3882 3163 3988 vandeville de MMl. Tristan Bernard et Alfred
2274 3927 3147 4022 Athis. il se pourrait que les deux piéces fussent
2266 3971 3156 4072 jonées en möme temps à Vienne, dans ie goi-,
2240 3988 2788 4088 rant de lu saison procheine.
2413 4056 2510 4106 —
2414 4104 2539 4186 IENE D
