3392 4320
252 191 405 277 27
417 192 1574 290 Einkund Friederbuscn
980 1040 1670 1207 Karlsbader Sauebiar
1217 1166 1785 1345 000 abt7,
713 1292 1521 1460 6 Kunst und Wissenschaft.
1171 1420 1664 1502 miere in Berlin. Her¬
628 1415 928 1525 MStürmische
649 1466 1663 1540 mann Kienzk'schlelbl den „Leipz. N. Nachr.“ Aus dem
654 1514 1674 1577 immer heißen Boden des Lessingstheaters schlugen
651 1575 1669 1621 die Flammen auf. Ein Schadenfeuer! Arthur Schnitz¬
645 1604 1677 1683 lers neue Komödie „Fink und Fliederbusch“ ver¬
648 1657 1676 1734 brannte. Die Feuerwehr war mit eifrigen Händen
666 1668 1682 1758 tätig, aber der böse Wind zischte und pfiff. Der zö¬
658 1745 1680 1804 gernde Beifall nach dem ersten Akt ermutigte die
661 1793 1673 1850 feindlichen Elemente. Sie begannen sich nach dem
659 1823 1682 1894 zweiten Akt zu regen, als sich ein wärmerer Erfolg
666 1882 1680 1938 durchsetzen wollte; sie tobten los nach dem dritten
657 1944 1679 1977 und letzten. Eine Premierenschlacht wie in der gu¬
668 1982 1681 2026 #ten alten Zeit! Dagegen ist grundsätzlich nichts einzu¬
662 2003 1686 2077 wenden, obwohl der Gedanke natürlich bitter ist, daß
672 2059 1683 2127 solche Strenge einem unserer Besten und Feinsten
664 2092 1683 2173 widerfährt, während der milde Schund rings im
670 2141 1683 2205 Lande ungekränkt gedeiht. Die Komödie obwohl sie
678 2190 1693 2251 im höheren Sinne mißlungen ist, hat ohne Zweifel
673 2231 1691 2296 geistige Werte vor dem gefälligen Durchschnitt vor¬
674 2268 1695 2342 aus. Bekannt ist den Lesern aus dem Bericht über
671 2315 1689 2382 die Wiener Uraufführung, was im Stücke vorgeht.
679 2355 1695 2424 Zu wenig, jawohl, für drei Akte! Ein kleiner Einfall
673 2412 1699 2480 wird breitgetreten. Die Ungerechtigkeit des Schnitz¬
678 2452 1690 2512 lerschen Zeitungsschreibergetriebes empörte nicht ein¬
684 2493 1698 2561 mal die vernünftigen Männer der Feder, die sich doch
687 2538 1702 2607 sagen, daß der Laune des Schwankes satirische Ein¬
686 2569 1699 2658 seitigkeit erlaubt ist. Höher als bis zum Schwanke
675 2634 1703 2694 reicht Schnitzlers Satire freilich nicht. Anderswo
688 2672 1700 2747 steckt das Problem von „Fink und Fliederbusch“ es
684 2724 1703 2776 ist das doppelte Ich des Herrn Fliederbusch (oder
686 2762 1701 2826 Fink). Es ist derselbe Casus, wenn Paul Lindaus
687 2812 1695 2865 fleckenloser Staatsanwalt des Nachts die Ballon¬
690 2845 1718 2911 mütze des Einbrechers aufsetzt, oder wenn Schnitzlers
699 2892 1705 2959 Journalist heute freiheitlich, morgen reaktionär
694 2932 1719 3002 schreibt, und in zwei gegnerischen Blättern so gegen
689 2979 1711 3043 sich selbst loszieht, daß er sich zum Duell herausfor¬
687 3020 1722 3088 dern muß. Schnitzler hat den Fall nicht wie Lindau
687 3058 1714 3140 pathalogisch, leider aber ebenso wenig wie Lindau
702 3115 1712 3192 psychologisch behandelt. Und das ist die große Ent¬
691 3165 1717 3221 täuschung, die er, gerade er uns bereitet! Der schwache
707 3213 1724 3270 Anflug eines tieferen Sinnes wurde bei der Berliner
702 3253 1719 3315 Aufführung vollends vertilgt von dem possenhaften
711 3304 1721 3360 Ulk, der mit der Rolle des Fliederbusch getrieben
702 3345 1721 3406 wurde, indem man das unreife Bürschchen durch den
712 3403 1720 3456 sehr reifen Herrn Bassermann spielen ließ. Der
706 3419 1729 3504 Spaß lief nun gleichsam darauf hinaus, eine Mat
709 3470 1584 3538 rone im kurzen Backfischkleidchen zu zeigen!
1692 174 2164 273 box 33/3
2247 2110 2761 2220 iee
2268 2190 2734 2276 draz, Stelenen
2100 2301 2529 2399 Eine stürmische
2661 2304 3073 2399 Première. Unser
2011 2377 3058 2430 Berliner Theaterbertchrekstaiter schreibt uns: Der
2007 2429 3054 2507 ausendköpfige Areopag des Lessingtheaters, nach
2008 2475 3055 2548 Über=lieferung der gefährlichste in Theaterdeutsch¬
2020 2521 3050 2587 and, kühlte wieder einmal sein Mütchen an einem
2023 2585 3062 2639 rlesenen Manne. Artur Schnitzlers Komödie
2020 2630 3055 2682 Fink und Fliederbusch (über die wir bereits
2024 2682 3056 2746 mläßlich der Wiener Uraufführung gehandelt haben)
2090 2728 3050 2782 gewiß trotz der vielen Feinheiten, die wir von
2024 2781 3064 2847 iesem Geiste als selbstverständlich entgegennehmen,
2018 2829 3059 2888 ine verfehlte Arbeit. Doch fast jedes Wort der
2013 2877 3063 2931 stomödie ist eine feine Köstlichkeit denen, die derlei
2028 2928 3059 2987 zu schmecken verstehen! Der laue Beifall nach dem
2024 2981 3070 3051 rsten Akt verriet, daß den meisten Zuschauern das
2022 3024 3055 3088 Gegenständliche (die Redaktionsstube) gleichgültig ge¬
2013 3071 3056 3133 blieben war. Nach dem zweiten Akte mischte sich be¬
2014 3133 3054 3181 reits Widerspruch in den verstärkten Beifall, nach dem
2025 3155 3101 3247 dritten standen den Gewogenen die Zischer und Pfei¬#
2025 3215 3076 3292 fer in kompakten Massen entgegen. Daß man einen“
2016 3268 3104 3345 Virknosenscherz mit dem Scherze geirieben und den##
2015 3330 3080 3407 halbflüggen Fliederbusch=Fink an Bassermanng
2008 3375 3064 3443 künstliche Kindlichkeit abgegeben hatte, befördekte des
2015 3417 2210 3508 Unbei
