3436 4320
284 215 1596 312 27. Einkund Frjederbusch
546 831 1539 960 der zuhleich für ein nberotes und konserbalibes;
560 899 1585 996 Blatt schreibt und in die Lage kommt, sich selbsten
555 940 1543 1025 in dei Zeitung zu beschimpfen? Ein Feuilleton
555 983 1557 1078 in einem mittleren Witzblatt, das Schlußstück im
546 1033 1579 1131 Programm einer Lichtspielbühne — nach Abwick=sc
548 1065 1566 1176 lung des seriösen Detektiv=Dramas — wäre der n
539 1101 1572 1206 würdigere Platz für die Gestaltung solchen Ein¬ 4
542 1150 1564 1242 falls. Von den äußeren Unmöglichkeiten der
547 1201 1561 1287 Handlung ganz zu schweigen nie noch hat u
544 1252 1569 1340 Schnitzler ein so in Fabel und Dialeg dürstiges 2
539 1273 1569 1387 Werk geschrieben. Den Zoll an die Personen¬ L
536 1332 1549 1434 zeichnung und wohl auch an die Satire entrichtetin
544 1381 1560 1469 er, indem er einige wohlbekannte Typen aus i
533 1410 1567 1519 Redaktionsstuben hinstellt, unter denen der im d
524 1460 1562 1555 Leitartikelstil sprechende politische Redakteurn
521 1502 1555 1610 natürlich nicht sehlt, Typen freilich, die wieder z.
517 1551 1548 1645 nur Abdrücke von Clichés sind; und dort, wo sien
501 1598 1551 1706 etwas Herzhaft=Lustiges sagen, klingt es in
1417 1683 1571 1768 S
566 1726 1573 1840 Stimmung und gelegentlich im Wortlaut an jenes
573 1767 1529 1868 glänzende dramatische Gespräch in einer Redaktion
578 1816 1528 1915 an, das einst Karl Kraus in parodistischer Laune
580 1854 1526 1950 schrieb. Um, neben dem Vermerk auf dem Titel¬
569 1907 1518 1991 blatt, die Marke des Autors auch sonst noch anzu¬
568 1942 1517 2044 bringen, kommt der übliche Schnitzlersche
564 1998 1518 2086 Aristokrat vor, der einige kluge Worte — die ein¬
555 2018 1523 2134 zigen — spricht, aber alsbald in einen überhitzten
552 2080 1521 2173 Zynismus verfällt, der in ganz plan= und halt¬
562 2125 1521 2219 lose Reflexionen mündet. Und als des Humors
545 2185 1525 2269 letzter Schluß bei dieser in einer Großstadt spie¬
555 2218 1519 2305 lenden, aber geistig ganz kleinstädtischen Jour¬
548 2247 1525 2360 nalistenkomödie ergibt sich: die „Fixigkeit“ des
557 2295 793 2366 Reporters.
649 2326 1533 2436 Um dieses Erzeugnis schwacher Stundenbe#
550 2366 1498 2485 mühte sich gestern die von Herrn Demetz ge¬
545 2415 1515 2524 leitete Aufführung, nicht ohne einige nützliche
540 2465 1509 2560 Striche vorzunehmen, aber auch nicht, ohne man¬
543 2508 1513 2610 ches Witzwort unter den Tisch fallen zu lassen.
536 2556 1515 2646 Den geriebenen Titelhelden aibt Herr Fehér
547 2601 1502 2706 mit der frischen Skrupellosigkeit, den er für solche
538 2642 1501 2739 Fälle bereit hat und der ihn recht gut kleidet. Wie
538 2706 1493 2785 er, unterwürfig und frech, schüchtern und kühn zu¬
539 2730 1496 2828 gleich, die Verwandlung vom kümmerlichen Zeilen¬
525 2771 1489 2886 schinder zum umworbenen Leitartikler demon¬
528 2828 1496 2915 strierte, das war gescheit und witzig gespielt. In
520 2859 1500 2944 der Redaktion des liberalen Blattes erdröhnt es
524 2910 1492 3003 natürlich von jenem Jaraon, den man jetzt auf der
518 2949 1495 3026 Bühne mit steigender Häusigkeit zu hören be¬
519 2992 1496 3075 kommt. Mit besonderem Feuereifer legt sich Herr
505 3038 1486 3143 Wurmser ins Zeug, der übrigens den Typus
511 3087 1488 3169 nicht übel, jedenfalls mit viel Drastik hinstellt,
511 3122 1483 3222 neben ihm die Herren Bogyansky, Zeis¬
512 3173 1502 3263 ler Volker und Bauer. Weniger amüsant
504 3204 1525 3323 geht es in der anderen Redaktion zu, deren Chef
505 3250 1483 3351 Herr Reinhardt spielt und wo nur Herr
502 3288 1462 3395 Romanowsky eine lebenswahre Fiaur zeich¬
501 3343 1468 3435 net. Die Gescheitheiten des Grasen hat Herr
502 3393 1461 3471 Huttig vorzutragen und Herr Hofer schießt
488 3423 1461 3529 als betriebsamer Reporter und Bühnendichter
490 3473 1480 3577 zwischen Redaktionen und Ereignissen hin und
484 3513 1013 3578 her. Die einzige weiblic
491 3544 934 3633 schüne Frau, spielt Fr
473 3604 937 3673 Essenheit. Doch ko
471 3638 509 3677 *
516 3640 947 3707 ###achen Werk keine
467 3670 936 3761 hörte mit Achtung un
472 3735 936 3825 Beifall erstickte im K
1752 210 2188 302 box 33/2
2713 491 2796 563 — —
2032 573 2777 675 ung: Prager Tagblatt
2803 655 2863 700 —
2016 692 2393 790 resse: Prag
2574 760 2983 856 2 2.900.1917
2004 813 2174 904 itum:
2108 948 3053 1117 „Theater und Kunst.=
2205 1091 2915 1184 „Fink und Fliederbusch“
2039 1147 3035 1242 Komödié von Aribur Schnitzler. Erstazfführung
2283 1210 2850 1294 gestern im Neuen Theater.
2164 1257 3032 1344 Eine Ivornalistenkomödie von Schnitzler?
2065 1294 3030 1393 Von dem ironischen Kenner und Zergliederer
2068 1365 3025 1415 mittelstarker Nazuren, dem überlegenen Prüfer.
2067 1409 3040 1465 aller Motive, die schließliche die Probe auf ihre
2067 1450 3034 1494 Echtheit nicht bestehen, dem Tichter jener Gesell¬
2059 1495 3028 1559 schaft, in de sich die Aristotraten vorurteilsfrei¬
2057 1543 3039 1587 und doch nicht ohne hochmütigen Hohn, mit Bür¬
2066 1582 3023 1641 gern und Bohemiens begegnen, von ihm darf man
2068 1628 3018 1693 doch erwarten, daß er mit seinem wehmütigen
2065 1662 2821 1733 Humor, ein Journalistenstück schreibt,
2908 1662 3043 1740 dem
2818 1675 2910 1729 in
2067 1712 3069 1765 dieser im Zwielicht von Kunst und Handwerk
2065 1748 3044 1818 schimmernde Beruf von einer neuen Seiterherer
2062 1797 3024 1848 faßt und abgeschildert wird? Zumal er nur ins
2070 1842 3035 1902 Nachbarhins, in eine Sphäre, die der seinigen
2065 1875 3036 1951 sozial und persönlich verwandt ist, zu blicken
2060 1926 3039 1993 braucht, um stofflich überreich versehen zu sein;
2056 1967 3035 2037 uner uberons gerode die Wiener Jolem
2066 2019 3025 2073 mit ihrem westenördlichen Mischungscharakter dem
2072 2062 3033 2126 Psychologen gesellschaftlicher Stimmungen die
2066 2102 3046 2175 Beobachtungen und Erkenntnisse von selbst an die
2066 2146 3044 2213 Hind gibt. Eine Journalistenkomödie von
2068 2178 3033 2255 Schnitzler, der selbst im sorglosesten Millionär¬
2076 2249 3046 2306 und Adligen irgend einen Bodensatz von Welt¬
2073 2266 3052 2347 schmerz aufstöbert,ird doch die Melancholie"
2071 2314 3049 2388 und den tregikomischen Zwiesp lt im Wesen dieser
2067 2365 3035 2442 Halbbürger und Halbkünstler ausgreifen und
2071 2422 2275 2497 formen?
2195 2432 3042 2508 Da ist nun aber, gerade in der Stadt, in
2065 2493 3040 2566 der einst Jalob Julius Davids Bekenntnisbuch
2069 2542 3037 2599 über die Zeitung erschienen ist, von dem reprä¬
2068 2572 3046 2659 feutativen Mann der Wiener Literatur eine Ko¬
2070 2616 3054 2696 mödie verfaßt worden, die alles das, was sie hätte
2073 2686 3038 2732 sehen müssen, nicht sieht. Gerade Schnitzler, dessen
2068 2698 3043 2774 Dichtungen die umslorte Heiterkeit den eigentlichen
2069 2759 3041 2828 Reiz und Wert gibt, hätte dieses Lustspiel mit
2079 2798 3036 2863 einem lachenden und einem nassen Auge schreiben
2072 2850 3036 2912 müssen. Statt dessen stürzt er sich in ein Flechland,
2079 2896 3035 2955 in dem kleine Geister — von Kino=Operateuren
2078 2911 3059 3002 ganz abgesehen — mit beträcktlich größerem Glück
2081 2989 3044 3040 sich umhertreiben. Bedurfte es des Schöpfers
2078 3002 3048 3091 von „Anatol“ um, als des Witzes Höhepunkt, den
2090 3055 3045 3119 Lonslikt zu ersinnen, daß ein aufstrebender Repor¬
2079 3109 3041 3168 ter zugleich für ein üiberales und konservatives
2083 3139 3051 3209 Blatt schreibt und in die Lage kommt, sich selbst
2091 3193 3043 3256 in der Zeitung zu beschimpfen? Ein Feuilleton
2100 3239 3052 3294 in einem mittleren Witblatt, das Schlußstück im
2093 3276 3053 3341 Progrumm einer Lichispielbühne — nach Abwick¬
2082 3324 3049 3390 lung des seriösen Detektiv=Dramas — wäre der
2093 3361 3058 3439 würdigere Platz für die Gestaltung solchen Ein¬
2098 3403 3065 3477 falls. Von den äußeren Unmöglichkeiten der
2670 3458 2773 3508 —
2770 3455 3060 3515 nie noch hat
2094 3462 2668 3523 Handlung ganz zu schweigen
2097 3485 3060 3558 Schnitzler ein so in Fabel und Dialeg dürftiges
2097 3527 3059 3604 Werk geschrieben Den Zoll an die Personen¬
2103 3583 3055 3657 zeichnung und wohl auch an die Satire entrichtet
2090 3614 3056 3686 er, indem er einige wohlbekannte Typen aus
2094 3673 3061 3731 Redaktionsstuben hinstellt, unier denen der im
2092 3714 3059 3773 Leitartikelstil sprechende politiiche Redakteur
2101 3745 3067 3820 natürlich nicht fehlt, Trpen freilich, die wieder“
2093 3784 3074 3857 nur Abdrücke von Clichés sind; und dort, wo sie
2089 3827 3099 3902 etwas Herzhaft=Lustiges sagen, klingt es in
2082 3909 3100 3996 Stimmung und gelegentlich im Wortlaut an jenes
2098 3973 3065 4035 glänzende dramatische Gespräch in einer Redaktion
2105 4005 3075 4075 an, das einst Karl Kraus in parodistischer Laune
2097 4064 3067 4119 schrieb. Um, neben dem Vermerk auf dem Titel.
2110 4107 3052 4156 hlatt, die Marke des Autors auch sonst noch anzu¬
2096 4148 3063 4202 bringen, kommt, der übliche Schnitzlersche
