3344 4320
2006 121 2071 162 —
2152 122 2282 170 ——
1415 125 1516 171 —.—
1679 184 2131 277 box 33/4
206 194 1640 279 27. Einkund Fliederbusch
2705 640 2839 711 1400
1362 640 2287 715 Heinrich von Treitschke, Gutachten zum Schillerpreis
796 666 932 726 1399
1824 771 2878 841 begierig erwartet, wie das eine Mal der Doktor Flieder¬
760 773 1819 849 an Hirzel geschrieben: „Ferner den entschiedensten Dank
1824 825 2878 875 busch seinen Rivalen Virkenstock zerfleischen wird und dafür
771 836 1821 884 für die Journalisten. Sie können denien, daß sie mir viel
1825 864 2889 916 in der nächsten Nummer der feindlichen Zeitung von
775 879 1818 922 Freude gemacht haben, zunächst wegen merkwürdiger Ahn¬
1839 901 2883 947 Birkenstock hingerichtet werden wird, daß aber in Wirk¬
769 910 1812 959 lichkeiten, dann aber auch wegen der Verschiedenheiten.
1832 941 2882 992 lichkeit die beiden wilden Kämpen innigste Herzensfreunde
773 948 1809 997 Es wird, wenn die Herren Schütze und Freytag einer un¬
1834 984 2880 1048 sind und ihre Fehde nur zum Zwecke besseren Absatzes ihrer
762 987 1810 1036 dankbaren Nachwelt gleichgültige Namen sein werden, noch
1828 1027 2298 1078 Blätter erfunden haben.
764 1032 1823 1076 von höchstem Interesse sein, die Ausbildung deutscher
1920 1037 2887 1119 Hat denn nun Schnitzler bei Schütze den schönen Namen
759 1069 1827 1125 Empfindung und Verhältnisse an dergleichen Ahnlichkeiten
1834 1092 2880 1145 Fliederbusch gefunden und dazu dann noch an Stelle der
765 1112 1821 1156 und Verschiedenheiten zu messen. So kindisch uns die
1836 1139 2890 1190 beiden sich bis aufs Blut bekriegenden Freunde den einen
1317 1140 1807 1200 in der Tat noch das alte
768 1153 1273 1208 schützesche Lustspielschablone
1833 1164 2883 1231 so bewunderswert doppelseitigen Tintenhelden gesetzt? Ich
772 1182 1822 1236 Hanswursttheater — vorkommt und wie embryonisch diese
1824 1220 2878 1266 brauche gar nicht erst zu sagen, daß auch in diesem Fall
774 1221 1824 1283 belletristische Tagespresse, ebenso wird man in fünfzig
1833 1249 2883 1297 von einer nur im geringsten als peinlich zu empfindenden
769 1270 1801 1324 Jahren unsere Journalisten als ein Abbild lindlicher Preß¬
2516 1297 2881 1345 man braucht über
1829 1303 2475 1345 Entiehnung keine Rede sein kann
762 1303 1817 1367 und Bildungszustände betrachten können. Hoffentlich auch
1836 1334 2886 1384 Schützes Werklein nur die oben gegebene freytagsche Brief¬
765 1346 1284 1411 einen Fortschritt bemerken.“
1826 1373 2887 1423 stelle zu lesen, um jeden Gedanken an solche Torheit zu
851 1373 1811 1427 Worin die Ahnlichkeiten, die Freytag selbst feststellt,
1824 1418 2885 1461 bannen — aber ich glaube persönlich nicht einmal an irgend¬
773 1419 1826 1485 bestehen, brauche ich nicht im einzelnen darzulegen; wer
1830 1452 2886 1500 welche unmittelbare Beziehung; Freytags Schicksal hat
769 1465 1823 1512 näheres darüber wissen will, findet in Hans Lindaus
1833 1499 2878 1544 sich vielmehr bei Schnitzler wiederholt. Der erste, der
768 1512 1827 1561 Freytagbiographie Auskunft. Die Verwandtschaft beider
1834 1525 2881 1583 mindestens hier für unsern Zusammenhang Journalisten auf
781 1540 1825 1600 Stücke beruht auf ihrem Stoffe: zu dessen Lebenselementen
1826 1572 2878 1623 die Bühne stellte, hat bei aller kindlichen Harmlosigkeit
772 1589 1826 1629 scheinen zwei sich befehdende Blätter ein für allemal zu
1823 1615 2876 1679 doch schon gewisse typische Züge erfaßt; zu den oben ange¬
771 1619 1817 1673 gehören, ferner dürfte seit der Erfindung der Zeitungen
1839 1650 2885 1703 deuteten gehört auch der, daß Zeitungsschreiber kluge,
767 1661 1817 1719 der Wunsch, die eigene maßgebliche Meinung gedruckt zu
1834 1686 2890 1748 geistig bewegliche Leute sind, die in ihrem Blatt notwendig
780 1701 1826 1754 sehen, die reichlich vorhandenen Mußestunden mit einigem
1838 1730 2884 1779 einseitig sein müssen, die sich aber dessen bewußt sind,
776 1747 1813 1787 Temperament gesegneter Biedermänner beunruhigt haben,
1842 1772 2883 1823 daß sehr viele Dinge, von einer andern Seite angesehen,
774 1778 1826 1829 endlich ruft die Einführung der Liebe in diese Welt auch
1840 1809 2885 1863 sich einigermaßen anders ausnehmen. In Freytags glück¬
772 1818 1559 1875 sehr leicht verwandte Erfindungen hervor.
1832 1847 2891 1902 lichen Tagen ergab das die Figur des Schmock — wenn
865 1840 1827 1906 Uns geht hier mehr an, daß Freytag sich im Geiste
1835 1879 2899 1939 heute, wie Freytag ja wollte, der Blick von Fliederbusch
764 1891 1805 1948 in das übernächste Geschlecht versetzte und von der Zeit
1826 1919 2889 1981 auf Schmock zurückgeht, so wird man sogar auch den statt¬
771 1933 1819 1994 sprach, da auch seine „Journalisten“ als kulturgeschicht¬
1830 1974 2891 2017 gehabten Fortschritt bemerken. Nämlich für Schmock: der
781 1968 1820 2022 liches Denkmal wirken würden; sagte er es auch nicht aus¬
1832 2004 2887 2064 ist zum Helden vorgerückt und darf zum Schluß als
773 2007 1821 2070 drücklich, so lag doch wohl auch ihm der Gedanke an eine
1843 2040 2888 2095 Triumphator von der Bühne schreiten — der Fortschritt;
772 2059 1813 2106 künftige dramatische Spiegelung des. Zeitungswesens nahe,
1843 2086 2675 2143 den Freytag erhoffte, ist's nun freilich nicht.
770 2083 1818 2149 die sich zu seinem Werk etwa verhalten möchte wie dies zu
1915 2105 2899 2172 Kann es aber auch als Zufall gelten, daß Schühze,
777 2132 1825 2191 dem Erzeugnis des braven Schütze. Es hat allerdings etwas
1840 2165 2886 2211 seinem Helden den duftenden Namen Fliederbusch gab
777 2173 1814 2223 mehr als fünfzig Jahre gedauert, bis unser Theater eine
1838 2197 2886 2258 und Schnitzler mehr als hundert Jahre später dieselbe
769 2213 1812 2266 etwas anspruchsvollere Journalistenkomödie erhalten hat,
1838 2241 2893 2289 Taufe vollzog? Der Name gehört doch nicht zu den
776 2248 1815 2296 aber gekommen ist sie schließlich doch: 1917, also dreiund¬
1825 2278 2892 2350 typischen Zügen, deren Andeutung wir Schütze zuerkannten
776 2289 1813 2333 sechzig Jahre nach dem fröhlichen Erscheinen von Bolz,
1840 2320 2894 2372 (im Elysium wird ihm etwas bange werden ob seines
779 2329 1824 2394 Bellmaus und Schmock, ging Arthur=Schnitzlers „Fink
1839 2365 2896 2412 Ruhmes)! Je nun, der Zufall spielt wunderlich, und wenn
766 2369 1583 2414 und Fliederbusch“ über die Bretter.
1838 2403 2897 2447 so manche gemeinsame Linien sich durch die Journalistenstücke
856 2401 1820 2461 Nun soll hier nicht die Bedeutung von Schnitzlers
1840 2426 2888 2486 eines Jahrhunderts hindurchziehen, ohne daß doch unmittel¬
767 2441 1826 2505 Journalistenstück für das Lebenswerk des Dichters und für
1841 2479 2887 2529 bare Beziehungen zwischen ihnen beständen (abgesehen davon,
780 2489 1817 2535 die deutsche Bühne irgendwie näher erörtert werden, ich
1841 2516 2896 2570 daß Freytags Stück Schnitzter natürlich nicht unbekannt sein
781 2526 1829 2570 will keinen Vergleich seiner Vorzüge oder Mängel mit
1839 2557 2880 2607 wird), so ist wohl der mystische Glaube nicht unzulässig,
771 2560 1827 2606 Freytags Lustspiel versuchen (es ist das übrigens von
1844 2601 2890 2643 daß Schütze in einer besonders- geweihten Stunde den
773 2594 1818 2655 A. von Weilen schon geschehen und kann im LE XX, 402 f.
1838 2634 2897 2686 Fliederbusch zum Taufpaten erwählt hat und nun der
774 2639 1829 2684 leicht nachgelesen werden), wie es mit alledem auch stehen
1846 2675 2891 2734 Musenführer Apollo nicht zulassen will, daß der Name
771 2684 1819 2738 mag, die Gabe Schnitzlers, also einer der bestimmenden
1841 2711 2893 2764 schwindet. Das Prophezeien haben wir uns zwar alle
775 2721 1820 2767 Gestalten unserer neueren Dichtung, darf beanspruchen,
1838 2750 2894 2803 abgewöhnt, und dennoch: wenn Chidher, der ewig junge, sich
783 2765 1828 2811 als ein für Schätzung und Beurteilung mindestens gewisser
1837 2797 2898 2859 für Journalistenstücke interessierte und nach abermals fünfzig
772 2804 1831 2857 Seiten des heutigen Zeitungslebens und seiner Männer
1835 2829 2892 2878 oder sechzig Jahren das nächste der Reihe musterte: wer
780 2837 1819 2890 wichtiges Zeugnis zu gelten, und auf jeden Fall wird
1840 2871 2897 2930 weiß, ob er da nicht den alten Schütze immer noch lebendig
783 2882 1831 2935 Schnitzler so gut wie Freytag das Gefühl gehabt haben,
1843 2915 2893 2965 fände und mit ihm das Kind seiner Laune — den un¬
777 2914 1769 2962 ein durch und durch modernes Werk geschaffen zu haben.
1850 2949 2285 3016 sterblichen Fliederbusch.
866 2953 1824 3012 Salomon Herzels Bücherlust ermöglicht es trotzdem,
779 2988 1824 3039 Schnitzler dieselbe heitere Überraschung zu bereiten wie
778 3033 1828 3090 seinem Vorgänger. Bekanntlich handelt es sich bei Schnitzler
780 3079 1830 3124 darum, daß der junge Journalist Fliederbusch unter dem
781 3109 1834 3169 Namen Fink in einer aristokratischen Kreisen nahestehenden
1953 3080 2794 3184 Zeitgeschichtliche Anmerkungen
784 3166 1834 3203 Zeitung das Hohelied des Adels und der konservatwen
2315 3170 2409 3239 VII
772 3201 1829 3244 Weltanschauung singt, während er im demokratischen Blatt
768 3239 1821 3288 den bittersten Hohn über den Snob ergießt, der sich im
2019 3234 2707 3322 Gutachten zum Schillerpreis
773 3277 1832 3321 Glanze der vornehmen Leute sonnt und einer Sache
780 3315 1826 3362 dient, die ihm innerlich fremd sein muß. Es liegt natür¬
2071 3303 2662 3393 Von Heinrich von Treitschke
776 3348 1826 3396 lich nahe, an Schmock zu denken und seinen berühmten Aus¬
1972 3381 2883 3440 rch die freundliche Vermittlung eines unserer Mit¬
779 3392 1825 3450 spruch: „Ich kann schreiben rechts, ich kann schreiben links“;
776 3428 1819 3474 aber sehr niedlich ist es doch vor allem, daß in Schützes
1831 3416 2889 3483 D arbeiter sind wir in der Lage, das folgende, bisher
782 3474 1828 3524 Lustspiel der eine Journalist ausgerechnet — Fliederbusch
1953 3469 2878 3522 unveröffentlichte Gutachten, das Heinrich von
1843 3513 2884 3566 Treitschke auf eine Aufforderung hin dem Preußischen
777 3509 1830 3560 heißt. Sehr hübsch ist es ferner, daß die Stadt, in der
782 3550 1823 3596 die schützeschen „Journalisten“ spielen, in heller Aufregung
1841 3546 2884 3601 Kultusministerium erstattete, bekannt zu geben. Es darf
1842 3589 2888 3645 nicht nur ein zeitgeschichtliches Interesse beanspruchen, es
775 3596 1823 3640 lebt über den wilden Streit, der zwischen ihren beiden
1157 3631 1827 3677 zu Urgroßvaters Zeiten hießen sie
1840 3629 2883 3679 wird auch, und in hohem Maße, für die bevorstehende
780 3628 1072 3680 Blättlein tobt
787 3670 2564 3729 „Der Strickbeutel“ und „Der Haarbeutel“ — daß man Reorganisation der Stiftung bedeutsam:
731 3780 1523 3976 Arc aler.
