3344 4320
1717 192 2175 291 box 33/4
247 199 1564 310 27. Einkund Fliederbusch
1281 569 2287 616 Hans Teßmer, Der Redakteur in der modernen Literatur
2703 555 2795 624 76
727 685 1758 749 weniger frisierten Zustände in der maßgebenden Groß¬
1793 685 2830 753 erscheint. Der Redakteur jener Presse hatte nicht
727 749 1776 810 stadtpresse. — Einen ausgezeichneten Einblick in den
1788 750 2828 817 entfernt die ernsten Aufgaben seines heutigen Kol¬
721 796 1761 852 Betrieb der modernen Zeitung und in die Psyche des
1787 800 2834 850 legen. Die Zeitungen waren nicht so sehr politisch
722 851 1762 906 ernsten großzügigen Nedakteurs gewährt Hermann
1789 850 2824 892 im Sinne der Staats= als vielmehr der Gesellschafts¬
719 905 1771 960 Kessers Roman „Die Stunde des Martin
1785 906 2834 954 politik. Und in dem schmucklosen Konversationszimmer
723 954 1755 1008 Jochner“. Die komprimierte Tätigkeit des gleich¬
1789 946 2823 995 im obersten Stock einer der maßgebenden Nedaktionen
715 1003 1763 1050 zeitigen Aufsaugens und Vonsichgebens im redaktio¬
1787 998 2827 1053 saßen die fünf, sechs Redakteure bei Likör und Zi¬
726 1052 1761 1098 nellen Tagesbetrieb wird an Jochners Ringen mit den
1781 1049 2831 1106 garren nicht nur, um eine Schauspielerin durch ver¬
726 1095 1762 1151 überwältigenden Stoffen, die kurz vor dem Kriege
1783 1093 2835 1148 abredete und teuer bezahlte Artikel zu lancieren,
724 1151 1768 1198 Hirne und Herzen füllten, in seiner kleinen Zelle
1788 1145 2828 1198 sondern da. oben wurden auch die Geschicke von
720 1187 1767 1252 ausführlich erläutert. Und Jochner wird als das
1792 1189 2834 1242 Ministern, hervorragenden Damen der Gesellschaft,
725 1238 1762 1296 Ideal des politischen Redakteurs aufgestellt, der nicht
1782 1241 2829 1283 von Lebegreisen und Buchhändlern, von Mätressen
722 1288 1773 1349 zwischen den Angeln schwebt, sondern ordnend in das
1781 1289 2831 1351 des Hofes und der Künstlerschaft entschieden. Polemik
724 1337 1764 1400 Getriebe eingreift und Richtung gibt. „Er lief ab.
1788 1341 2823 1390 war der wesentliche Bestandteil dieser Zeitungen,
723 1385 1775 1444 Eine unbeirrbar rotierende Denkmaschine.“ Breit
1779 1385 2827 1445 die abends um acht Uhr noch keinen Stoff für das
717 1448 1756 1496 und ausführlich bis ins einzelne gibt Knnt Ham¬
1787 1436 2828 1480 Morgenblatt hatten, und deren Nedakteure und Mit¬
719 1487 1767 1538 sun im „Nedakteur Lynge“ eine ungemein
1782 1480 2814 1542 arbeiter in wenigen Minuten oberflächlicher Plau¬
724 1531 1775 1595 plastische Charakterstudie vom Aufstieg eines genialen
1779 1527 2836 1599 derei den Inhalt der nächsten Ausgabe festsetzten.
725 1581 1760 1638 Nedakteurs, von seiner Machtfülle auf der Höhe,
1790 1581 2832 1643 Die Hauptsache war ihnen der Erfolg im Salon
720 1631 1756 1683 von seinem jähen Sturz nach einem von den Ereig¬
1792 1625 2832 1693 und auf den Boulevards; danach richtete sich jede
1782 1682 2820 1726 Polemik. Aber nicht einmal diese Polemik war ehr¬
724 1686 1768 1741 nissen des Tages und den Spaltungen in den Parteien
722 1726 1758 1793 mehr als aus persönlichem Versagen geborenen jour¬
1789 1728 2827 1782 lich, sondern sie wurde nach rein geschäftlichen Ge¬
727 1777 1766 1832 nalistischen Fehlschlag. Der Tag hebt den Nedakteur
1783 1771 2829 1835 sichtspunkten von den scheinbaren Gegnern verabredet
715 1815 1772 1883 in den Sattel; der Tag verschlingt aber auch wieder
1777 1821 2829 1892 und geführt. „Wir schrecken vor nichts zurück,“ sagt
727 1875 1774 1926 Roß und Reiter. Sein Wirken ist bestimmt von
1793 1876 2832 1932 ein Journalist zu dem jungen Dichter, der aus der
726 1923 1762 1985 tausend Außerlichkeiten, Oberflächlichkeiten, Abhängig¬
1783 1918 2828 1980 Provinz kommt und nach Überwindung mancher
1792 1968 2828 2019 Hindernisse in eine Nedaktion eintritt. Mit aller
730 1978 1770 2032 keiten. Und wie dem Mimen, flicht auch dem Jour¬
720 2025 1760 2090 nalisten die Nachwelt keine Kränze. Weniger pro¬
1786 2023 2835 2081 Liebe zum Detail, die Balzacs Stil kennzeichnet,
724 2076 1769 2131 blematisch als Hamsun faßt Strindberg die
1779 2069 2836 2131 entwirft er ein verwirrend buntes Bild von der pariser
733 2117 1755 2174 Pressefrage gelegentlich auf, so im „Noten Zimmer“.
1783 2110 2835 2176 Presse seiner Zeit, geistvoll ihr Wesen analysierend,
720 2158 1767 2225 Mit haarscharfer Satire wird die Umgestaltung der
1792 2168 2839 2230 sarkastisch die negativen Resultate seiner Forschung
1792 2216 2827 2275 und Beobachtung aneinanderreihend. Dabei ist es
729 2214 1777 2261 liberalen Zeitungsgesellschaft Grauhäubchen“ in ein
732 2276 1762 2317 konservatives Blatt behandelt, werden die Redak¬
1792 2280 2832 2323 ihm nicht wichtig (— und vielleicht, aus den Er¬
731 2313 1768 2363 teure des umgeformten Unternehmens gezeichnet. Be¬
2635 2316 2835 2374 —), den
1791 2322 2636 2380 fahrungen seiner Zeit, auch nicht möglich
729 2364 1769 2419 sonders der neue Chefredakteur gehört nach Strind¬
1782 2367 2840 2420 oder einen Typ des Journalisten und Redakteurs
1788 2412 2833 2462 zu geben, sondern das Ganze des widerlichen „Be¬
724 2412 1766 2472 bergs Schilderung jener Art von Pressevertretern an,
1795 2472 2831 2522 triebs“ als welchen er die Journalistik in ihrer
723 2459 1776 2529 die aus Versehen Journalisten werden, weil sie eben
725 2513 1770 2572 nichts anderes mehr werden können. Die ganze
1792 2494 2835 2572 Anhäufung von niedrigsten Trieben und Handlungen
1785 2559 2843 2620 der sogenannten intellektuellen Welt sieht. — Außerst
735 2559 1765 2622 Inferiorität, die dieser Beruf so leicht haben kann,
723 2606 1764 2673 wird mit beißendem Spott dargestellt, und der Dich¬
1778 2613 2843 2667 zahm nimmt sich neben diesem einzigartigen Koloß
729 2655 1779 2719 ter scheut vor keiner Ofsenherzigkeit zurück, wo es
1790 2656 2830 2718 des balzacschen Kulturbildes der immerhin flott und
732 2719 1774 2768 ihm gilt, die Lügen und Intrigen, die hinter den
1789 2713 2823 2772 fesselnd geschriebene Noman „Die rasende No¬
734 2764 1761 2811 Kulissen dieser Welt der Druckerschwärze so oft regie¬
1793 2754 2823 2801 tationsmaschine“ von Ludwig Winder aus,
734 2812 1763 2867 ren, im Zerrbild des Grotesken zu zeigen. — Eine
1797 2806 2834 2867 dem es lediglich auf die Schilderung eines fast ameri¬
731 2856 1774 2902 spezielle Darstellung des pariser Journalismus um
1797 2860 2836 2913 kanischen, neuen wiener Zeitungsbetriebes mit seinen
1790 2903 2833 2956 dem Laien phantastisch erscheinenden Voraussetzungen
732 2911 1764 2963 1830 findet sich in Balzacs „Verlorenen Il¬
733 2948 1769 3003 lusionen“. Napoleons Maxime: „Wer alles sagen
1799 2955 2280 3013 und Effekten ankommt.
1859 2994 2828 3057 Über unser Thema ließe sich bequem ein Buch,
737 2999 1777 3062 darf, gelangt dazu, alles zu tun“ dient Balzac als
729 3050 1775 3112 Grundlage zu seiner unerreichten, vielfältigen und
1793 3048 2838 3100 von allen möglichen Gesichtspunkten aus, schreiben.
1788 3101 2840 3149 Das tausendunderste zu den tausend, die man in
727 3098 1769 3154 farbigen Psychologie des Journalismus, die ja mit
1789 3152 2836 3209 diesem Falle zu studieren hätte. Doch der Zweck dieser
723 3149 1773 3206 geringen Variationen für die Presse aller Länder
725 3195 1772 3252 gilt. Balzac schildert nicht nur Zustände, er deckt
1801 3203 2834 3255 Zeilen ist nicht statistische Vollzähligkeit, sondern ein
739 3248 1773 3310 die verborgensten Gründe des Wesens der Presse
1797 3241 2837 3290 ungefährer Überblick über die Behandlung des inter¬
1796 3294 2836 3350 essanten Problems in der modernen Literatur. Für
735 3294 1770 3349 auf. Vieles daran ist natürlich zeitlich bedingt. Die
728 3342 1767 3395 Presse kannte damals noch keine Annoncen; anderer¬
1799 3339 2844 3392 Interessenten sei noch auf einige Werke und Autoren
735 3391 1777 3438 seits war sie auf Einnahmequellen angewiesen, die
1793 3397 2835 3451 hingewiesen: Auguste Hauschner („Nudolf und
739 3437 1774 3493 heute eben der Anzeigenteil öffnet; also mußten andere
1796 3440 2824 3495 Camilla“), Karl Strecker („Lebensstudenten"),
738 3495 1766 3549 Mittel und Wege gefunden werden, um Geld herein¬
1796 3486 2820 3541 Hanns von Zobeltitz („Das Nedaktionskind“),
1793 3536 2841 3587 Manuel Schnitzer („Käthe und ich"), Jean Paul,
732 3540 1776 3600 zubekommen. Daher blühten Korruption, Lüge und
1790 3587 2866 3639 Demhet (.Lettres de mon moulin“). Muraer
738 3586 1775 3651 Intrige in einem Maße, das selbst heute phantastisch
2762 3791 3021 3878 Eugen Lerch,
1984 3822 2044 3885 77
2225 3939 2980 4018 Ibsen („Nosmersholm“), Henrik
1943 3957 2219 4023 („Bohôme“),
1949 4005 2991 4079 Pontoppidau („Haus im Glück“) und sehr viele
1947 4060 2125 4117 andere.
