3392 4256
1886 30 2552 125 reeaneennnenen
1893 108 2899 162 lehnt ab. Er bleibt treuergeben dem Grafen Nieder¬
876 87 1852 216 Theater, Bunst und Titerakur.
1878 140 2904 210 hof, der seine neue Tageszeitung ohne jede An¬
1896 196 2904 264 knüpfung an die „Elegante Welt“ auf sich selbst
1032 211 1733 314 „Fini und Fliederbusch.
1890 250 2901 311 stellen will. Dieszwei Auguren sind sich über ihren
1884 291 2908 356 sittlichen Nihilismus klar und haben sich schon früher
903 301 1841 353 Komödie in drei Akten von Arthur Schuitler¬
1878 336 2904 405 verständnisinnig angelächelt. Graf Niederhof hat
900 332 1865 416 Uraufführung im Deutschen Völkstheater am“
1232 384 1535 455 14. November.
1881 370 2904 436 überhaupt keine Ueberzeugung, und sein junger Ge¬
1897 422 2898 501 sinnungsgenosse hat zwei Ueberzeugungen. Das ist
941 421 1881 506 Arthur Schnitzlers jüngste dramatische Schöpfung,
1896 479 2912 557 die Gleichung in diesem Hexeneinmaleins. Zwei schöne
860 482 1888 542 die dreiaktige Komödie „Fink und Flieder¬
1891 524 2481 585 Seelen haben sich gefunden.
864 528 1898 606 busch“, liegt abseits von jenem Gebiele, auf dem
1977 553 2902 640 Es ist das Vorrecht des Satirikers, bittere
865 576 1891 651 der Dichter heimisch und aus dem er sonst seine
1891 586 2905 689 Wahrheiten lachend zu verkünden. Eine dieser
860 628 1878 686 feinsten und tiefsten Wirkungen schöpft. Kein Hauch
1892 659 2898 726 bitteren Wahrheiten ist die Tatsache, daß der Jour¬
871 673 1887 730 jener Erotik, die ihren Bogen von der spielerischen
1891 709 2912 790 nalistenstand wie alle andern Berufe auch unsaubere
866 715 1884 784 Liebelei bis zu der glühenden Liebe spannt, die über
1885 753 2903 824 Elemente hat. Der anständige Journalist weist jede
863 766 1884 828 Tod und Grauen hinweg dem Lockruf des Lebens
858 800 2897 854 folgt. Es ist ein liebeleeres, aber auch liebloses Gemeinschaft mit diesen Schädlingen entschieden
1890 839 2908 911 zurück. Schnitzler weiß das. Er stellr aber gleichwohl
866 843 1882 914 Journalistenstück, das als Satire angesprochen werden
1894 895 2897 942 Feilheit des Gewissens, Charakterlosigkeit und Wort¬
856 909 1889 963 will. Ein Journalistenstück  da taucht unwillkürlich
1880 941 2891 997 schaumschlägerei als den Brennpunkt des Journalis¬
853 944 1872 1014 die klassische Figur des Schmock auf. Armer Schmock!
1883 980 2909 1050 mus, als Qualitäten hin, die beim Journalisten am
856 988 1874 1073 Man lacht über ihn. Aber dieses Lachen hat keinen
1881 1026 2907 1101 höchsten gewertet werden. Ist das Wahrheit, jene
863 1038 1874 1108 herben Klang, es schwingt ja darin auch ein klein
1884 1076 2903 1148 Wahrheit, über die der Satiriker seine Geißel
859 1076 1876 1160 wenig Mitgefühl mit dem geduckten, gutmütigen
1880 1128 2904 1174 sausen lassen darf? Nein — Fink=Fliederbusch ist
864 1126 1874 1206 Reporter, der seine Metiergeheimnisse, zu denen auch
1877 1166 2906 1237 ein talentvoller Klopffechter, aber kein typischer
860 1164 1873 1251 seine Gabe, nach rechts und nach links zu schreiben, ge¬
1883 1213 2904 1272 Vertreter des Journalismus, kein Symbol, darin
848 1236 1871 1292 hört, so harmlos wehmütig ausplandert. Diese Gabe.
1874 1262 2547 1325 sich dessen Wesenheit spiegelt.
2535 1265 2896 1335 Nicht minder
859 1258 1873 1333 besitzt auch Fliederbusch, die Vordergrundsgestalt der
1884 1313 2892 1362 gewichtig als dieser Einwand sind die rein
854 1315 1872 1391 Schnitzlerschen Komödie. Aber er ist dabei doch aus
1889 1339 2890 1421 künstlerischen Bedenken, die dieses Journalisten¬
850 1354 1876 1442 einem ganz andern Holz geschnitzt. Er hat Geist und
1887 1403 2892 1480 stück weckt. Schnitzler verfügt nicht über den
854 1408 1873 1484 journalistisches Temperament, steht indes als be¬
1882 1445 2895 1520 großen jnvenalischen Zug jener Satire, die aus der
854 1460 1878 1517 scheidener externer Mitarbeiter der demokratischen
1868 1496 2899 1552 Empörung aufschäumt. Er ist niemals entrüstet.
855 1498 1854 1576 „Gegenwart“ — er ist Parlamentsberichterstatter —
1873 1546 2892 1609 „Wir spielen immer, wer es weiß, ist klug“ — dieses
845 1555 1872 1629 im Schatten. Er sucht sich bemerklich zu machen und
1877 1598 2900 1657 Sprüchlein seines Paracelsus ist ja auch sein eigenes
854 1589 1873 1667 würzt dann und wann seine Berichte durch polemische
1873 1635 2899 1683 künstlerisches Leitmotiv. Er hat denn auch nicht jene
844 1645 1865 1715 Spitzen gegen Minister — sie werden ihm gestrichen.
1877 1680 2896 1746 Wärme, die Gerhart Hauptmann in seiner satirischen
850 1684 1872 1766 Es droht ihm deshalb sogar die Kündigung. Ein
1873 1729 2894 1796 Komödie „Der Biberpelz“ ausstrahlt. Aber selbst
851 1730 1869 1815 parlamentarisches Ereignis, das er rasch ausnützt,
1878 1776 2890 1852 seine sonst so eindringliche Gestaltungskraft und seine
843 1785 1870 1852 rettet ihn — es wird sogar das Schwungbrett zu
1869 1826 2891 1888 dramatischen Vorzüge vermißt man in seinem
845 1829 1868 1902 seinem jähen, glänzenden Aufstieg. Bei einem Streik
1876 1868 2902 1948 jüngsten Werke, wo ihm fast bei jedem Schritt der
841 1871 1855 1958 list Blut geflossen: einige Arbeiter und ein Knabe sind
1864 1919 2674 1979 reale Boden unter den Füßen entgleitet.
838 1928 1867 2001 erschossen worden. In der Parlainentsdehatte über
1954 1950 2900 2035 Fliederbusch ist eine Marionette. Nirgends in
838 1966 1874 2070 diesen Vorfall hat der Abgeordnete Graf Niederhof,
1864 2014 2893 2076 dieser Gestalt ein Funke echten, inneren Lebens. Aber
837 2020 1868 2095 ein Kavalier, der die Politik als Sport betreibt, er¬
1872 2059 2901 2128 er besitzt auch nicht jenen geistigen Schwung, jenen
846 2065 1863 2144 Märt, daß das Prinzip der staatlichen Autorität höher
1866 2106 2890 2170 genialen Zug einer großen Ganklernatur, der mit¬
845 2115 1861 2190 stehe als das Leben einzelner. Daraufhin in dem
1872 2150 2891 2215 reißend wirkt. Der kleine Witz seiner Doppelrolle ist
839 2160 1863 2223 Wochenblatt „Die elegante Welt“ ein den Grafen und
1862 2193 2092 2257 bald ausge
2083 2205 2892 2260 #oft und verpufft. Feiner gezeichnet ist
845 2209 2095 2307 seine reaktionären Anschauungen verherrlichender, mit Graf Nie¬
2155 2253 2896 2323 Aber auch dieser schillernde Sophist
831 2267 1868 2331 dem Namen Fink unterzeichneter Artikel. Fliederbusch
1868 2299 2889 2360 redet ins Leere. Seinem glitzernden Steptizismus ist
834 2293 1851 2377 schreibt eine flammende Entgegnung mit ironischen
1855 2337 2884 2404 kein einziges Motiv geboten, an dem er sich drama¬
832 2343 1849 2430 Sticheleien gegen den Grafen und sprühend vor Ent¬
1863 2387 2877 2450 tisch auswirken und beglaubigen könnte. Die Re¬
841 2388 1845 2469 rüstung gegen Herrn Fink, den er als albernen,
1855 2425 2878 2484 dakteurtypen der „Gegenwart“, leicht umrissen und
827 2434 1859 2516 würdelosen Snob brandmarkt. Diesen Aufsatz spielt
1864 2479 2887 2525 von humoristischen Lichtern umflimmert, bleiben in
831 2477 1855 2565 er dem Chefredakteur Leuchter in die Hand, der in
1852 2521 2884 2593 der Anlage stecken und huschen dann nur als Bringer:
836 2528 1855 2598 seinem Blatte sonst Gegensätze ausgleicht, mitunter
1854 2572 2872 2634 von Stichworten vorüber. Was sonst noch auf der
826 2562 1853 2656 aber auch betont. Diesmal hält er es für angezeigt,
1865 2617 2888 2681 Bühne herumgeistert, ist Staffage. Es ist für diese
833 2615 1860 2703 sie zu betonen. Er veröffentlicht den Artikel. Dem streb¬
1859 2664 2883 2752 Satice bezeichnend, daß den echten Erfolg des
836 2682 1853 2757 samen jungen Journalisten, dessen Talent in diesem
1858 2714 2871 2786 Abends der Reporter Kajetan errang, eine
825 2718 1852 2807 Aufsatz voll aufsprüht, winkt die Aussicht auf ein
1845 2768 2873 2840 ergötzliche Karikatur. Dem Publikum hat das
836 2761 1653 2839 festes Engagement bei der „Gegenwart“.
1842 2805 2878 2876 Stück dem äußeren Anschein nach sehr behagt.
929 2807 1854 2883 Das sind die Umrisse des ersten Aktes. Der
1848 2861 2876 2909 Nach allen Akten überaus lebhafter Beifall. Schnitzler
824 2823 1851 2941 zweite Akt führt die Redaktion des Wochenblattes „Die
1852 2901 2875 2981 wurde oft gerufen. — Den Fink=Fliederbusch
828 2908 1845 2985 elegante Welt“ vor, das vorwiegend Sport, Mode und
1850 2958 2871 3020 gab Herr Edthofer in einem milden Lustspielion.
828 2945 1837 3026 gesellschaftliches Leben pflegt, und einen gewählten
1853 2999 2869 3070 Aber nicht er als Zentralgestalt, sondern Herr
826 3002 1844 3077 aristokratischen Leserkreis hat. Die „Elegante Welt“
1841 3045 2861 3106 [Forest als Kajetan brachte Leben, Bewegung und
818 3036 1855 3143 hat eine ziemlich dunkle Vergangenheit hinter sich, sie
1836 3070 2869 3158 Heiterkeit in die Satire. Sein Reporter war bei aller
831 3097 1839 3170 zählt unter ihren Mitarbeitern einen deklassierten
1848 3125 2873 3206 Disktretion in den Mitteln von einer erfrischenden,
820 3135 1836 3223 Baron, dessen Vergangenheit noch viel dunkler ist.
1849 3172 2875 3235 köstlichen Komik beseelt. Herr Kramer-wan#als.
826 3186 1834 3252 Dieses Wochenblatt will Graf Niederhof in eine kon¬
1843 3215 2877 3282 Graf Niederhof von vornehmer geistiger Ueberlegen¬
826 3224 1837 3308 servativ=klerikale, lebhafte, draufgängerische, weltliche
1842 3268 2865 3332 heit. Die andern Nebenrollen waren durch Herrn
825 3288 1842 3358 und fromme Tageszeitung umwandeln. Herr Fink, der
1851 3299 2872 3358 Götz als Chefredakteur Leuchter sowie durch die
825 3335 1841 3399 das Preislied auf den Grasen gesungen, ist dazu aus¬
1842 3354 2860 3406 Herren Thaller, Kutschera, Klitsch, Homma,
822 3380 1838 3450 ersehen, in dieser Tageszeitung eine leitende Rolle zu
1845 3400 2853 3446 Millmann, Fürth und Aslan vertreten. Fräu¬
817 3422 1833 3501 spielen. Wer ist Fink? Derselbe Fliederbusch, der in
1834 3444 2863 3502 lein Waldow konnte der Fürstin Wendelin, die in
821 3467 1844 3538 der „Gegenwart“ mit dem dröhnenden Brustton der
1833 3480 2846 3537 dem Gefüge des Stückes auch nur ein schattenhaftes
822 3503 2851 3591 Ueberzeugung den Artikel gegen die Hymne auf den Dasein führt, zwar kein Leben einhauchen, bekundete
817 3574 1825 3631 Grafen Niederhof geschrieben. Er arbeitet bereits seit
1840 3580 2859 3653 aber immerhin in dieser undankbaren Rolle ihre feine
821 3605 1835 3677 einigen Monaten in der Redaktion der „Eleganten
1830 3623 2216 3695 Pointierungskunst.
811 3665 1850 3727 Welt“, wo man ihn nur untei dem Namen Fink
812 3695 1843 3775 kennt. Der Graf betrau ihn auch mit der ehrenvollen
822 3754 1853 3817 Aufgabe, auf den Angriff in der „Gegenwart“ die
822 3790 1843 3865 Entgegnung zu schreiben, die den Programmartikel
824 3840 1842 3923 der neuen Tageszeitung bilden soll. Vorher aber ist
813 3882 1844 3964 roch ein Ehrenhandel zu bereinigen. Fink muß den
812 3937 1836 4017 Nerfasser des Schmäbartikels in der „Gegenwart“
