3344 4320
1618 190 2161 290 box 33/1
244 194 1575 287 27. Einkund Frjederbusch
120 1020 533 1137 Tagespost
121 1136 780 1274 kraz 108. 1917
189 1338 352 1422 MSdSSschehsden
2018 1405 3090 1490 nalistischen Berufe sich durchsetzende und bewährende
971 1417 2016 1506 gegengesetzter Richtung: in die äußerlich demokratische,
2017 1469 3077 1543 menschliche Persönlichkeit, auf die Kraft der Ideen,
977 1494 2021 1556 tatsächlich aber mit dem jeweils herrschenden System
166 1475 735 1569 Wiener Theaterbrief.
2026 1527 3089 1593 denen der Publizist dient oder dienen soll. Solche Re¬
972 1542 2013 1606 paktierende „Gegenwart“ und in die sich vom sport¬
170 1556 742 1649 Von Dr. Max Pirker.
2024 1570 3045 1661 daktionen wie in dieser Komödie gibt es nirgends —
969 1589 2023 1650 lichen Leibblättchen feudaler Kreise zum führenden
2025 1613 3082 1705 aber es gibt auch keinen Geizigen im Sinne Molières:
969 1640 2019 1703 Blatt der konservativen Partei entwickelnden „Elegante
132 1627 962 1734 eiden repräsentatiben Dromatig# Österreichs
2026 1678 3086 1755 es ist das uralte Vorrecht des satirschen Menschheits¬
971 1694 2027 1758 Weli“. Zwischen diesen Gegensätzen pendelt ein aus
141 1708 969 1762 r letzten Zeit das Wort auf der vornehmsten
2024 1726 3087 1796 lehrers, sich den Stoff, den das Leben bietet, nach
969 1737 2016 1811 den untersten Schichten der Leopoldstadt emporsteigender
131 1757 961 1825 iens gehabt, der aus dem Alpenländischen
2028 1781 3080 1853 Willkür und Wirkung zurechtzurücken. Es gibt da¬
971 1794 2018 1855 Reporter mit der naiven Hemmungslosigkeit des durch
134 1807 961 1877 orgegangene Karl Schönheer im Burg¬
2028 1828 3079 1913 neben genug der dem Tagesleben virtubs nachgezeich¬
969 1847 2023 1913 keinerlei Tradition belasteten menschlichen Raubtieres
142 1853 963 1918 der Dichter der Großstadt, Artur Schnitzler,
2026 1881 3095 1953 neten Figuren: so die Redaktionswanze Kajetan, der
968 1888 2024 1959 in grotesker Weise hin und her, indem er als Flieder¬
135 1899 971 1972 en Volkstheater. Es ist lange her, seit
2030 1927 3093 2014 beflissene „Externe“, dem die Feuilletons, Entrefilets
976 1936 2020 2006 busch demokratische, als Fink konservative Gegenartikel
137 1953 974 2012 mit Hofmannsthal, Bahr, Beer=Hofmann
2029 1982 3080 2052 und Reklamenotizen aus allen Rocktaschen starren, und
972 1998 2022 2065 schreibt und endlich durch den Gang der Ereignisse dazu
134 2008 965 2067 ar seither äus der Literatur verschwundenen
2024 2028 3090 2104 der von Willi Thaller meisterhaft verkörperte de¬
970 2049 2023 2115 gebracht wird, als sein eigener Duellgegner auf dem
136 2055 963 2122 das „junge Wien“ vertrat: von den einstigen
2030 2078 3090 2153 klassierte Adelige, der unter dem sinnbildlichen. Deck¬
969 2097 2026 2163 Kampfplatz zu erscheinen, wo dann die Lösung des
141 2111 974 2178 haben die meisten ziemlich Fett angesetzt,
2034 2118 3094 2212 namen Styx seine einstigen Standesgenossen kompromit¬
971 2146 2019 2203 etwas umständlich geschürzten Knotens erfolgt. Dieser
135 2161 969 2223 Operntexte oder sind katholisch geworden.
2038 2198 2537 2262 tierende Artikel schreibt.
968 2190 2028 2263 saubere Herr Hink=Fliederbusch ist aber nicht etwa
136 2212 973 2282 aber hat sich, würdig alternd und etwas
2095 2204 3088 2306 Die Einzelfiguren beherrschen auch Schönherrs
972 2254 2025 2316 unmöglich gemacht, sondern ist ein wertvolles Objekt
149 2253 965 2322 doch im Strom dier atemloser werdenden,
2028 2277 3097 2362 Drama, dessen erfolgreiche Uranfführung im Burg¬
970 2304 2024 2369 der wackeren Chefredakteure geworden, das wie bei
133 2316 969 2374 essionismus zum Expressionismus vorwärts
2037 2340 3090 2409 theater wir bereits gemeldet haben. In dem Kram¬
974 2339 2028 2417 einer Anktion zu höchsten Preisen emporgesteigert wird,
138 2345 980 2430 literarischen Entwicklung behaupet: das
2037 2389 3090 2467 laden der kinderles alternden Frau Suitner tritt die
972 2396 2025 2461 so daß uns um seine weitere Laufbahn nicht bange
133 2411 970 2472 5“ der Seele ist seine unbestrittene Do¬
2035 2433 3095 2510 ganze Tiroler Dorfgemeinde auf — jeder wirft, zum
972 2452 2035 2513 zu sein braucht. Er interessiert uns auch nicht weiter;
125 2462 968 2521 ich oft — wie jüngst im „Doktor Gräsler“
2025 2496 3097 2558 Teil mit grausamenaiver Unabsichtlichkeit des lieben
973 2505 2029 2567 wichtig ist nur, was der Dichter aus der Fülle seiner
131 2505 974 2584 gt durch die über einen gewissen Problem¬
2031 2539 3094 2600 Mitmenschen, einen Stein gegen die sich tapfer weh¬
985 2546 2035 2612 Weltkenntnis an allgemeinen Betrachtungen in das
126 2570 969 2634 hinausreichende Blichveite. Im Drama aber
2031 2585 3097 2673 rende und endlich still aus dem Leben gehende Frau.
984 2594 2035 2674 Stück einstreut. (Es ist im Grunde die Komödie all¬
135 2618 981 2680 mmer erfreuliche Ansätze zur sozialen und
2026 2641 3083 2706 Der Kampf der alten und der jungen, der frucht¬
980 2653 2037 2719 gemeiner Überzeugungslosigkeit, zu der sich das alte
139 2670 967 2737 Komödie: im „Professor Bernharbi“ und
2031 2699 3097 2765 baren und der ungesegneten Frau ist um so ergreifender,
980 2694 2025 2771 Schlagwort aus Freytags „Journalisten“: Ich schreibe
135 2714 965 2775 her Journalistenkomödie „Fink und Flieder¬
2048 2747 3101 2814 als er, mit ganz inneren Mitteln geführt, sich ganz
974 2751 2040 2827 rechts und schreibe links, analog der Industrialisierung
166 2757 978 2830 im Deutschen Volkstheäter wohl kaum
2030 2802 3096 2879 von selbst, ohne jeden Haß aus der Lage der Dinge
978 2806 2041 2870 und Kapitalisierung des Zeitungswesens welterentwickelt
137 2824 974 2883 einen Achtungserfolg errang. Die Schuld
2032 2851 3098 2919 ergibt. Es ist kein Schuldiger in diesem Drama —
981 2857 2040 2923 hat. Die Szene, in der der weltkundige feudale Politiker
152 2877 979 2935 t neben der politischen Uninteressiertheit des
2032 2887 3107 2978 es ist das alte Schicksalsmotiv, das ehern seines
974 2907 2028 2980 Graf Niederhof dem sauberen Herrn Fink die Relativität
146 2924 967 2995 n „Blausuchs“ und den „Onkel Bernhard“
2034 2943 3097 3015 Amtes waltet. Das rückt „Frau Suitner“ zu den
974 2963 2030 3031 aller Ansichten und seine absolute Gleichgültigkeit gegen¬
140 2972 976 3037 begeisterten Wiener Publikums auch der
2032 2993 3092 3060 früheren Dramen des großen Tirolers; vor allem zu
974 3007 2031 3077 über allen politischen Theorien auseinandersetzt, gehört
123 3017 987 3095 er seine glänzende kulturpolitische Satire
2045 3050 3102 3117 „Erde“ und lenkt über das groblinige Fresko „Voll
980 3057 2031 3130 zu den glänzendsten der moderneren komischen Dichtung.
138 3071 974 3137 in ein nicht einmal neues und allzu breit
2034 3100 3097 3162 in Not“ zu einer neuen, verinnerlichten Epoche in
985 3121 2041 3177 Schnitzler verteilt die Schatten gleichmäßig auf beide
134 3121 980 3185 Schwankmotiv einbettete und so sich selbst
2051 3152 3111 3216 Schönherrs Schaffen, der wir noch viele bedeutende
129 3156 2040 3238 irkung brachte. Wir blicken in das wenig Parrien: er vergißt nur auf das Licht, auf die in
142 3231 2615 3323 Innenseben zweier Tageszeitungen von ent= jedem menschlichen; also auch und gerade im jour=! Werke zu verdanken hoffen.
