3344 4384
1695 221 2158 319 box 33/2
226 218 1564 321 27. Einkund Frjederbuscn
502 1140 979 1222 zeitung, jept den 2..2.
3084 1183 3312 1260 Tre. 2n.
498 1178 2301 1255 Mann, für dessen ruhige Meinung einst das deutsche Volkeunen do Chrengeruhe.
2400 1182 2912 1271 nesch Jube u
503 1247 3322 1285 noch dantbar sein wird. Ein bewußten Katöflik und Süd= Dr. Hösch erklärte in der Verhandlung, er habe sich nur schwer ent= Bäuerin, die mit 5 Ki
503 1280 3318 1336 deutscher kann nicht anders, als Foerster im Kern reiht geben: wir schlossen, den Weg der ##age zu beschreiten, aber seit Jahren sei er Ausenthalteskin einer
1059 1315 1466 1400 K S M
2321 1331 2640 1402 WEEETETEE I SHEE
2987 1388 3323 1445 Dem unförmig an
1703 1381 2935 1447 ein fleißiger Theatergänger, an dem mancheriei Aufgelesenes hängen
752 1388 1471 1488 Seelen=Nihilismus.
2925 1416 3307 1500 seinem Aufgebot von I
1701 1423 2926 1482 geblieben ist. Die alte Scheuerfrau und der alte Herr, die sich in der
2922 1471 3314 1544 Steinrücks mensch
1715 1463 2923 1531 fahlen Morgendämmerung einer Redoute in mystisch=symbolischer
590 1465 1659 1567 Zwei Dramen von Bruno Frank und Artur Schnltzler.
2910 1508 3323 1578 so'wurde s noch mehr
1705 1519 2920 1575 Unterhaltung finden und dann immer wieder an den Wendungen
554 1541 1731 1629 Ein Ungefähr hat zwei neue Dramen, die das gleiche Problem
2912 1549 3315 1622 dem Chf der Gegen
1706 1546 2928 1617 des Dramas sich gespenstisch einstellen, wären ohne Strindberg Bruno
505 1599 2924 1657 weniger darstellen als distutieren, zu gleicher Zeit auf Münchenev! Frank niemals eingesollen. Dramatisch ist das Schauspiel von der
2922 1596 3322 1668 und eitremen Mitarh
506 1645 2922 1699 Bühnen gebracht: ein rechtes Schriftstellerprovlem. In den Art seines Helden; es sehlt ihm die zwingende Besessenheit. Eine
2912 1638 3322 1709 Basil, Schwann
495 1676 2922 1757 Kammerspielen behandelte Bruno Frank einen Fall von Gefühlskalte, sphysikalische Erklärung ist ja der horror vacui, der Abscheu
2925 1685 3321 1752 Doppelvesen Fink und
499 1718 2922 1774 im Residenstheater erschien Sänißlers Fink und Flieder= vor dem leeren Raum, längst nicht mehr, aber es ist ein gültiges
2922 1730 3324 1797 grapherlinse nicht still
502 1778 2918 1852 busch, die Komödie der zersetzten Intelligenz, der Gesinnungs, undsdramatisches Gesetz. Das Theater duldet keine leeren Stellen;
2920 1779 3316 1839 Graimanns gräfl
494 1806 2697 1876 Ueberzeugungslosigkeit. Beiden Werten sind auch die Feinheiten im Bruno Frank vermag Zeit und Raum nicht zu füllen.
2903 1816 3331 1875 preußischen Herrenhaus
502 1864 1738 1924 einzelnen, der nachdenkliche, gebildete und geschliffene Dialog und die
2910 1841 3324 1931 schnitzierisch als suder
1772 1850 2927 1927 Falkenberg hat das Franksche Schauspiel mit behutsamer
497 1900 1722 1962 dramatische Willtür und Zufälligkeit=gemeinsam. Für Frank wird
1719 1895 3312 1965 Hand, in einem Zwieliche biller und doppelsinniger Vorgänge, ge= (überflissigen) Frau d
499 1952 1728 2016 das Probiem tragisch, Schnitzler fügt weltmännisch lächelnd eine,
1712 1957 2920 2013 leitet. Man spürte überall den Einfluß einer geschmacksicheren Regie;
497 1990 1715 2057 fast ins Possenhafte gleitende Komödie der bejahten Skepfis, der (nach
1715 2003 2930 2070 z. V. in der zarten Würde, mi der Hany Speidel die Mutter
488 2040 1329 2099 Kauts Ausdruck) „nicht ernstlichen Meinung“.
1702 2046 2931 2108 begabte. Kalsers Wesen, scheint mir, ist nicht für den Fremden
562 2060 1715 2128 Ein europäischer Monarch, der sein ganzes Leben von Kata¬
1707 2078 2939 2146 geeignet; der gefühllos gütige, kalt zärtliche Eroberer und Höhen¬
3183 2065 3326 2163 Eb4
502 2121 2929 2191 stlophe zu Katastrophe getrieben w#urde, dessen Regierungszeit mit mensch ist von anderer Rasse. Die persönlich schauspielerische Leistung
2991 2138 3327 2224 Tteater am Gä
501 2164 1720 2226 der Revolution begann und mit dem Krieg endigte, der in seiner
1717 2168 2925 2228 darf deshalb um so weniger verkannt werden. Emilie Herd¬
495 2205 1714 2272 Famitie alles erdenkliche grausigste Unheil erfuhr, wurde gleichwohl
2918 2196 3282 2270 steinerne Gast). Os
1718 2214 2929 2280 mengers Frauengestalten brennen in beseelte dunkler Glut. Der
488 2244 1721 2313 in Güte und Gelassenheit uralt; die Welt bewunderte seine be¬
2914 2247 3310 2328 thal. Mustk von
1705 2259 2930 2312 Anne=Marie Seidel schwindsüchtige Kordula ist ganz verschwen¬
487 2277 1720 2358 herrschte Weisheit. Nach seinem Tode aber erörterte ein Schweizer
2989 2296 3326 2357 Der Einfall, au
1707 2306 2929 2370 denhe Liebe. Venekendorffs alter Herr und Hans Karl
495 2335 1720 2400 Psychiater diese Erscheinung als — pathologischen Fall von Gefühls¬
1710 2349 2918 2409 Müllers korrekter Syndikus waren von einprägsamer Geschlossenheit.
2923 2324 3329 2400 glücklicherweise rasch
502 2379 1727 2426 schwachsinn. Der grandiose Stoff einer höhnend entlarvenden Ko¬
1778 2389 2930 2452 Schnitzlers Presse=Komödie ist offenbar vor dem
2923 2389 3323 2446 direktor bewahrt in
486 2423 1712 2485 mödie des Entsetzens! Bruno Frank entickelt das Provlem in der
1708 2423 3322 2493 Krieg entstanden und durch den Krieg grimmig widerlegt worden. lionär eine kostbare
492 2469 1714 2524 Enge familiärer Alltäglichkeit. Sein Rudolf — der Fremde — ist ein
1709 2476 3316 2535 Dieser demotratische Fiederbusch, der als feudaler Fink gegen sich seinem Entsetzen wir
484 2505 1713 2565 Menschenbezwinger, dem die Frauenherzen zufliegen. Er hat das
2916 2518 3309 2580 ihn, der ihre Anwe
1718 2512 2919 2572 selbst polemisiert und sich schließlich in eigener Person zum Duell
488 2549 1721 2620 Verständnis für alles Menschliche, beglückt und bezaubert, vollbringt
2910 2549 3292 2621 (er erkärt sie als
1704 2550 2933 2617 herausfordern muß, wirkt heute ebenso seicht harmlos, wie die vielen
499 2599 1718 2663 Werke des Mitleids und der Aufspferung Er gibt sich ganz einem
1711 2607 3307 2656 witzigen Spöttereien über politische Gesinnungstüchtigkeit und die als Statue vor ihre
492 2644 1721 2693 jungen Mädchen hin, nachdem er erfahren, daß sie von der Schwind¬
1715 2648 3308 2702 weltmännischen Sophismen über die Berechtigung jeder Meinung lichsten Situationen,
496 2684 1721 2748 sucht für nahen Tod gezeichnet ist. Aber — das beichtet er Nr
1715 2686 3318 2756 und das Recht, ohne Ueberzeugung eine Sache zu vertreten und zu Irrenhaus oder Ge
488 2723 2921 2787 Schwester der beseeligt Gestorbenen, als sie ihn um Liebe aufleht —lbekämpfen. Diese flott stizzierten Journalistentyven mögen früher
2906 2727 3312 2797 der Aermste aus seit
487 2769 2924 2829 alles war Lüge: er liebte nicht, er kann nicht lieben, er fühlt für belustigt haben. Heute wissen wir, daß die Geschäftspresse gar nicht
2907 2782 3331 2849 puppt sich die ganze
494 2811 3327 2873 leinen Menschen. Die bekannte, oft behandelte Künitlerpsychose, die durch die zufälligen Menschen, die sie machen, interessiert, sondern alten Einfall ist, daß
495 2863 1721 2919 jedes innere Erleben zersetzt, weil es sofort Motiv künstlerischer Be¬
1703 2860 3317 2923 als furchtbare unpersönliche Macht die Welt verwüstet, ein apokalyp= Charakter verzichtet¬
493 2909 3319 2968 arbeitung &. 1o, in einer verallgemeinernden Variation! Nach Schniß=tisches Ungeheuer, dem nur die fanatische Leidenschaft und die geistig= aus); das Schwache,
485 2951 3311 3000 lers Begriffsscheidung treidt Rudolf das Leben als Sport, #a es ihm moralische Ueberlegenheit eines Karl Kraus gewachsen ist. Das ist Kraft und Tollheit
494 2982 1713 3064 nicht Manie, fixe Idee sein kann. Sportsleute oder Narren — ein
1701 2995 3322 3061 ein eingefrorenes Gelächter, das zur Unzeit aufgetaut ist, diese müde gar keinen natürliche
487 3036 1194 3090 Drittes gibt es nicht (nach Schnitzler).
1696 3032 3331 3105 Schnitzlerische Dialektik der Stepsis; das sind verblaßte Bilder aus bißchen Kultur=Sati#
563 3071 3298 3124 Wo Frank aus eigenem Beobachten und Empfinden schöpft, ge=einer behaglichen Biedermeierzeit, in der man sich an dem schrecklich blutigen Oskar —
492 3112 2898 3200 taten ihm lyrische Stimmungen und gute Worte. Aber er ist auch vorurteilslosen Seelen=Nihilismus eitel triumphierend belustigte
2930 3123 3337 3200 — Die Musik von
1879 3193 2636 3349 Ka
2305 3317 2809 3510 T
