3344 4320
1695 170 2144 275 box 33/1
232 170 1543 276 27. Einkund Fliederbusch
716 363 1250 447 (Qusllesongabe chne Gewanl
496 410 1467 516 Ausschnitt aus: Die Wage, Wien
762 493 1010 575 AA MN 211
506 523 694 590 vom:
1166 491 1449 642 21
367 644 911 738 Oskar Maurus Jontana.
373 718 1265 819 Schnitzlers Journalistenkomödie.
509 808 1786 880 „Die verschmützten Dinge einer entgötterten Zeit werden in
381 860 1786 934 die Hand genommen, melancholisch angeschaut, aber auch fallen
376 899 1780 957 gelassen.“ So schrieb ich über die „Komödie der Worte" und
391 943 1792 1022 meinte damit den ganzen Schnitzler. Auch in seiner vom Deutschen
381 1011 1791 1070 Volkstheater gespielten Journalistenkomödie „Fink und Flieder¬
383 1058 1797 1112 busch“ tut er nicht anders, er nimmt den Journalismus in die
379 1096 1789 1168 Hand, schaut ihn melancholisch an und läßt ihn schließlich fallen,
378 1148 1780 1215 weil ihm der Mut zur Entscheidung fehlt und hinter seiner schein¬
391 1198 1800 1266 baren Lebenssicherheit, die sich skeptisch drapiert, ein zages und
393 1256 1057 1329 sehr bängliches Gefühl lauert.
502 1304 1800 1362 Der liberale Journalist Fliederbusch ist auch der konservative
382 1348 1789 1413 Journalist Fink und weiß schließlich selber nicht, wer er ist, weil
391 1389 1786 1458 er als echter Journalist (meint Schnitzler) nichts ist als die
1948 1356 2643 1480 Täsliche Rundschau, Berr
384 1459 1785 1507 Wetterfahne auf dem Dach der Zeit, die jeder Wind drehen kann,
2027 1421 3006 1566 Hus dem Kunstlebene##
378 1488 1798 1546 nach rechts, nach links, immer sofort. Dieser Widerstreit im
384 1541 1781 1602 Journalisten wird nach Schnitzler=Art durch ein Duell (das wie¬
1918 1546 3049 1606 Arthur Schnitlers „Fink und Fliederbusch“ Aus Wien
1841 1593 3053 1654 wild uns geschrreben Arrhur Schnitzler hat Gustao Freytag
382 1601 1799 1653 vielte Duell ist es schon, das Schnitzler da auskämpft?), Aristo¬
1846 1644 3056 1704 eine späte Ehrung erwiesen; er hat mit seinem Lustspiel „Fink
395 1647 1789 1701 kraten, Wettrennen, Komtessen, kurz durch die elegante Welt ge¬
1857 1687 3048 1740 und Fliederbusch“, das man im Deutschen Volks¬
398 1689 1802 1758 löst und ein gräflicher Politiker äußert in seiner Mundart: „Wir
1849 1722 3040 1784 theater sah, dem feligen Freytag den Ruhm überlassen, nach
393 1735 1791 1802 spielen alle, wer es weiß, ist klug“ und spricht damit den Journa¬
1851 1762 3048 1831 wie vor das beste Journalistenstück geschrieben zu haben. Dieser
388 1803 651 1868 listen frei.
1855 1804 3057 1872 neueste Schnitzler blieb, mochte auch eine unentwegte Gemeinde
532 1807 1803 1906 Diese Lösung ist natürlich nichts als ein Notausgang in
1857 1858 3054 1919 ihren Meister wider besseres Gewissen schrankenlos feiern, eine
393 1886 1800 1954 den Relativismus, als die Wald= und Wiesenweisheit eines
1848 1900 3052 1956 arge Enttäuschung. Ein Thema, das nach dem Narrenkoftüm
1850 1954 3056 2000 der Groteske schreit, ist in den hochsommerlichen Tennisanzug der
375 1957 1774 2030 Skeptikers (der außerdem diesmal — rein als Sheaterkritiker ge¬
1852 1996 3045 2045 Posse gesteckt. Der Fluß der Handlung ist mit großartigem Tief¬
381 2029 1768 2097 sprochen — ein schwaches, ungeschicktes Stück geschrieben hat).
1869 2034 3053 2089 sinn beschwert. Jede der witzigen und frechen Wendungen des
1860 2082 3056 2133 Dialogs hat eine psychologische Fermate aufgesetzt. Man wird
374 2085 1779 2138 Der Journalismus aber ist damit weder, wie Schnitzler zuerst
1859 2119 3057 2181 bei dieser unlebendigen Nachdenklichkeit nirgendwo recht froh.
368 2140 1775 2186 gerne möchte, tötlich getroffen noch auch nur verwundet, das
1860 2165 3058 2224 Ein Journalist schreibt mit zwei Federn nach rechts und nach
372 2195 1775 2235 ganze bleibt ein Lufthieb, nach dem Schnitzler seine Komödien¬
1860 2219 3049 2265 links, er bekämpft, beschimpft sich selbst und muß sich schließlich
363 2225 1772 2283 klinge mit dem Lächeln des Anatol, das Wissen markieren soll,
1865 2237 3061 2312 selber fordern. Er kommt auch zum vereinbarten Duell, zwanzig
376 2281 567 2344 versorgt.
1872 2300 3057 2356 Schritt Distanz. Aber er kommt zu spät. Das Stück ist bis
491 2315 1774 2373 Nein, es fragt sich überhaupt, ob ein solches Lebensgefühl
1883 2342 3059 2394 ahin bereits so verfahren, daß auch diese entzückend freche Situa¬
369 2383 1774 2435 den Journalisten angreifen darf. Beide sind relativistisch, beide
1871 2389 3053 2442 tion nicht mehr gerettet werden kann. Fink=Fliederbusch, der
377 2419 1778 2478 lächeln augurenhaft über das Spiel der Masken und beide machen
1870 2429 3058 2483 als „Held und Gefallener“ vom Kampfplatz geht, ist bereits vor¬
1855 2460 3063 2529 her als ein Opfee Schnitzlerscher Bedeutsamkeit auf dem Felde der
377 2468 1786 2521 es dennoch mit. Die Schnitzlersche Satire bleibt darum klein im
1874 2517 3058 2574 iterarischen Manier gefallen. Tristan Bernard hat — Schnitz¬
376 2536 1782 2584 Format und mehr eine Hechelei unter guten Bekannten, die sich
1862 2565 3054 2622 lers Gleichzeitigkeit des Einfalls ist erwiesen — dasselbe Stück
376 2569 1783 2640 gegenseitig kleine Bosheiten erlauben dürfen. Mehr ist Schnitzlers
1868 2588 3059 2656 als harmlosen Schwank geschrieben. Der Wiener Dichter fühlte
371 2612 1778 2681 Journalistenkomödie nicht. An den tötenden, weißglühenden,
1875 2649 3053 2705 ich zur Philosophie verpflichtet. Sie hat den Einfall erschlagen.
374 2655 1790 2732 heiligen Haß, der Karl Kraus schöpferisch macht, darf man nicht
1868 2700 3056 2764 Das Stück, ohne Leidenschaft geschrieben, zog ohne Leidenschaft
370 2715 944 2788 einen Augenblick denken.
1871 2736 2027 2801 vorüber.
496 2759 1776 2819 In der Aufführung des Deutschen Volkstheaters gab Herr
375 2810 1779 2864 Edthofer — wiederum falsch verwendet — den Journalisten, viel
1923 2804 3060 2882 Wie uns aus Frankfurt u. M. geschrieben wird, fand !
374 2856 1775 2928 zu sympathisch und jungenhaft. So herzig hat ihn selbst der
1864 2853 3108 2939 die Aufführung der Schnitzler=Komödie im Neuen Theater,
384 2915 1781 2981 Melancholiker Schnitzier nicht gesehen. Den Unterton von
2057 2955 2249 2998 —
375 2966 1775 3047 Schäbigkeit im Betrieb trafen am besten Herr Forest und Herr
1962 2991 3185 3056 das als erste deutsche Bühne gleich nach Wien das Journalisten¬
374 3020 588 3093 Thaller.
1979 3036 3187 3107 Lustspiel herausbrachte, unter Direktor Hellmers Regie eine
1984 3095 3082 3160 sich in gemäßigten Grenzen haltende freundliche Aufnahme.
488 3112 1782 3190 In der Schönherr=Kritik im vorhergegangenen Hefte hat der
2095 3163 3181 3235 Im Theater in der Königrätzer Straße wird Withelm
376 3185 1778 3242 Witz des Setzers Hermann Bahr noch tiefere Inbrunst als Ger¬
2888 3211 3185 3262 traße nach
1986 3205 2719 3262 Stücklens ernsthafte Komödie „
378 3235 1791 3290 hart Hauptmann zugesprochen und damit Karl Schönherr, Gerhart
1988 3245 3188 3304 Steinaych“ zur Uraufführung vorbereitet. Die Trägerin der
380 3286 1782 3338 Hauptmann und noch mehr Hermann Bahr Unrecht getan. Denn
1986 3289 3194 3347 weiblichen Hauptrolle ist Erika Cläßner, die sich damit zum
1983 3327 3193 3391 ersten Male im Rahmen des Theuters in der Königgräßer Straße
381 3326 1785 3376 trotz Rosenkranz und Wallfahrten wird Hermann Bahr die In¬
373 3388 1789 3442 brunst, der sich zu verschenken er Zeit seines Lebens begierig
412 3440 1795 3486 ar, auch jetzt nicht gefunden haben. Wie erst gar sollte diese
382 3477 1790 3531 embrunst in dem Schrei nach dem Kinde hörbar werden? Her¬
374 3529 1781 3583 Vonn Bahr hat ja einmal burschikos, als er es noch sein durfte,
385 3572 1792 3633 eine Selbstbiographie mit den Worten abgeschlossen: „Kinder
381 3624 1786 3692 keine, Hunde vier.“ In dem aber noch tiefere Inbrunst nach dem
1202 3666 1790 3735 der ist sein Landsmann
385 3684 1206 3739 Kinde schreit als in Hauptmann —
382 3720 1784 3778 Hermann Stehr. Weil er viel zu wenig gekannt und gelesen ist,
379 3777 1791 3835 sei die Gelegenheit benützt, auf ihn als einen wahrhaften Dichter
384 3818 1793 3895 zu weisen. Man lese „Den begrabenen Gott“, „Drei Nächte" und
395 3867 1797 3930 „Die Geschichten aus dem Mandelhause“ (wie alle seine Werke
385 3928 1798 3980 bei S. Fischer, Berlin, erschienen) und man wird in ihnen eine
387 3976 1685 4039 inbrünstige, manchmal enge, aber immer tiefe Kunst, finden.
