3392 4320
238 244 2162 369 27. Fink und Fliederbusch box 33/1
2257 1344 3238 1408 das Lustspiel besser, die Meinung des Dichters
1277 1328 2254 1421 ein neues Blatt gründen will, und mit der
304 1356 1288 1434 Herr Fink und der Herr Fliederbusch können
2249 1389 3241 1467 über uns und unseren Beruf dürfte ungestraft
1282 1402 2267 1462 Fürstin am Arm verläßt er die Stätte seines
303 1411 1287 1471 ja in Wahrheit nicht einen einzigen Schritt
2248 1436 3221 1510 noch weit schlechter sein. Vielleicht wären wir
1282 1450 2252 1534 sonderbaren Triumphes, als „Held und Ge¬
306 1453 1297 1516 voneinander entfernt sein! Fink beschließt nun
2255 1490 3236 1560 ihm sogar dankbar, wenn er den Finger auf
1290 1501 1755 1581 fallener des Tages“.
294 1503 1294 1568 als Fliederbusch zu kneifen, denn er hat nicht
2253 1520 3223 1596 eine wirkliche Wunde gelegt hätte. Aber er
308 1548 1300 1621 nur dem Grafen Niederhof, sondern auch der
1327 1536 2255 1619 Wenn dieser Vorwurf überhaupt nach irgend
2263 1573 3233 1657 legt bloß die ganze Hand — daneben. Uns
311 1610 1296 1674 schönen und galanten Wohltätiakeitsfürstin
1292 1611 2261 1671 etwas schreit, so ist es die Groteske. Aber
2255 1635 3187 1710 schlägt dieser Fink im Fliederbusch nicht...
301 1647 1297 1711 Priska Wendolin-Ratzeburg, die Beziehungen
1289 1652 2262 1720 Schnitzler glaubte sich zur Psychologie ver¬
2285 1685 3240 1747 Das Deutsche Volkstheater hat sich des ersten
303 1706 1291 1759 zur Eleganten Welt hat, sehr gut gefallen, und
1286 1700 2260 1764 pflichtet. Am Schluß erst, da der Bajazzo mit
2259 1735 3233 1810 Schnitzler=Lustspiels mit viel eifervoller Liebe
297 1739 1289 1818 hofft sogar seinen Finkenschlag recht süß in den
1287 1748 2264 1824 seinem rechts blauen und links roten Narren¬
2263 1782 3233 1853 und fast zuviel Hochachtung angenommen.
305 1805 1290 1868 Fliederbüschen ihres feudalen Parkes ertönen
1290 1789 2267 1864 kleid rettungslos in der Patsche sitzt, darf
3223 1803 3329 1883 mad
2266 1837 3228 1902 Weniger Respekt vor der tieferen Bedeutung
1290 1851 2260 1913 Harlekin ein wenig mit der Pritsche herum¬
309 1840 1286 1910 lassen zu dürfen. Er teilt den Herren in der
3226 1879 3336 1936 Füh
2253 1884 3226 1957 wäre Scherz, Ironie und Satire, vor allem aber¬
1283 1900 2256 1976 fuchteln, und es blitzen ein paar Frechheiten
306 1902 1298 1967 Gegenwart auch mit, daß er, Fliederbusch. nicht
3221 1920 3340 1975 mitl
2253 1933 3227 2002 der Lustigkeit zugute gekommen. Besonders
1290 1952 2260 2012 auf, die auch von Hermann Bahr — natürlich
296 1937 1292 2017 mittue, aber die kehren sich nicht daran — der
3221 1970 3336 2020 vor
2261 1978 3230 2058 Herr Edthofer als Fliederbusch=Fink fiel
1291 1997 2261 2061 dem verflossenen — sein könnten. Zum Bei¬
307 1998 1288 2067 Bien muß. Morgen um zwölf Uhr also, in den
3226 2008 3286 2064 v
2258 2027 3239 2099 ganz auf die naiv=herzige Seite, wodurch die
3223 2029 3348 2111 ein
312 2052 1289 2109 Praterauen, nahe beim Lusthaus, wo das Früh¬
1296 2056 2258 2109 spiel die, daß man sich nicht auf eine
2256 2078 3230 2152 Figur fast unverständlich wurde. Ausgezeichnet
305 2094 1297 2164 stück für die Sekundanten und den Ueberleben¬
1296 2098 2262 2161 Ueberzeugung festlegen, sondern sich das Recht
2255 2128 3229 2201 war Herr Thaller als Deklassierter, der in
304 2131 1300 2206 den bestellt ist, und nahe beim Rennplatz, auf
1289 2146 2262 2210 wahren müsse, jeden Tag eine andere haben zu
2263 2171 3233 2243 die Elegante Welt kam, als ihn die gute Gesell¬
311 2203 1299 2266 den die vielbeschäftigten Ritterlichen dann
1293 2198 2259 2256 können. Wir sen, daß nichts dem Empfin¬
3225 2235 3345 2287 mo
2267 2228 3241 2299 schaft ausgeschieden hatte. Sehr sorgsam und
1287 2235 2268 2306 den und den Neigungen der Journalisten
314 2244 1295 2314 gerade zurecht kommen. Am Morgen ist Fink
3221 2275 3332 2329 kon
2260 2272 3230 2348 diskret chargierte Typen stellten die Herren
1285 2293 2262 2354 weniger entspricht, als solche Protens=Sehnsucht,
313 2294 1290 2357 noch bei der Fürstin, um ihr einen Artikel über
3229 2318 3336 2372 ver
2260 2328 3229 2392 Götz und Fürth als Chefredakteure, die
1296 2327 2266 2405 die dem gestaltenden Künstler weit näher liegt.
313 2337 1297 2407 ihr künftiges Fest vorzulesen, trifft dort den
3222 2361 3343 2418 Fer
2258 2377 3243 2437 Herren Klitsch, Homma, Millmann.
1295 2396 2268 2456 Gerade der Journalist will Persönlichkeit sein
307 2392 1292 2460 Grafen, der ihn noch rasch darüber aufklärt, daß
2260 2423 3230 2491 Kutschera, Forest, Leicht und Ranzen¬
1291 2438 2261 2515 und als solche gelten, nicht in fremde Persön¬
302 2445 1310 2504 es keinen Sinn habe, sich für eine Ueberzeugung
3227 2450 3337 2504 dan
2257 2464 3230 2535 shofer als Zeitungssklaven mit mehr oder
1291 2482 2267 2550 lichkeiten hineinkriechen. Es laufen in dem
3232 2492 3342 2549 wir
312 2491 1297 2563 zu schlagen, er habe selbst keine, sondern nur
2258 2520 3242 2596 weniger Kettengeklirr auf die Beine. Die
3229 2537 3346 2596 ver
1294 2536 2264 2590 Stück mancherlei Figuren durcheinander,
305 2535 1305 2602 Sportempfinden und Rekordehrgeiz. Aber Fink
2254 2567 3235 2644 Fürstin, die einzige Damenrolle, spielte Fräu¬
1294 2588 2267 2656 Journalisten, die durchaus keine Kavaliere sind.
307 2584 1300 2660 kanzelt den Grafen wegen dessen Frivolität bei
2262 2615 3228 2683 lein Waldow spitz und sicher, wie immer.
3224 2626 3340 2684 gei
1292 2642 2277 2699 und Kavaliere, die noch lange keine Journalisten
317 2636 1291 2703 allem Respekt recht pathetisch herunter und
3224 2674 3349 2726 Mo
2261 2672 3227 2741 Warum sie für die Rolle erwählt wurde, ist mir
1304 2681 2270 2754 sind. — nicht einer von den Herrschaften ist
317 2679 1305 2760 fährt zu seinem Duell. Dort kommt alles zu¬
3222 2710 3341 2777 alte
2262 2702 3232 2787 nicht recht klar geworden. Herr Kramer gab
1292 2738 2262 2802 sympathisch. Ein paar haben flüchtige, sorglos
324 2739 1308 2809 sammen, sogar Herr Fliederbusch erscheint
3221 2761 3340 2812 virhh
2266 2763 3232 2834 den Grafen ohne Ueberzeugung überzeugend.
1304 2785 2266 2843 hingestrichelte Aehnlichkeiten mit abgetanen oder
309 2781 1301 2859 pünktlich, denn Fliederbusch=Fink tritt im ent¬
2259 2800 3233 2890 Das Publikum bildete eine einzige und einige
1300 2826 2269 2902 toten Personen der politisch=gesellschaftlich¬
320 2836 1297 2909 scheidenden Augenblick zwischen seine zwei
2264 2866 3230 2927 Schnitzler=Gemeinde, begrüßte den ersten Akt.
1295 2873 2268 2952 journalistischen Kreise Wiens. Aber es trifft
317 2875 1309 2962 Sekundanten, verbeugt sich als Fliederbusch nach
3228 2871 3345 2950 einc
2270 2899 3229 2984 den besten, erwartungsvoll, rief den Dichter
1303 2924 2265 2995 nichts und es sitzt nichts. Es ist alles ohne Liebe
313 2937 1297 3010 links und als Fink nach rechts und ist recht
2264 2958 3238 3029 nach dem zweiten laut und oft und wünschte
3232 2973 3342 3038 schal
1303 2990 2265 3039 und Haß gemacht. Ueberlassen wir es den poli¬
308 2991 1297 3048 heiter. Es geschieht ihm auch nichts. Im Gegen¬
2260 3014 3242 3069 ihn auch nach dem stark abfallenden Schluß
3239 3017 3350 3078 Sch
1300 3024 2270 3094 tischen Grafen, mit Arthur Schnitzler zu schmollen
317 3036 1302 3110 teil; die beiden Chefredakteure versteigern ihn
3234 3068 3346 3128 Sch
320 3059 3247 3152 förmlich, so entzückt sind sie über seinen Genie= oder ihn gar zum Zweikampf auf ungeladene wieder zu sehen. Auch wir freuen uns herzlichst
309 3099 3341 3200 streich, aber er findet sich mit dem Grafen, der Ueberzeugungen herauszufordern. Wäre bloß auf ein nächstes fröhliches Wiedersehen! —co- ein
