3392 4256
1713 93 2174 202 box 33/1
272 95 1580 211 27. Eink und Fliederbusch
800 692 870 796 4
847 585 1407 822 G
2018 663 2763 844 Ne.4 A KU4
2243 822 2704 974 041
2374 1029 2694 1176 J07
1415 1138 2284 1250 Literarische Rundschau.
2309 1205 2796 1321 Obssarsu
1519 1298 2160 1402 Journalistenkomödien.
1119 1402 2655 1494 Im letzten Winter hat man Arthur Schuitzlers jüngste Bühnendichtung, die
1031 1445 2661 1543 Journalistenkomödie „Fink und Fliederbüsch Büchäusgabe im Verlag S. Fischer,
1030 1503 2667 1594 1917), recht sang= und klanglos zu Grabe geleitet. Selbst die alten Vorzüge ihres
1025 1546 2661 1627 Verfassers wurden ihr nur sehr bedingt zugestanden, obwohl doch die espritsprühende
1021 1614 2658 1685 Eleganz der Dialogführung ihre Geisteskindschaft unschwer nachweisen konnte; aber
1025 1639 2651 1717 das Publikum schien der Theaterkritik beizupflichten, so daß sich das Stück auf dem
1027 1700 2648 1779 Spielplan nicht lange gehalten hat. Wenn die Literaturgeschichte sich mit so rascher
1028 1734 2653 1822 Erledigung nicht zufrieden gibt, so ist es nicht so sehr konservative Anhänglichkeit bei
1028 1768 2650 1856 ihr, auch keine echte Nachtrauer, als vielmehr die Möglichkeit, auch aus einem negativ
1020 1835 2649 1921 bewerteten Ereignis diejenige Klarheit zu gewinnen, die ihrer Einsicht in den Gang
1019 1880 2649 1967 der Entwicklung weiter zu helfen verspricht. Am dafür und insbesondere diesem
1021 1919 2657 1992 Lustspiel gegenüber den richtigen Standpunkt zu gewinnen, dürfte es von Vorteil
1029 1969 2646 2046 sein, an eine unscheinbare und gewiß längst vergessene Begebenheit zu erinnern.
1117 2010 2652 2103 Als Salomon Hirzel die ihm von Freytag zum Verlag überlassenen „Jour¬
1010 2049 2647 2151 nalisten“ gelesen hatte, schickte er dem ihm befreundeten Dichter mit dem Manuskript
1023 2108 2654 2196 einen Einakter gleichen Titels zurück, der den einst um seiner kleinen Erzählungen
1019 2153 2644 2245 willen gern gelesenen, nun aber völlig vergessenen Schriftsteller Johann Stephan
1014 2191 2646 2266 Schütze zum Verfasser hatte. Darin standen sich, ganz wie bei Freytag, wiederum
1008 2248 2644 2323 zwei Redaktionen — der „Strickbeutel“ und der „Haarbeutel“ — feindlich gegen¬
1017 2291 2647 2377 über, abermals spielte ein verabschiedeter Offizier mit schriftstellerischem Ehrgeiz
1006 2356 2648 2439 eine Rolle, und schließlich hatte sogar des Obersten Berg Tochter Ida in Minna
1009 2394 2635 2478 von Rosendorn, die es am Ende auch zu einer glücklichen Vereinigung mit ihrem
1011 2438 2650 2527 Journalisten bringt, eine nur schwärmerischer veranlagten Vorgängerin. Es ist nicht
1007 2469 2641 2575 klar ersichtlich, ob der Leipziger Verleger den Freund bloß auf die merkwürdige
1008 2530 2632 2623 Parallelität der Vorgänge in beiden Dramen hinweisen wollte, oder ob die Über¬
1011 2568 2621 2667 sendung die Frage nach dem Verhältnis Freytags zu dem übrigens possenhaft be¬
1011 2623 2629 2694 endeten Spiel Schützes ersetzen sollte. Jedenfalls blieb Gustav Freytag die Aus¬
1010 2669 2629 2765 kunft nicht schuldig: er hatte das Stück zuvor nie zu Gesicht bekommen und auch
1007 2712 2626 2808 jetzt offenbar lediglich ein Augenblicksinteresse daran genommen, wie er es denn
1002 2775 2636 2846 sofort nach der Lektüre nach Leipzig zurückschickte, weil es in Hirzels Bibliothek
1006 2806 2622 2904 desser aufgehoben sei. Nun weiß zwar der vielbelesene Koberstein, der uns in
1002 2862 2627 2918 seinem „Grundriß der Geschichte der deutschen Nationalliteratur“ einige Notizen
1005 2909 2620 2987 zum Lebensgang Schützes aufbewahrt hat, von einer gewissen Beliebtheit dieses
998 2956 2629 3049 Autors zu berichten; seinen dramatischen Versuchen, an denen einst Iffland
997 2998 2615 3077 Gefallen gefunden, wird man trotzdem Dauer und Verbreitung nicht nachsagen
990 3048 2616 3128 können, wie denn die Königliche Bibliothek zu Berlin erst seit dem Tode Karl
992 3097 2625 3169 Weinholds ein Exemplar seiner „Journalisten“ besitzt. Sollte es nach solchen
995 3131 2620 3241 Prämissen ernstlich noch angängig sein, zwischen den altmodisch=harmlosen Szenen
986 3192 2618 3268 des thüringischen Verfassers und der modernen Satire des Wiener Dichters Be¬
983 3250 2619 3294 ziehungen herstellen zu wollen? Immerhin, einige Ahnlichkeiten und Über¬
994 3286 2619 3394 einstimmungen lassen sich nicht leugnen, und von ihnen mag kurz die Rede sein.
977 3363 1122 3459 160
