3344 4320
466 95 1429 184 röfen von der Woche.
639 181 1264 274 Von Woche zu Woche.
458 260 1523 320 Die Woche hat uns ein Journalistenstück beschert. Als
383 326 1523 384 Autor stand auf dem Zettel unser Arthur Schnitzler. Man
376 359 1532 428 durfte also wohl annehmen, daß er etwpas zu sagen habe, sich
374 426 1530 489 etwas vom Herzen schreiben, sich mit einem Faktor der modernen
372 471 1520 526 Gesellschaft und dessen Menschen auseinandersetzen wollte.
378 513 1527 572 Die Zeitungsleute sind immer aktuell. Jedes Ereignis setzt
375 562 1527 619 das Wesen der Zeitung und die Eigenart derer, die sie schreiben,
368 621 1518 676 von neuem auf die Tagesordnung. Da die große Masse das
373 669 1524 728 Geschehen der Zeit, das Stück Leben, das sic mitlebt, zum
376 720 1528 763 größten Teile nur durch das Temperament der Zeitungsleute
369 771 1529 829 sieht, ist der Charakter der Zeit und der ihrer Tageschronisten
375 818 1523 869 untrennbar miteinander verbunden. Aber es ergibt sich das
370 866 1528 918 Merkwürdige, daß das Wesen der Zeitung, das Leben, Denken
369 920 1519 975 und Fühlen derer, die sie machen, der Masse, die sich immer
363 970 1515 1027 dafür interessiert, ein mit noch weit mehr Siegeln verschlossenes
369 1016 1514 1074 Buch ist, als das der Theaterwelt. Täglich sprechen die
369 1080 1519 1132 Zeitungsleute zu ihrem Publikum, täglich hört sie dieses, stimm,
361 1126 1522 1162 ihnen zu oder ärgert sich über sie, setzt sich also täglich mit ihnen
360 1172 1527 1215 auseinander und kennt sie nicht. Vielleicht kommt das zum
365 1220 1518 1288 Teil daher, daß die Individualität des Zeitungsschreibers,
365 1276 1523 1319 die nicht nur sein höchstes Gut, sondern auch sein höchster
359 1327 1518 1387 Ehrgeiz ist, zumeist von der Individualität der Zeitung, in
370 1372 1511 1429 der sie sich geltend zu machen hat, in den Schatten gestellt wird.
370 1423 1525 1479 Die schwierige Aufgabe des Journalisten, die ihm zuweilen
355 1475 1526 1540 zum Konflikt wird, ist eben das Geltendmachen seiner Eigen¬
365 1530 1517 1595 art im Rahmen einer größeren und weiteren Eigenart, von der
369 1577 1521 1621 er im besten Falle nur ein Teil sein kann. Die Menschen, denen
369 1630 1521 1679 es vergönnt ist, ihren Lebensunterholt in restloser Wahrung
363 1678 1528 1761 und Betätigung ihrer Empfindungen und Überzeugungen zu
361 1716 1514 1794 erwerben, sind seltene Auserwählte. Nicht nur der Schau¬
360 1761 1530 1850 spieler und der Künstler, auch der Advokat und sein Gegen¬
366 1826 1527 1890 part der Staatsanwalt, ja die Mehrzahl aller Beamten muß
369 1871 1523 1930 sehr oft berufsmäßig in eine fremde Haut schlüpfen und gleich¬
365 1925 1526 1976 sam mit einem fremden Hirn denken, mit einem fremden Herzen!
357 1973 1524 2043 empfinden. Unter diesen ist der Journalist bei einem an¬
365 2023 1514 2083 ständigen Blatt verhältnismäßig noch weitaus der Freieste
357 2064 1526 2144 und zu einer Verleugnung seiner Überzeugung nur in den aller¬
364 2133 1512 2201 seltensten Fällen gezwungen. Diese Fälle sind aber dann tra¬
359 2190 1516 2247 gisch und nicht komisch und werden auch durchaus schmerzlich
364 2237 1520 2296 und nicht lustig empfunden. Wobei man freilich zwischen An¬
355 2285 1516 2339 sichten oder Auffassung irgend eines bestimmten Falles und
356 2339 1444 2398 wirklichen Überzeugungen einigermaßen unterscheiden muß.
448 2364 1527 2452 Unter den mancherlei Möglichkeiten die Zeitung und ihre
363 2428 1511 2481 Leute ernst oder heiter zu nehmen, die Tragik ihres Lebens
355 2478 1521 2558 und ihrer Arbeit zu schildern oder sich drüber lustig zu machen,
365 2533 1515 2582 wie sie schweißtriefend mit ihrem Spiegel der Weltgeschichte
361 2578 1519 2642 nachlaufen müssen, hat sich Schnitzler leider für keine ent¬
365 2637 1508 2690 schieden und kein Journalistenstück geschrieben, obgleich sein
362 2690 1505 2740 Einfall ein solches von ihm verlangte. Das ist schade. Denn
363 2742 1516 2805 die Journalisten von heute hätten sich ganz gerne einmal
355 2779 1511 2839 selber in einem Spiegel gesehen, den ihnen ein Künstler vor¬
356 2833 1516 2900 halten würdes Es hätte nichts ausgemacht, wenn es ein rich¬
361 2890 1504 2943 tiger Zerrspiegel gewesen wäre. Nur kein blinder durfte es
359 2931 1600 3018 sein. So aber sind sie und das Publikum um die Sensation 1 2
1137 2984 1491 3025 Spemidte TTV.
632 2995 756 3076 S
391 3051 727 3119 betrogen worden
800 3052 1538 3124 Tragikomödie der Überzeugungskämpfe
390 3102 729 3169 hätte es werden
796 3104 1529 3177 n und ist nichts geworden als eine
388 3150 1535 3204 freundlich witzelt ronisierung der Überzeugungslosigkeit
392 3205 1539 3254 bei Zeitungsleuß####Peltikern. Kein Zweifel, daß es
389 3252 1537 3319 überzeugungslose Schreiber und Redner gibt, aber der Ver¬
389 3298 1540 3371 such, das Wesen und das Milieu der Politik und der Zeitung
387 3360 1540 3419 als den Nährbosen der Überzeugungslosigkeit hinzustellen,
389 3411 1538 3471 muß mit Nach##'s völlig verfehlt zurückgewiesen werden.
379 3457 1540 3508 So wenig man die ehrlichen Dichter für die Unanständigkeiten
383 3503 1538 3557 der Stückefabrikanten verantwortlich machen kann, so wenig
382 3554 1540 3619 darf man einen weit weniger erträgnisreichen Beruf, zu dem
381 3609 1535 3664 wahrhaftig kein anderer Weg als der der Begeisterung zum
379 3658 1534 3725 täglichen Einstehen für seine überzeugung führt, seine
379 3701 1536 3771 Marodeure entgelten lassen. Es gibt überall Leute, die ihra
373 3757 1545 3820 Überzeugung für einen augenblicklichen Erfolg verkaufen. Aber
376 3810 1528 3871 sie werden von ihren Berufsgenossen weder geliebt noch ge¬
379 3848 1535 3926 achtet und man duldet nicht, daß sie sich als die Repräsentanten
380 3903 1531 3986 ihres Standes aufspielen oder als solche genommen werden.!
1327 3965 1504 4033 Judex.
631 4006 895 4063 — —  —
2081 1673 2745 1756 Wicner Mentagblatt
2746 1723 3005 1850 KEA0U 1377
2174 1750 2687 1846 österr. Finanz-Ro“
2381 1824 2599 1902 Wien
2288 1952 2587 2053 Theater.
1951 2040 3014 2134 Deutsches Volkstheater. „Fink und Fliederbusch“
1849 2105 3008 2174 von Arthur Schnitzler. Schnitzlers dichterische Kraft
1862 2168 3016 2233 liegt in der Erotik. Keiner wie er verstand es, die
1850 2216 3008 2280 Liebesbeziehungen des modernen Geschlechtes so tief
1855 2271 2999 2329 zu fassen und so fein zu gestalten wie er. Und nun
1854 2321 3000 2392 kommt er mit einem reinen Männerstück, einer Komödie,
1854 2358 3005 2430 in der nur eine einzige Frauenrolle und auch die nur
1856 2424 3010 2485 aus dekorativem Grunde vorkommt. Trotzdem ist das
1848 2456 3013 2521 neue Werk interessant und das allein ist ein Beweis
1843 2492 3013 2573 dichterischer Kraft. Wenn die Presse die Komödie un¬
1844 2568 3007 2610 freundlich aufnahm, so liegt es wohl an der realistischen“
1842 2604 3009 2689 Behandlung, die der Dichter darin dem Journalismus
1841 2665 3001 2724 angedeihen läßt. Man sieht daraus, daß selbst ein
1842 2711 3001 2764 berühmter Autor es nicht wagen darf, über die Presse
1832 2751 2992 2817 objektiv zu urteilen. Die Darstellung ist fast durchwegs
1842 2813 3008 2861 gut. Am besten der opportunistische Chefredakteur des
1841 2860 3002 2914 Herrn Götz, der deklassierte Aristokrat des Herrn Thaller,
1851 2910 2997 2972 und Herr Edthofer in der Titelrolle des talentvollen
1838 2956 2695 3041 aber gesinnungslosen Zeitungsschreibers.
2845 2962 2951 3028 G.
