3392 4320
2245 95 2730 185 S
300 163 1526 243 ma in ein und derselben Woche in verschiedenen Blättern pole¬
1544 163 2759 238 nach heftigem Kampf ofl langsam, aber sicher. Das sind #
303 216 1526 288 misch ganz gegenseitige, ja feindliche Standpunkte vertrat und
1596 215 2775 310 und nicht die Schlechtesten — die zur Journalistik herunter)
297 262 1517 327 eine Pointe für sich ist es, daß eben dieser Herr nun selbst über
1550 265 2753 325 steigen ehe sie in ihr aufgehen. Aber auch die lediglich Ge¬
302 317 1527 387 Schnitzlers Komödie die kritische Feder schwan und ihr und sich
1529 318 2763 401 wandten die „von Haus aus — Journalisten“, welche Vielfalt
293 373 1519 445 selbst, ein jämmerlicher Vogel Strauß das Leintuch eines Rie¬
1534 371 2762 435 von handwerklicher Tüchtigkeit müssen sie produzieren, was
132 359 288 466 äuscht
289 420 1517 486 senfeuilletons über den Kopf geworfen hat.) Einer, der, wie in
1538 421 2753 488 müssen sie alle, alle, die da Sklaven sind der Forderungen der
293 475 1518 543 Schnitzlers Stück, nebeneinander den Fink und Fliederbusch
1535 460 2752 544 Minute, Leibeigene und Geisteigene der Tendenz, der Marke
120 480 280 560 nes
1535 521 2758 598 des Tons der Zeitung an Anpassungsfähigkeit, an Verleugnung
299 519 1516 596 spielte. Wie viele abe spielen hintereinander entgegengesetzte
147 518 281 591 ver¬
1536 575 2756 655 der Individualität bieten! Müssen, müssen, wenn sie nicht ver¬
291 568 1519 656 Rollen? Müssen sie speten, denn dieses Spiel ist eben, von Fall
144 570 274 644 i dem
287 613 1012 705 zu Fall — Sache des Engagements.
1536 621 2753 684 hungern vollen! Denn, die journalistische Tätigkeit ist eine
126 630 277 703 hteten
1536 677 2756 752 Reinkultur der Kompromisse. Das jeweilige politische Programm
124 681 279 753 nmit
403 682 1513 779 Nämlich — Schnitzler hat das Problem gewissermaßen in
1528 738 2753 812 eines Blattes ist ja noch lange nicht alles; in jeder Glosse, jeder
138 734 273 804 jedem
281 721 1515 826 halbgekochtem, halbausgegohrenem Zustand serviert. Der wohl¬
1535 774 2757 843 Kritik, jeder Notiz sogar sind Töne anzuschlagen oder zu ver..
140 783 263 852 rdoch
287 802 1507 872 feile Einzelfall geht an den Kern bewußt oder unbewußt vorbei.
1531 824 2750 893 meiden, die von den Parolen des Verlegers, des Unternehmers
147 831 274 907 Um¬
281 863 1509 929 Zunächst bedarf ein Beruf, der so viel Tüchtigkeit, Selbstver¬
1533 879 2755 950 und seinen Interessen hier durch sanften, dort durch energischen
137 887 261 953 ichtig
279 902 1513 979 leugnung, Vielseitigkeit, Mühsal und dabei Undankbarkeit in sich
1530 927 2759 997 Druck bestimmt, beeinflußt sind. Und bei der „Konkurrenz“ ist
135 942 276 1011 flegen,
282 959 1510 1030 trägt, nicht erst der Verwahrung, daß ausgemachte Schweine bei
1522 980 2748 1050 es nicht anders und der „Markt“ auf dem das Schreibtalent ver¬
290 1000 1494 1083 ihm nicht mitzählen. Hier zu verallgemeinern wäre so wohlfeil,
1527 1025 2752 1090 wertet werden kann, ist, ach so begrenzt. Mit jedem notwendigen
127 1026 270 1101 hment
286 1062 1511 1138 wie ungerecht. Die Tragikomödie und Tragödie des Journalisten
1531 1078 2748 1146 Nebenverdienst, jeder Engagementsänderung ist ein neuer kate¬
128 1081 266 1157 hlecht
281 1115 1512 1179 (ich glaube Otto Ernst hat vor ein paar Jahren eine ihrer
1529 1136 2746 1206 gorischer Imperativ zur Aupassungsfähigkeit verbunden. Es wäre
138 1149 265 1212 hrem
284 1157 1510 1238 Wurzeln in dem Schauspiel „Wahrheit“ bloßgelegt) müßte die
1521 1179 2744 1255 interessant eine Psychologie des „journalisierten Menschen“ zu
143 1190 256 1263 war
283 1210 1511 1273 Fink=Fliederbusch=Fälle von einer anderen Seite angehen; müßte
1520 1233 2748 1294 schreiben, und wirklich, sie bliebe nicht auf diesen einen Beruf
129 1246 259 1306 atire
282 1257 1496 1327 sich mit denen beschäftigen, die auch den Journalisten unter
1523 1286 2746 1352 beschränkt. Das Sichwehren des eigenwilligen Menschen mit Ge¬
126 1291 254 1356 Mol¬
282 1313 1504 1367 das Joch der kapitalistischen Gesellschaftsordnung beugen und
1519 1331 2744 1409 sinning gagen den sharten Zwang zur Assimilation, das Nach¬
160 1349 261 1412 Ist
276 1356 1507 1441 biegen. Mit den Verlegern, den Herausgebern. Die machen aus
1519 1384 2750 1461 geben, die Fülle von Autosuggestionen, mit der er sich (gleichsam
132 1390 262 1468 btslos
270 1413 1496 1482 Finken Fliederbüsche und aus Fliederbüschen Finken und es
1520 1433 2746 1521 instinktiv aus seelischem Selbsterhaltungstrieb) temperamentvoll
143 1450 253 1510 das
270 1467 1495 1541 würde von großer Weltfremdheit oder einem gerüttelten Maß
1516 1491 2746 1567 in tägliche, stündliche Lebenslügen hineinschreibt, hineinspricht,
123 1499 260 1582 einer
265 1500 1493 1567 von Heuchelei zeugen, wollte man hier mit dem Einwand kom¬
1519 1538 2744 1596 hineinhetzt. Bis er selbst an sein (jeweiliges) Blatt, an dessen
122 1552 247 1624 geber¬
280 1568 1494 1643 men: kein Mensch muß müssen! „Die Literatur tötet die Poesic,
1512 1585 2743 1668 Marke, Ton, Tendenz glaubt. Wirklich glaubt. Der Pluralis
154 1614 201 1665 al
274 1621 1489 1693 die Journalistik die Literatur“ meinte einmal ein Franzose
1510 1641 2738 1709 majestatis der Zeitung wird ihm zum Singular seiner Ueber¬
130 1655 252 1720 hem¬
265 1656 1501 1748 aber er vergaß hinzuzusetzen, wie viel Literaten, ja vielleicht
1510 1683 2735 1762 zeugung. So wächst neben der Tragik des vom Brotherrn Miß¬
129 1706 250 1778 igten
268 1708 1494 1802 Dichter von Geblüt um des lieben Brotes willen und weil sie
1510 1741 2743 1804 brauchten die Tragikomödie des Angestellten, des Werkzeuges
135 1758 252 1817 hms¬
261 1769 1495 1847 ja doch nicht ihr Lebelang warten, hoffen und hungern wollen,
1515 1790 2743 1857 empor. Mein Gott, alles ist Zugeständnis, und am Ende steht
131 1809 249 1869 ßlich¬
271 1820 1491 1888 sich dem Journalismus ergeben, der sie dann mit Haut und
1505 1843 2727 1903 dann zumeist der — Skeptizismus. C'est la vie. Kein Wunder,
143 1861 240 1925 soll,
262 1867 1380 1948 Hoaren verspeist. Wie viel Talent geht in der Tretmühle
1362 1873 1482 1947 zu¬
1508 1891 2733 1967 wenn dann viele die Ueberzeugung haben, durchaus nicht ihre
264 1922 1489 2001 grunde oder wird auf andere Geleise gedrängt! Und es ist eines
1504 1934 2773 2023 Gesinnung verkauft, sondern eben lediglich ihren Stil, ihr I.
139 1966 255 2038 stan.
258 1973 1486 2043 der merkwürdigsten Phänomene, wie dann Schritt um Schritt
1507 1992 2737 2059 handwerkliches Können vermietet zu haben. Weiß Schnitzler
124 2016 251 2078 enne
252 2026 1494 2098 das Metier auf den Menschen abfärbt, wie der Zwang zur
1502 2051 2742 2120 nicht, daß dies auch anderswo so ist? Daß das Problem den eng
144 2066 2332 2149 The= Fixigkeit die Sehnsucht nach Gründlichkeit verstummen macht,I gesteckten journalistischen Rahmen sprengt?
1664 2268 2786 2338 Der Advokat, der auch seine Beredsamkeitin den Dienst
1558 2308 2789 2379 dieser oder jener Causa stellt, je nachdem, lebt von der gleichen
1565 2363 2782 2423 Assimilationsg. be. (Ich hörte im Plaidoyer eines als sozialdemo¬
1561 2425 2780 2498 kratisch bekannten Advokaten, der in einem Sensationsprozesse
1555 2469 2783 2533 einen Preistreiber verteidigte, die klassischen Worte: „Die
1556 2497 2827 2581 eigenilich ausgebeuteten sind heutzutage doch die Unternehmer!“
1562 2580 2784 2640 Im Brustione der Ueberzeugung sagte er dies!) Und er und seine
1558 2626 2783 2695 Kollegen tragen den Talar, sind von halbamtlichem Nimbus um¬
1560 2682 2785 2741 wittert. Helbamtlich — offiziös — offiziell — amtlich — welche
1552 2731 2788 2792 gedanklichen Assoziationen ergeben sich da sofort! Blicken Sie,
1559 2791 2787 2848 weiter, Herr Schnitzler, weiter! Der Direktor der Sie aufführte,
1560 2823 2785 2895 hielt zur vierhundertsten Aufführung der „lustigen Witwe“ eine
1562 2881 2776 2943 gesprochene Apotheose der Operette. Heuer noch hat derselbige
1552 2926 2785 2991 Mann sich mit der Geste des Abscheus gegen die Bezeichnung
1565 2974 2795 3046 „Opere tentheaterdirektor“ gewehrt. Hundert Beispiele aus an¬
1561 3018 2786 3082 deren Berufen? Ich kann sie mir füglich ersparen. Jede Be¬
1557 3064 2790 3140 dachtnahme uf den Effelt eines Aktschlusses, auf die Resonanz
1559 3121 2792 3188 im Theaterpublikum, Ihres Publikums, Herr Schnitzler ist ein
1546 3165 2782 3238 Kompromiß. Der Knalleffekt mag Ihnen wiederstreben, aber Sie
1563 3218 2788 3299 unterwerfen sich den Geboten seiner = Nützlichteit. Nur böswilli¬
1552 3269 2794 3339 ges Vorurteil wird Sie darum einen Theaterspekulanten nen¬
1556 3332 2786 3391 nen. Der Diener nimmt auf die Direltivenssener Bedacht, von
1560 3366 2787 3455 denen er ja doch irgendwie abhängig ist. Des Diener des Pub¬
1550 3429 1731 3505 likums.
1683 3472 2784 3558 Nicht die Politik, der genze Lebenskampf verdirbt den
1554 3531 2779 3596 Charakter. Zuweilen. Immer aber zaust, prügelt, verbeult er den
1562 3578 2782 3645 Menschen. Daß dies nur äußerlich geschieht, daß er sich sein eigen¬
1566 3640 2789 3698 stes, besseres Selbst intakt erhält, darauf kommt es an. Ob
1565 3681 2780 3738 einer den Fink=Fliederbusch spielen muß oder ob er ein solcher
1565 3733 2788 3792 Schubjak ist. Und auch in den Zugeständnissen, die uns der
1554 3773 2781 3845 wirtschaftliche Zwang erpreßt, gibt es geaduelle Unterschiede.
1562 3835 2778 3892 Beim Journalismus, und weiß Gott, bei allen anderen Be¬
1555 3877 2786 3947 rufen. Uns am Rande des Spiegels, den uns der Dichter vorhal¬
1556 3936 2781 4006 #ten wollte, zuckt die genialische Stirnlocke herein, mit der der
1557 3988 2782 4061 Dichter einer Literatenmode zuliebe, mit koketter Pose sich zeit¬
1547 4031 1912 4117 weilig geschmückt
2423 4043 2756 4152 Theodor Groß.
