3344 4352
874 152 1593 256 Berliner Zeitung am Mittag
854 271 1050 353 Berlin
1118 298 1500 408 8·922.1077
814 525 1696 634 #ink und Pilebergusch
844 615 1683 705 Artur Schnitzlers Komödie im=Lessing¬
1158 678 1394 733 Theater.
877 719 1705 794 Diese Wiener Journalistenkontdie sall ein
821 784 892 838 E.
1105 782 1695 834 in## konn 'ich nicht nach¬
812 834 1701 889 prüsen. Te# cs ein Haus schlüsselstüick ist, steht
826 881 1700 931 jedenso's fest. Die langen und kurzen Pfiffe
817 922 1707 964 auf den zum Oeffnen der Haustüren bestimmten
820 964 1706 1022 Eiseninstrumenten sind gestern nach langer Zeit
825 1006 1712 1048 wieder einmal hterlant geworden. Sie zerrissen
818 1053 1702 1117 das Rauschen ipeisch4eder Hände, die sich für die
820 1089 1715 1159 Darsteller oder den Dichter bemühten. Der kam
819 1143 1714 1189 aber nicht, dohn er war weit vom Schuß. Die
819 1178 1708 1236 Wiener Angriffe haben ihn wohrscheinlich zag
815 1225 1700 1276 gemacht, trotzdem er durchaus nicht der Mann ist,
822 1275 1708 1328 der sich vor ein poar Pfissen fürchtet. Die waren
814 1321 1707 1362 auch im Grunde ebenso überflüssig wie der leiden¬
821 1356 1707 1401 schaftliche Apolaus der anderen, es ist ein Stück,
824 1394 1710 1448 das weder heiß noch kalt macht, es hat eine
812 1443 1701 1500 leme unausgesprochene Temperatur und sieht sich
816 1496 1708 1546 an, als wär's nicht ganz fertig geworden. Eine
816 1531 1711 1576 engetrübte Mischung von politischem Lustspiel
822 1574 1707 1636 #nd Schwank. Als ein Abbild der zeitgenössischen
818 1616 1707 1676 Prosse zu einseitig gesehen, ganz auf
831 1662 1699 1718 schwarz eingestellt und darum schief, dann aber
831 1712 1697 1759 wieder in der satirischen Tendenz gegen eine be¬
834 1758 1710 1815 stimmte Klasse zweidentiger oder gesinnunggloser
831 1801 1697 1843 Journalistik nicht konsequent genug, um schließ¬
835 1839 1706 1892 lich im Bestreben heiter=auflösend und damit
834 1889 1710 1942 ausglgichend zu wirken, leer und abgerissen zu
840 1939 1703 1991 Pobe zu gehen. Als blanker Ulk. Aber auch ein
842 1982 1706 2028 nicht geratener Schahler hat Reize, die anderen
823 2024 1709 2072 Somödienschreibern das gunze Gewerk vergolden
824 2069 1709 2122 könnten. Reize im Einfall, im leicht gleitenden
828 2111 1702 2170 Gespräch, in Dialektschnitzeln. Schnitzler=Schnitzel.
848 2149 1119 2213 Lo gibt einige.
886 2228 1702 2304 Den veralteten Sournalisten Enstav Frey¬
835 2299 1707 2353 tags, die in aller Lielenswürdigkeit doch schon
821 2341 1696 2390 blaken wie eine verbrauchte Mogernteurlampe,
834 2388 1696 2435 wollten schon manche eine neue Zeitungskomödie
837 2425 1699 2471 folgen lassen, die den Faktor Presse in seinen
831 2468 1695 2534 mitbestimmenden Einwirkungen auf Tag und
827 2511 1705 2576 Stunde des vollleischen und sozialen Lebens mit
825 2549 1711 2609 dem ganzon Donner der Rotationsmaschinen fassen
834 2619 1706 2665 sollte. Im besten Fall gab es kleine Millen¬
826 2662 1707 2709 Ausschnitte, aus denen immer nur eine Wald¬
831 2695 1702 2746 und Wiesengeschichte herauswuchs. Um Frey¬
835 2741 1708 2781 tags Schmock sind alle nicht herumgekommen. Er
837 2783 1696 2827 iebt eben noch. Und Schnitzler stellt ihn gor in
840 2822 1703 2888 den Mittolpunkt seines satirisch=politischen
831 2870 1066 2927 Schwankes.
899 2907 1705 2973 Er heißt Fliederbusch und ist der groteske
829 2968 1709 3025 Repräsentant der vollkommenen geistigen Frino¬
836 3008 1699 3063 lität. Er kann noch ganz anders schreiben links
825 3053 1707 3096 und rechts wie sein Ahnherr; unter seinem rich¬
829 3094 1709 3145 tigen Namen verfaßt er radikal=demokratische
826 3125 1715 3195 Artikel in der „Gegenwart“ und heimlich schreibt
828 3184 1714 3232 er unter dem Namen Fink reaktionär in der
829 3231 1718 3280 klerikalen Eleganten Welt. So kommt er dazu,
838 3279 1708 3322 als Fink gegen Fliedrbusch zu polemisieren
840 3321 1708 3363 und als Fliederbusch den Fink, also sich selbst,
841 3369 1712 3406 abzutun. Und als die Polemik persönlich
836 3393 1714 3440 und beleidigend wird, muß Fink, wie es sich für
831 3448 1720 3491 den Mitarbeiter eines Adelsblattes schickt, den
837 3483 1716 3533 Fliederbusch zum Duell fordern. Auf diese
839 3525 1716 3581 schwankhafte Spitze treibt Schnitzler mit
840 3567 1717 3617 restloser Folgerung einer unpedantisch freien,
844 3618 1711 3664 rein lustigen Voraussetzung den Konflikt. Die
834 3649 1720 3704 Szene, in der die demokratischen Gekundanten
837 3699 1717 3748 Fliederbuschs mit den konserrativen Zeugen
833 3751 1706 3805 Finks in der Praterau zusammentressen, wo nur
833 3780 1713 3847 der eine Duellant erscheint, der für die einen
842 3836 1713 3887 Fink, für die anderen Fliederbusch ist, und Fink
843 3871 1731 3923 vor Fliederbusch oder Fliederbusch vor Fink
837 3912 1717 3961 geknissen hat, ist äeßerst lustig. Und die
836 3964 1718 4015 unverschämte Aufklärung, die Fliederbusch gibt,
835 4011 1721 4059 zeugt von einer Hemmungslosigkeit, von einem
844 4049 1705 4096 Mangel an Skrupeln bei der Anwendung aus¬
837 4087 1713 4155 wechselbarer Gesinnungen, die nicht nur berech¬
851 4137 1374 4177 ememmem#s##
1718 489 2609 567 tigten Glauben erwecken muß, daß der sunge
1722 557 2614 603 Mann das Zeug zum Karrieremachen auf allen
1723 600 2616 649 G bieten hat, sondern auch nah verwandt ist der
1728 641 2620 699 rein sportlichen Lebensauffassung des konserpali¬
1728 686 2611 732 ven Grafen Niederhof. Dieser feudale Herr, der
1738 731 2616 780 eine klerikale Zeitung gründet, ohre selbst auf
1728 775 2616 828 eine gut ###itale Gesinnung festgelegt zu sein.
1720 815 2611 881 verteidigt wie ein gealterter Anatol der sich aus
1733 869 2609 917 die Poli#ni verlegt hat, die reine Ueberzeugungo¬
1729 905 2642 961 losigkeit gegen die „Monomanie“ alles streng Ge¬
1735 951 2613 997 sinnungshaften. Auf eine möglichst waschbart
1731 997 2607 1053 Weltbetrachtung steuert der schnitzlerisch-gelassene
1731 1036 2346 1104 Naisonneur der Komödie hinaus.
1777 1141 2613 1203 Eines der journalistischen Häupter sagt über
1733 1193 2614 1235 den Verlauf der Dinge des Stückes: elwas sei
1737 1237 2613 1287 da ad absrkum geführt worden, er wisse nur
1730 1283 2609 1338 nicht was. Ich glaube, auch Schnitzler hat etwas
1740 1326 2609 1370 ad absundum führen wollen, von dem er nicht
1737 1368 2614 1419 genau weiß, was es eigentlich ist. Das Ver¬
1740 1424 2616 1471 gnügen, das Schnitzler an der umklappbaren
1726 1463 2612 1514 Hauptfigur hatte, ließ ihn deren Begleitgestalten,
1740 1504 2616 1564 sonst Schnitzlers reizvollste Zeichnungen, vernach¬
1742 1548 1771 1568 „
1739 1543 2608 1603 lässigen. Sie sind dürftig oder karrikiert,
1732 1594 2604 1645 oder von abgegriffener Dagewesenheit. So die
1730 1644 2609 1688 Nedakteure des demokratischen Blattes, die eine
1737 1680 2615 1731 schablonenhafte Tintenkuli=Abstempelung ohne
1730 1728 2622 1779 tiefere Wesenszüge bekommen haben. Sehr lustig
1741 1771 2598 1829 geraten ist aber der Reporter Kajetan, der
1740 1815 2613 1876 Stücke schreibt, über Wohllätigkeitsfeste und
1738 1860 2613 1928 Duelle berichtet, immer im Gehrock ist, immer
1732 1902 2494 1949 unterwegs, immer bereit, immer wichtig.
1786 1948 2612 2014 Kurt Hoet (pielt diese Figur mit einer über¬
1730 2015 2603 2064 aus komischen Charakteristik, so daß sie schauspiele.
1730 2048 2612 2091 risch die Aufführung beherrscht. Götz wäre auch
1734 2087 2618 2146 der natürliche Darsteller Fliederbuschs gewesen,
1726 2132 2615 2197 aber Bassermann hat wohl diese Rolle für
1744 2174 2621 2224 sich in Anspreuch genommen. Er hat sich dazu
1735 2220 2610 2285 jugendlich=hüpferisch und gigerlhaft gemacht, was
1731 2268 2605 2328 die Fägur ansangs läppisch erscheinen läßt. Aber
1720 2313 2622 2368 er ist auch so zu starken Wirkungen gekommen, die
1721 2346 2610 2412 seiner vollendeten Beherrschung aller schauspiele¬
1724 2398 2607 2457 rischne Mittel ja gehorsamen müssen. Ferdinand
1732 2440 2612 2487 Vonn ist der klerikale Graf Niederhof; in der
1727 2484 2616 2545 Erscheinung mehr untersetzter Landjunker als
1735 2524 2612 2584 Wiener Parlamentsaristokrat, aber im Dia¬
1731 2573 2435 2622 log gewandt und ungezwungen.
2496 2574 2607 2627 Ilka
1726 2612 2618 2676 Grüning ist eine in Klatsch und Wohltätig¬
1725 2664 2604 2717 keit machende Fürstin Priska. Diese viel
1729 2704 2614 2746 ja alles vermögende Könnerin hat auch den Ton
1732 2743 2610 2801 der lässigen Eleganz. Viktor Barnowsky
1736 2791 2624 2855 führt mit äußerster Umsicht Regle, aber er gibt
1736 2834 2626 2887 dem ersten Akt zu viel rasche und laute Bewe¬
1727 2878 2620 2924 gung, in der Herr Licho der lauteste und gesten¬
1728 2908 2613 2982 reichste und überflüssigerweise der jargonhaftest#
1728 2963 1807 3014 ist.
1818 2963 2616 3011 Emil Lines seine Zeichenkunst gibt dem
1729 3005 2607 3074 Theaterkritiker Abendstern die Züge eines
1728 3049 1959 3110 Charakters.
2258 3083 2585 3160 Norbert Falk.
