3392 4352
1676 263 2228 362 box 33/4
307 254 1634 370 27 Einkund Fliederbusch
2778 1025 3394 1094 Politik geworfen hat. Aber wäh
1635 1063 2743 1124 vortrefflich nach dem Wind zu hängen wissen; wäre Selbst¬
536 1063 1604 1117 Wie kain der an diesen Ort? Kroch er aus der Tiefe
2781 1078 3403 1139 Redaktion der Gegenwart erörter
1638 1107 2743 1152 gerechtigkeit, zu bestreiten, daß es auch bei uns unter den
480 1093 1594 1147 heraus, um hier zu horchen? Er ist nur ein einziges Ge¬
2775 1129 3403 1171 Lust, selbst eine Erwiderung dar
1635 1136 2743 1189 Presseleuten Existenzen gibt, die bei aller bürgerlichen Acht¬
478 1142 1592 1191 heimnis der Straße, das der Zufall an den Tag brachte und
2784 1160 3383 1205 sehr scharf aus. Die Felge ist,
1638 1170 2738 1233 barkeit innerlich einen Knax weggekriegt haben. Das Gegen¬
473 1185 1592 1231 nicht offenbaren kann. Ueber dem Knochenmann haben
2783 1189 3394 1249 den Fliederbusch vor die Pistole
473 1221 1595 1261 Kinder gespielt und sind alt geworden und Staub gewor¬
1627 1223 2743 1283 teil wäre ein blaues Wunder. Man erwartet von der Zei¬
2770 1236 3398 1293 verläuft die Handlung völlig schwe
484 1268 1603 1311 den. Ueber seinem Antlitz hat sich der Himmel im Abwasser
1638 1254 2737 1314 tung die Wabrheit; aber der Leser bevorzugt die Wahrheit,
2776 1279 3395 1327 nicht anders zu erwarten ist, de
479 1295 1595 1351 bespiegelt. Hat er nicht die Füße behorcht, die über ihn
1630 1300 2744 1348 die ihm gefällt. Der Journalist ist neben dem Pastor der
2779 1315 3395 1370 verabsäumte, diesen Herrn Fink¬
486 1330 1602 1393 hingingen, hintapteen, h#iflohen, ob sie fröhlich oder traurig
1636 1335 2741 1403 einzige, dessen Beruf ganz eigentlich darin besteht, täglich die
2782 1355 3399 1409 versehen. Der verfügbare Geist
484 1382 1592 1433 waren! Jeder Tritt schütterte leise durch ihn hin. Hat er
1637 1379 2733 1437 eigene Ueberzeugung zu vertreten. Das ist ein gefährliches
2775 1397 3391 1451 den Grafen, der die Frage der po
484 1414 1598 1463 nicht in der Stille der Nächte gelauscht und für sich gelacht,
1637 1410 2748 1476 Handwerk. Keinem Beamten, keinem Fabrikanten, keinem
2773 1435 3404 1497 dem höheren Standpunkte des S#
483 1453 1599 1507 wenn die Betrunkenen nach Mitternacht singend über ihn
1634 1465 2739 1514 Arbeiter wird ähnliches zugemutet; sie dürfen und müssen
2774 1483 3404 1529 sant und elegant erläutert. Se
478 1493 1591 1550 hintrotteten? Warum hat er sich nicht, wenn zweie auf ihm
1638 1490 2743 1554 ihre Arbeitsleistung den Wünschen der Vorgesetzten, des
2788 1521 3405 1569 unfruchtbar, denn Fink=Fliederbus
478 1533 1598 1589 standen und von Geschäften handelten, plötzlich aufgerichtet,
1649 1533 2743 1599 Publikums, des Arbeitgebers anpassen. Der Journalist da¬
2779 1557 3396 1605 das geeignete Gefäß. Dieser ha
478 1579 1591 1627 daß die Steine unter ihnen ins Schwanken geraten und
1637 1579 2734 1634 gegen verliert (wie der Pastor) seine Würde, wenn er von
2787 1594 3392 1658 einer Fürstin in Krämpfe der Deve
483 1611 1597 1673 sie Hals über Kopf davongeflohen wären? Werum hat er
1631 1614 2742 1672 der eigenen Ueberzeugung abgeht, riskiert aber andererseits
2776 1637 3398 1676 einen eigenen Einfall haben. D
481 1658 1592 1707 den Verliebten, die sich über seinem verfaulten Herzen
1633 1663 2735 1713 unter Umständen seine Stellung, wenn er auf seiner Ueber¬
2777 1678 3388 1732 hat er sich durch die Entdeckung
473 1689 1595 1744 küßten, nicht einen Hauch des ewigen Staubes zwischen die
1635 1694 2731 1759 zeugung beharrt. Dieser Konflikt wird immer bestehen, so
2776 1719 3404 1771 entwertet. Es ist ein psychologise
486 1735 1605 1781 Lippen geblasen? — Er war nichts anderes mehr als müde
1639 1735 2733 1798 lange es eine Presse gibt; das beweist die Erfahrung, nicht
2781 1761 3404 1811 Geschäftsleute wie die Herren L#
484 1773 1598 1826 und lauschte nur noch dem vergehenden Leben nach. Aber
1639 1775 2735 1829 etwa nur an kapitalistischen, sondern genau so an sozial¬
2776 1792 3404 1846 Entlarvten in einer Auktion hochtr
477 1806 1602 1866 hielt ihn der Tod unter der Gosse, weil ihn schon das Leben
1628 1808 2736 1866 demokratischen Blättern. Das Verdienst macht es nicht allein,
2776 1836 3404 1884 für einen solchen Zweck niemals e
486 1849 1594 1918 in die Gosse geworfen hatte? Der Tod ist launischer als
1637 1849 2733 1913 man muß auch Glück haben, um hier heil davon zu kommen.
2767 1873 3404 1935 da sie ja wissen, daß der Schei
484 1905 1598 1948 ein Weib und bettet den unter Blumen, dem das Leben
1643 1892 2742 1963 Denn die wirtschaftliche Abhängigkeit ist eine gewaltige
2787 1913 3403 1967 allen Umständen aufrecht erh##te
478 1931 1373 2005 dauernd ein Lager von Dornen geschichtet hat.
1637 1935 2558 1992 Macht, gegen die der einzelne schwer aufkommt.
2776 1961 3381 2012 flüssig auch die Ueberzeugurg
537 1956 1588 2022 Der Wanderer Endlos erwacht wieder zur Wirklichkeit.
1696 1976 2733 2028 Von dieser ernsthaften, um nicht zu sagen tragischen Seite
2788 1992 3404 2046 Graf wird den jungen Mann an f
481 2006 1598 2074 Drüben gekt ein deutscher Posten, das Gewehr geschultert,
1644 2010 2737 2067 her beleuchtet Schnitzler das Problem freilich nicht. Er
2785 2035 3378 2080 lange brauchen können; d.nn
1643 2039 2742 2105 steigt resolut in die Niederungen. Die Blätter, die er vor¬
482 2045 1590 2105 vor seinem Schilderhause auf und ab. Er bleibt stehen,
2774 2067 3396 2120 reichen, dessen Unglaubwür digkeit
1645 2073 2744 2143 führt, sind krasse Geschäftsunternehmungen recht mäßigen
480 2087 1596 2153 als die Gefangenen, die gelben Menschenknochen im Arm,
2780 2109 3396 2171 Und so sehe ich trübe in Herrn
1631 2125 2737 2181 Ranges. Ihnen ist die Ueberzeugung nur ein Mitiel zum
479 2128 1596 2183 bei ihm vorüber kommen und sie ins Wachhäuschen
2770 2149 2969 2204 vermute,
2955 2133 3396 2205 wird es zeulebens n
1636 2158 2741 2221 Abonnentenfang. Ihre Leiter sind sich darüber völlig klar
479 2164 1593 2230 schütten, daß es trommeelt. Dann nimmt er, gedanken¬
2779 2189 3398 2249 zur Redaktionswanze, wie sie S
1636 2204 2746 2261 und machen auch kein Hehl daraus. Die Redakteure und
474 2209 1593 2277 voll — gedankenlos, seinen Weg wieder auf. Wenn er dar¬
2776 2215 3301 2287 dem Kajetan gestaltet hat.
1629 2245 2734 2299 Mitarbeiter haben längst gekuscht. Mitunter flackert ein
486 2242 1602 2300 an dächte, daß man seine bröckligen Knochen dereinst noch
2834 2251 3405 2325 Die völlige Unbeträchtlichkeit
1649 2293 2734 2337 bißchen ohnmächtige Revolte der Ausgebeuteten auf, aber
486 2280 1602 2350 in ein Schilderhaus wersen könnte, wäre er es wohl zu¬
2784 2310 3403 2366 Stück die Spitze. Aller Aufwand
1647 2334 2741 2380 das nimmt keiner ernst; man gesteht sich unter Kollegen mit
480 2313 1602 2387 frieden? — Sein Gesicht sagt nichts, aber in dem Rock steckt
2772 2346 3391 2408 dieser Aufwand ist, wie es sich be
1665 2368 2744 2417 nehr oder weniger Zynismus, daß man sich selbst nur
489 2362 1597 2420 ein wachehabender Soldat. Wer wie er auf den russischen
2778 2381 3403 2453 steht, nicht gering. Namentlich
1639 2395 2747 2456 Komödie vorsvielt. Die demokratische „Gegenwart“ des
484 2406 1592 2468 Straßen marschiert ist, der weiß auch, daß er auf dem Weg
3176 2423 3270 2478 ist
3257 2430 3361 2487 so
2783 2421 3189 2486 sicher, die Sprache
1632 2438 2740 2497 Herrn Leuchter schillert in ällen Farben, und Herrn Satans
473 2447 896 2518 der Ewigkeit geht¬¬
2776 2473 3364 2528 zahlreichen Figuren sind so
1636 2469 2750 2532 Klatschwochenblättchen „Die elegante Zeit“ hängt sich einen
2800 2500 3365 2570 Abflauen vom zweiten Akt
1639 2513 2750 2573 fromm=feudalen Schafspelz um. Sind die Verhältnisse ein¬
2806 2537 3400 2593 Gescheitheit kann die Ermattu
523 2522 661 2601 2
713 2540 1369 2618 Deutsches Schausplelhaus.
1641 2549 2746 2609 mal so weit gediehen, wie Schnitzler hier annimmt, so ist der
2774 2587 3402 2633 Lachen, das Einzelheiten des Do
1629 2590 2749 2649 Schmock, der kann schreiben rechts und kann schreiben links,
814 2603 1271 2681 Fink und Fliederbusch.
2784 2621 3403 2673 ist nicht das Lachen, auf das sich
1631 2643 2744 2693 nicht länger verächtliche Randfigur, sondern vielmehr Held
2786 2659 3391 2729 Wuchs etwas einbilden könnte; e
599 2641 1457 2724 Komödie in 3 Akten von Arthur Schnitzler.
1644 2675 2743 2731 und Mittelpunkt. Hier hätte sich Gelegenheit zu einer
2838 2702 3394 2763 Gesvielt wurde unter Monto
1632 2714 2743 2766 blutigen Satice ergeben: wenn etwa derselbe gerissene
536 2712 1595 2777 Wollte sich ein Kritiker darüber aufregen, wie Schnitzler
2788 2738 3387 2801 voller Leitung recht gut. Den
1639 2752 2742 2803 Schuft beide gegnerische Blätter in Abhängigkeit von sich
483 2761 1599 2818 in diesem Stücke die Presse zeichnet, so verdiente er, selbst.
2784 2780 3403 2839 bester Laune und frischer Unb
1629 2793 2748 2860 gebracht und sich dadurch zum Pressekönig und Millionär
484 2797 1610 2854 als Figur darin vorzukommen. Er wäre genau so engherzig
2783 2823 3403 2871 noch gewonnen hätte, wenn de
1639 2826 2753 2883 ausgewachsen hätte. Oder es war die Möglichkeit zu einer
482 2841 1604 2893 wie jene Oberlehrer, die gegen die Konferenzszene in Wede¬
2787 2864 3378 2913 jünger ausgesehen hätte. Der
1631 2867 2756 2933 höchst lustigen Verulkung da: wenn etwa ein übermütiger
489 2872 1600 2924 kinds Frühlings Erwachen entrüstet protestierten. Was dem
2782 2902 3404 2948 wart war vollkommen: Leuchter
1634 2909 2736 2962 Abenteurer des Geistes, ein Eulenspiegel, ein „Fumiste“
498 2902 1603 2976 einen Stand recht ist, ist dem anderen billig; jeder muß es
2786 2937 3391 2991 becks resignierte Beamtenhaftigke
1646 2937 2751 2996 Pariser Schlages, sich den Spaß geleistet hätte, mit seiner
486 2937 1610 3008 sich gefallen lassen, gelegentlich vom Rampenlicht bestrahlt
2781 2970 3398 3035 Ueberzeugungstreue, Ohendorfers
1646 2971 2754 3040 Feder beide Blätter zu speisen, um sie schließlich in einem
491 2995 1605 3056 zu werden, und nicht nur vom milden der Großväterzeit,
2785 3016 3404 3071 Abendsterns knirschende Ergebun
1640 3025 2751 3080 dritten unsterblich zu blamieren. Schnitzler ging keinen
485 3025 1602 3083 sondern auch vom scharfen unserer Tage. Es ist selbstver¬
2782 3051 3379 3104 Berthold, Stettner, v. Dollen,
1635 3056 2749 3116 dieser Wege, sondern wählte einen mittleren, mittelmäßigen.
499 3071 1601 3127 ständlich, daß Schnitzler von den eigenartigen Verhältnissen
2797 3093 3402 3155 Verkörperung. Eine Meisterleist
1638 3100 2743 3151 Sein Fliederbusch ist ein Hans Naivus, ein junger, frischer
490 3113 1601 3164 Wiens ausgebt, wo selbst das Weltblatt manche Eigenschaften
2780 3127 3376 3188 Diese Figur ist offenbar eine
1648 3141 2745 3193 Kerl, der etwas anrichtet, dessen Tragweite er selbst nicht
483 3151 1605 3206 eines Wurstblatts liebevoll hegt und pflegt, wo die geschäft¬
2795 3172 3400 3218 wimneln Redaktionswanzen allen
1837 3178 2752 3232 Kleiner Berichterstatter an der „Gegenwart",
1650 3186 1852 3243 übersieht.
488 3185 1607 3243 lichen und gesellschaftlichen Rücksichten stärker binden als bei
2789 3212 3391 3263 von ihnen schreiben auch Drame
1865 3197 2755 3273 seit kurzem in der „Eleganten Zeit" unter
1636 3223 1877 3277 schreibt er
489 3230 1600 3276 uns und man sich rechtschaffen aufs Schweifwedeln vor
2792 3250 3403 3294 nicht die Geltung, die sie in Wi
1643 3247 2751 3318 dem Namen Fink politische Artikel, in deren letztem
499 3265 1596 3320 Grafen, Exzellenzen, Schauspielern und Bezirksvereinsvor¬
2793 3290 3398 3335 Dreistigkeit, Beharrlichkeit, Beher
1707 3298 2747 3347 aufs entschiedenste für die scharfmacherische Rede
1641 3306 1722 3354 er
486 3306 1600 3356 stehern versteht. Aber es wäre Verblendung, zu leugnen, daß
1642 3333 3404 3419 eines Grafen eintritt, der sich vom Rennsport auf die! Dauer nicht der dem Hinauswi
493 3344 1609 3409 wir auch in Deutschland Blätter haben, die den Mantel
3040 3480 3119 3563 —
550 3451 1094 3657 Neue
1101 3555 3399 3659 5 Gerlnge
