3344 4320
214 186 364 277 27
366 199 1517 282 uduse
1070 482 1303 571 191011377
626 511 1123 612 Der Tag, Berlin
500 617 1120 729 Der neue Schnißzler.
380 698 1248 779 [Fink und FttescAethur
390 755 1253 816 chnitzlers Komödie, die, wie wir berichteten, im
344 785 1243 866 Velkstheater zur Uraufführung gelangte, ist — so
346 836 1243 901 wird uns aus Wien geschrieben — ein heiteres
354 870 1251 948 Stück, das sich in einer nicht völlig realen Zei¬
349 907 1244 995 tungswelt abspielt. Es handelt sich um einen
348 945 1247 1019 Tagesschriftsteller, der unter zwei verschiedenen
342 985 1242 1068 Namen seine Meiningen äußert: als Fink für
335 1031 1245 1100 das eine, als Fliederbusch für das gegnerische
340 1060 1245 1134 Blatt. In der einen Zeitung bekämpft Fink den
326 1099 1242 1182 Fliederhusch in der anderen der Fliederbusch den
333 1169 1265 1264 Fink. Der Witz Arthur Schnitzlers lenkt nun die
332 1227 1243 1304 Geschichte so, daß Fink und Fliederbusch sich ge¬
340 1272 1264 1344 genseitig in ihren Artikeln schwer „beleidigen“
343 1315 1261 1383 Man verlangt von Fink, daß er sich mit Flieder¬
340 1341 1244 1421 busch, von diesem, daß er sich mit Fink schlage.
338 1385 1245 1460 Und die Forderung ergeht. Der Zweikampf
328 1421 1249 1497 kommt zustande. Der vielversprechende Jour¬
330 1472 1249 1524 nalist müßte mit sich selbst das Duell ausfechten.
339 1496 1250 1579 Auf dem Kampfplatz wird die Sache in sehr
338 1537 1252 1615 witziger Weise gelöst. Die Komödie endet mit ech¬
336 1579 1247 1655 tem Lachen und ein paar Peitschenschlägen gegen
333 1619 1214 1674 allerlei Leute, die dergleichen wohl verdienen.
375 1664 1240 1726 Die Wiener Kritik macht dem Dichter, der sich
334 1693 1246 1762 schon sehr, sehr lange nicht in so guter Laune
328 1733 1232 1799 gezeigt hat, zum Vorwurf, daß er die Welt, die
335 1774 1241 1852 er schildert, nicht recht konne. Das Merkwürdigste
332 1812 1243 1901 aber isti man hält das Lustspiel trotzdem für ein
329 1846 1231 1925 Schlüsselstück. Ein Schauspieler soll auch die Ge¬
328 1889 1229 1965 schmacklosigkeit gehabt haben, bei der Generalprobe
325 1930 1222 2005 in der Maske eines kürzlich verstorbenen Wiener
321 1979 1226 2051 Zeitungsmannes aufzutreten, was man sich ener¬
310 2007 583 2057 gisch verbat.
363 2049 1226 2112 In Berliner Pressekreisen ist übrigens die
325 2092 1229 2149 Anekdote von dem Journalisten, der in verschie¬
313 2113 1219 2197 denen-Blättern mit sich selbst polemisiert, seit
310 2175 1220 2216 jeher bekannt. Wenn wir nicht irren, wurde sie
320 2214 1225 2272 auch als lustiges Stücklein von einem bekannten
310 2253 1232 2317 Publizisten literarisch zum besten gegeben, ohne
311 2286 1231 2362 irgend jemandes Unwillen hervorgerufen zu
314 2312 468 2370 haben,
357 2350 1223 2431 Auch bei der Frankfurter Aufführung hat, wie
295 2391 1216 2466 uns ein eigener Drahtbericht meldet.
320 2422 1226 2503 „Fink und Fliederbusch“ sehr freundlichen Beifall
302 2473 519 2539 gefunden.
1140 2841 1376 2930 19900 1917
601 2871 1330 3029 Konag Patandt in, iseh
481 3057 1621 3151 (Deutsches-ol### Züm Ersten Male „Fink unds
346 3112 1570 3169 Fliederbusch“, Komödiek in vier Bildern von Arthur Schnitz¬
354 3153 1399 3216 ler. Mit dieser Komödie, — einem Journalistenstück ¬
1472 3167 1575 3219 hat
355 3195 1567 3245 Schuiterseine Jung=W#ner Vergangenheit verleugnet, was
345 3213 1572 3301 man, wenn der Versuch biser gelungen wäre sicherlich nicht zu
350 3268 1572 3340 bedauern hätte. Es hat sich diesmal wieder gezeigt daß Schnitzlers
430 3320 1575 3370 #ke weder im Lustspiel noch im Drama, sondern einzig und
348 3348 1564 3422 allein in der Novelle und im Einalter liegt. Auch in seiner letz¬
349 3399 1578 3460 ten Komödie wird ein an sich lustiger, wenn auch nicht neuer
346 3444 1566 3504 Einfall so sehr in die Länge gezogen daß das Interesse des Pub¬
337 3487 1566 3555 likums — die große Masse dürfte diesem Stücke überhaupt wenig
337 3523 1562 3582 Verständnis entgegenbringen — nach dem überaus beifällig auf¬
350 3560 1560 3626 genommenen ersten Akt so sehr nachließ, deß sich Schnitzler schließ¬
346 3608 1566 3671 lich mit einem Achtungserfolg begnügen mußte. Das Deutsche
354 3644 1558 3692 Volkstheater hat sich des letzten Schnitzlerstückes mit sehr viel
338 3687 1559 3733 Liebe angenommen und auch die kleinsten Rollen mit ersten Kräf¬
343 3729 1562 3793 ten besetzt. Ausgezeichnet war Herr Edthofer, dem es gelang,
344 3772 1556 3823 aus dem Gesinnungslumpen Fink=Fliederbusch eine sympathische
338 3811 1559 3886 Figur zu machen. Alle übrigen „Mitarbeiter“ vom Chefredakteur
342 3844 1557 3904 bis herab zum Reporter, taten ihr Bestes um die neueste Schnitzler¬
337 3893 1556 3955 nummer möglichst amusghit „herauszubringen“ Trotzdem wäre
345 3923 1549 3993 es aut, wenn Kajetan clch dieschal den Nekrol#g schon im Vor.
996 3961 1172 4029 UA4A
339 3975 816 4039 aus fertiggestellt hätte),
1664 182 2129 275 box 33/1
1957 465 2107 569 K0
2325 580 2455 663 T
2531 721 3090 814 +
1996 763 3073 852 (Ein neues Schnihler-Stück.) Im Deutschen Volks¬
1873 812 3070 895 thetter in Wien Muem=Mittwoch. 14. d. M., zum ersten¬
1877 843 3042 938 mal'die dreiaktige Komödie „Fink und Fliederbusch“
1877 884 1979 933 von
1985 883 3060 970 Artur Schnitzler gegeben, die eine sehr geteilte Aufnahme
1879 904 1993 971 fand
1989 938 3066 1010 „Fink und Fliederbusch“ baut sich auf den anekdotischen
1873 966 3071 1034 Einfli auf. daß ein junger Zeitungsschreiber, der zwei politische
1873 1005 3054 1089 Gesinnungen, somit gar keine hat, mit sich selbst polemisiert und
1871 1035 3052 1109 mit sich selbst in ein Duell gerät Es ist eine Journalisten¬
1867 1086 3064 1156 komödie, in der sich zuerst eine Satire gegen die Auswüchse des
1865 1119 3052 1203 modernen Zeitungswesens zu entwickeln scheint, doch gebricht es
1866 1163 3051 1248 dieser Satire an zutreffendem Witz und die Zustandschilderungen
1860 1182 3052 1279 beruben auf einer sehr ungenauen Kenntnis der tatsächlichen Ver¬
1863 1224 3060 1329 hältnisse. Die meisten Kritiken lehnen die neue Komödie ab,
1866 1270 2817 1346 die jedoch einen freundlichen äußeren Erfolg erzielte.
1903 1713 2816 1792 ———. * Scntoralaplatz Nl .
2528 1775 2779 1844 TaHOU197
1965 1866 2799 1977 Berliner Local Anzeiger
2066 2019 2824 2145 Der neue Schnißler—
1941 2125 2826 2179 [„Fink und Fliederbusch" Arthur
1958 2159 2822 2217 hnitzlers Komödie, die, wie wir berichteten, im
1943 2214 2832 2271 Volkstheater zur Uraufführung gelangte, ist — so
1978 2249 2825 2306 rd uns aus Wien geschrieben — ein heiteres
1924 2294 2832 2335 Gtück, das sich in einer nicht völlig realen Zei¬
1924 2331 2832 2381 tungswelt abspielt. Es handelt sich um einen
1926 2373 2825 2417 Tagesschriftsteller, der unter zwei verschiedenen
1932 2414 2826 2458 Namen seine Meinungen äußert: als Fink für
1921 2453 2816 2499 das eine, als Fliederbusch fur das gegnerische
1923 2481 2822 2540 Blatt. In der einen Zeitung bekämpft Fink den
1937 2526 2834 2591 Fliederbusch, in det aederen der Fliederbusch den
2313 2567 2408 2634 K
1915 2619 2846 2675 Fink. Der Witz Arthur Schnitzlers lenkt nun die
1933 2662 2825 2715 Geschichte so, daß Fink und Fliederbusch sich ge¬
1933 2703 2843 2763 genseitig in ihren Artikeln schwer „beleidigen“.
1927 2744 2829 2798 Man verlangt von Fink, daß er sich mit Flieder¬
1933 2778 2831 2831 busch, von diesem, daß er sich mit Fink schlage.
1929 2829 2828 2879 Und die Forderung ergeht. Der Zweikampf
1927 2867 2828 2911 kommt zustande. Der vielversprechende Jour¬
1938 2907 2831 2948 nalist mußte mit sich selbst das Duell ausfechten.
1942 2939 2832 2993 Auf dem Kampfplatz wird die Sache in sehr
1940 2979 2836 3027 witziger Weise gelöst. Die Komödie endet mit ech¬
1930 3026 2829 3071 tem Lachen und ein paar Peitschenschlägen gegen
1943 3072 2813 3113 allerlei Leute, die dergleichen wohl verdienen.
1969 3095 2830 3143 Die Wiener Kritik macht dem Dichter, der sich
1932 3133 2840 3188 schon sehr, sehr lange nicht in so guter Laune
1944 3187 2839 3233 gezeigt hat, zum Vorcurf, daß er die Welt, die
1942 3214 2833 3267 er schildert, nicht recht lenne. Das Merkwürdigste
1937 3257 2839 3298 aber ist: man hält das Lustspiel trotzdem für ein
1945 3287 2840 3337 Schlüsselstück. Ein Schauspieler soll auch die Ge¬
1949 3326 2838 3390 schmacklosigkeit gehabt haben, bei der Generalprobs
1952 3382 2837 3421 in der Maske eines kürzlich verstorbenen Wiener
1950 3412 2845 3475 Zeitungsmannes aufzutreten, was man sich ener¬
1939 3454 2194 3514 gisch verbat.
1961 3468 2840 3536 In Berliner Pressekreisen ist übrigens die
1950 3519 2839 3575 Anekdote von dem Journalisten, der in verschie¬
1949 3566 2839 3612 denen Blättern mit sich selbst polemisiert, seit
1951 3601 2843 3664 jeher bekannt. Wenn wir nicht irren, wurde sie
1957 3634 2846 3694 auch als lustiges Stücklein von einem bekannten
1955 3692 2847 3737 Publizisten literarisch zum besten gegeben, ohne
1957 3722 2850 3771 irgend jemandes Unwillen hervorgerufen zu
1945 3768 2086 3820 haben.
1987 3778 2844 3845 Auch bei der Frankfurter Aufführung hat, wie
1944 3834 2844 3883 uns ein eigener Drahtbericht meldet.
1954 3868 2855 3934 „Fink und Fliederhusch“ sehr freundlichen Beifall
1937 3918 2205 3983 RT
