3392 4256
1725 67 2180 170 box 33/1
263 50 1588 174 27 Einkund Friederbusch
1563 492 1699 585 HOUTR:
1155 496 1881 683 Nene Preie Procse, Wies
1242 820 1337 909 „
140 1206 429 1300 d gestaltet.
741 1203 2113 1307 eoensolbemig ion sene de Wiedetherftenung der welllichen Perosssten.
739 1277 1894 1365 Macht des Papstes. Die Fama erzählt, der ehrwürdige
1978 1300 3071 1379 Seiner Friedensrede, welche bei der Entente vor¬
144 1305 712 1414 an der italienischen
749 1328 1892 1408 Träger der Tiara habe unlängst den Ausspruch getan:
1904 1346 3076 1443 läufig noch nicht auf fruchtbaren Boden gefallen ist,
745 1380 1902 1458 Der Fall könne leicht eintreten, daß sowohl er als König
140 1380 353 1474 iront.
1893 1398 2837 1481 folgten mit Blitzesschnelle die Siege in Italien,
742 1426 1906 1511 Viktor Emanuel Rom verlassen müßten — nur mit dem
1974 1445 3072 1539 Politisch und militärisch ist, unsere Lage eine
154 1438 726 1541 rtier wird am 14. November,
738 1473 2135 1559 Unterschiede, daß er in kürzester Zeit wieder in den I glänzende.
2163 1535 2298 1615 FEE GEE
183 1536 728 1638 wesentliche Aende¬
1891 1601 3064 1689 einer etwas kleinstädtischen Art. Gemeinsam ist allen diesen
1105 1593 1528 1722 Feuilleton.
1907 1652 3065 1721 Stücken, daß sie eine durchaus vergangene Form des Jour¬
1892 1702 3066 1770 nalismus ins Auge fassen, was zumal von dem bekanntesten
141 1679 307 1777 elbet:
1890 1752 3059 1811 und volkstümlichsten, den Freytagschen „Journalisten“ gilt,
252 1734 733 1832 Westen und Osten
868 1726 1781 1839 Arthur Schnitzlers neue Komödiel
1894 1794 3057 1865 die ja auch schon über sechzig Jahre alt sind. In diesem
805 1797 1880 1891 Der Gedante, den Joumnalisten, der Tag für Tag
1887 1841 3059 1898 Zeitraum aber hat sich das moderne Zeitungswesen unter
164 1825 723 1934 iche Kämpfe im Ge¬
734 1861 1891 1946 der Zeit seinen Spiegel vorhält, auch seinerseits einmal
1890 1888 3065 1969 dem Einfluß der großen technischen Errungenschaften, des
734 1910 1871 1982 zwischen Spiegel zu stellen, ihn komisch in Bewegung zu
1888 1933 3057 1997 Telephons und Telegraphen vor allem, recht eigentlich erst
732 1962 1890 2035 setzen und gleichsam durch ein Lachkabinett zu jagen: dieser
1880 1985 3064 2058 entfaltet. Der Journalismus der fünfziger Jahre des vorigen
148 1987 723 2083 er Generalstabsbericht.
726 2007 1881 2083 Gedanke ist zu naheliegend, um neu zu sein. Vor Schnitzler,
1890 2027 3053 2080 Jahrhunderts, den Freytag launig, aber auch ernsthaft dar¬
726 2048 1883 2126 der ihn in seiner neuesten, gestern im Deutschen Volks¬
161 2058 673 2146 : „14. November 1917.
1891 2071 3054 2144 stellt, verhält sich denn auch zu dem heutigen ungefähr wie
731 2098 1885 2173 theater erstmalig zur Aufführung gebrachten Komödie
1886 2120 2707 2190 eine Postkuische zu einem Eisenbahnzug :
2691 2125 3060 2204 — einem Eisen¬
148 2116 719 2212 ern in Feltre und Fonzaso
723 2149 1887 2219 „Fink und Fliederbusch“ dramatisch abwandelt, haben ihn
1886 2170 2879 2235 bahnzug, über dem bereits ein Acroplan schwebt.
726 2200 1880 2275 große Schriftsteller der Vergangesheit zum Ausgangspunkt
1964 2212 3051 2281 Dieser Aeroplan scheint nach Ansicht des Herrn Kajetan,
131 2210 726 2300 les hat die Armee des
718 2239 1875 2324 erfolgreicher Theaterstücke gemacht, vor allem zwei, der
1880 2253 3043 2332 der lustigsten Figur des Schnitzlerschen Stückes, dasjenige
146 2271 711 2334 scheuchenstuel die in den
724 2285 1872 2355 Deutsche Gustav Freytag und der Franzose Emile Augier,
1873 2317 3054 2380 zu sein, was diest. Windbeutel die „Identität der Gegen¬
148 2314 716 2384 folge mächtig ausgebaut.
717 2331 1872 2417 der eigentliche Schöpfer jener Gatiunn Stücke, die Laube
1871 2357 3060 2441 sätze“ nennt. Kajetan versieht hierunter offenbar jenen Aus¬
144 2360 721 2430 Primolano und ersturmten,
720 2376 1872 2457 Gegenwartsstücke genannt hat. Im „Pelikan“, einem vor¬
1872 2405 3046 2489 gleich einander widerstrebender Ueberzeugungen, der zur
146 2418 717 2470 Monte Longara genommen
726 2429 1872 2508 mals berühmten Burgtheaterstück, das dem jungen
1871 2460 3052 2519 völligen, freischwebenden Ueberzeugungslosigneit führt, und
143 2466 714 2519 ehrere Verteidigunganlagen
712 2464 1875 2551 Schnitzler einen gewissen Eindruck hinterlassen haben mag,
1873 2496 3039 2554 glaubt in einem solchen, gewiß mit Unrecht, die zukünftige
139 2509 706 2583 Panzerwerk auf dem Monte
722 2518 1871 2594 hat Augier einen Journalisten zum Helden einer weitver¬
1882 2552 3054 2619 Form der Presse zu erblicken. Uebrigens braucht man die
712 2558 1875 2631 zweigten und ziemlich hoch hinaufgreifenden Gesellschafts¬
1871 2588 3061 2662 Meinungen Kajetans, der als ein Affe des Journalismus
140 2588 709 2665 fenden verbündeten Streit¬
712 2600 1864 2688 satire gemacht, und Freytag ist noch einen Schritt weiter
1871 2626 3043 2697 vielgeschäftig durch Schnitzlers Komödie wimmelt, glück¬
166 2651 712 2730 Adria bis zum Pasubio
719 2671 1859 2721 gegangen, indem er anstatt eines einzelnen Zeitungs¬
1862 2676 3039 2757 lichetweise nicht einen Augenblick lang ernst zu nehmen; sie
722 2719 1870 2770 schreibers gleich eine ganze Redaktion auf die Bühne
1873 2728 3039 2797 haben sogar in dem Stück selbst keine andere Bedeutung, als
145 2724 712 2809 re Stoßtruppen den Feind
710 2754 1871 2833 brachte und mit der in einem derartigen Brennpunkte des
1869 2776 3038 2850 die eigentliche Handlung zu bewitzeln, die ihrerseits dasselbe
159 2793 698 2859 Gesangene und Maschinen¬
708 2797 1868 2890 öffentlichen Lebens mehr vermuteten als wirklich vor¬
1865 2821 3040 2900 Problem, die Stichhältigkeit von journalistischen Ueber¬
139 2835 305 2896 ieben.
712 2847 1861 2940 handenen Heiterkeit ein großes Publikum im Theater
1866 2882 3035 2937 zeugungen, ja von Ueberzeugungen überhaupt, komödien¬
152 2860 698 2965 Balkan nichts von Belang.
715 2894 1858 2973 freihielt. Schließlich ist auch Ibsen der Figur des Jour¬
1867 2932 3060 2990 haft in Frage zieht. Auch der mehr als zweifelhafte Held von
164 2935 666 3016 Chef des Gereralstabes.“
702 2937 3072 3062 nalisten wiederheit Mamatisch nabegetreten, wenn auch inSchnitzlers Journalistenkomödienämlich, ein kleiner Reporter.
