3344 4320
2028 144 2111 190 —
1688 207 2136 297 box 33/1
223 222 1543 303 27. Einkund Friederbusch
715 879 1753 920 on zwingender Noblesse und Haltung, aber auch er?
711 922 1736 972 ißt zu wenig von dem innerlichen Hochmut des ge¬
713 956 1735 1029 heiten Aristokraten spüren, für den alle leidenschaft¬
1734 979 1837 1046 und
709 995 1731 1043 ichen Kräfte des Lebens nur auf Einbildungen be¬
1723 1037 1841 1088 Ab
707 1044 1735 1102 uhen und der das Sportliche auf die Politik
1737 1078 1846 1141 Sch
701 1084 1724 1150 benso wie auf alle Daseinsbetätigung anwendet; er
708 1119 1837 1187 st mehr ein Graf Trast in einem Drama „Ueber= F=7
1725 1160 1835 1212 geg
699 1172 1724 1221 eugung“. Vortrefflich Herr Thaller als der in
1723 1201 1834 1253 ver
694 1205 1726 1269 ournalistischer Anonymität untergegangene Offizier,
1736 1241 1831 1290 Ste
688 1250 1733 1303 oortrefflich Herr Forest als Kajetan — eine pracht¬
685 1287 1845 1342 volle Meisterkarikatur, lästig, schnurrend, hastig alles Ew
691 1326 1833 1369 eigentliche versäumend; Herr Fürth als Sportblatt= ten
697 1369 1836 1430 redakteur und Herr Homma als oportunistischer Au
1723 1399 1830 1452 vor
689 1417 1724 1470 Feuilletonist. Die Herren Klitsch, Kutschera,
1734 1437 1826 1495 Au
686 1442 1726 1501 Ranzenhofer Götz und Aslan. Warum
1723 1481 1838 1537 der
693 1496 1728 1557 für die kleine Rolle einer eleganten, liebenswürdigen,
1724 1526 1813 1579 ist
684 1537 1717 1583 noch immer schönen Wiener Fürstin Fräulein Wal¬
1734 1563 1829 1630 daß
689 1579 1719 1629 dow diese scharfe, spitzige, sehr sichere und gar nicht
675 1609 1824 1687 elegante Parodistin gewählt wurde, ist nicht leicht zu frei
1723 1647 1836 1699 Er
691 1653 887 1723 erklären.
1716 1691 1837 1746 gut
861 1682 1718 1753 Monomane oder Sportsman. „Fink und
1722 1730 1829 1778 heb
686 1713 1724 1787 Fliederbusch“ ist in seiner verwegenen Beartur, feiner
1731 1766 1837 1836 Tri
689 1776 1724 1832 kecken Heiterkeit, die mit allen Grundsätzen“ des
693 1812 1733 1877 Lebens ironisch Fangball spielt, in seiner oft aeflissent¬
1750 1833 1808 1896 N
684 1862 1714 1912 lich die Grenzen des Lustspielhaften überfliegenden
1721 1893 1827 1943 Pie
689 1906 1722 1961 Freude an Ornament und Groteske beinahe auch eine
1719 1935 1824 1988 Ko
684 1947 1719 2004 Sportleistung. Aber wenn Arthur Schnitzler wieder¬
1719 1970 1823 2024 tech
688 1974 1723 2040 kommt, wird er uns als „Monomane“ lieber sein.
1729 2016 1826 2065 unt
680 2021 1720 2080 Als Monomane seiner wunderschönen Menschlichkeit,
1726 2059 1825 2109 gen
682 2062 1720 2123 seiner lebenspendenden, atmende Geschöpfe bildenden
1731 2098 1826 2146 vor
687 2107 1709 2159 Dichterkraft, seiner überlegenen Geistigkeit; und vor
1732 2138 1822 2194 die,
685 2147 1715 2197 allem seiner Güte, von der man in der merkwürdig
1724 2176 1823 2227 In
682 2190 1719 2253 bitteren Fröhlichkeit dieses Spiels kaum einen Hauch
692 2229 931 2293 spürt
1338 2229 1700 2301 Richard Specht.
1726 2177 1844 2358 K
753 2296 869 2363 Die
867 2292 1712 2375 Vereinigung der Düsselborfer und
1711 2338 1777 2394 di
692 2335 1717 2422 Dutsburger Stadttheater. Man schreibt uns aus
1722 2365 1843 2449 grau
689 2398 1721 2455 Düsseldorf: Die Stadttheater von Duisburg
690 2430 1735 2499 und Düsseldorf sind miteinander zu einem Betriebe
1718 2464 1846 2532 Tsch
681 2477 1716 2531 vereinigt. Da gegenwärtig die Verlängerung des
687 2514 1849 2580 Vertrages mit dem jetzigen Theaterleiter, Direktor Stre
682 2559 1847 2623 Zimmermann, zur Erörterung stand, beschlossen gün
684 2603 1844 2647 die Stadtverordneten, eine gewisse Trennung zwischen fülle
687 2639 1732 2700 Schauspiel und Oper in der Art vorzunehmen, daß
1721 2645 1843 2693 char
680 2674 1840 2737 künftig der Schwerpunkt des Schauspiels nach Duis= Kin
1734 2728 1833 2776 und
684 2714 1711 2775 burg verlegt werden soll. In dem Duisburger neu
687 2772 1722 2820 erbauten Theater steht den Schauspielern eine gute
1725 2766 1841 2819 ihre
683 2807 1713 2853 Probebühne zur Verfügung, während die Proben
1719 2809 2749 2857 Phänomenen durchaus nicht erklaren. Die Kowratur
2741 2821 2787 2887 T
679 2849 1709 2903 des Schauspiels in Düsseldorf durch die Oper stark
1721 2845 2751 2906 ist nicht mühelos, der Triller nicht ziseliert, die Höhe
2743 2883 2850 2929 de
683 2886 1721 2940 behindert sind. Es wäre zu wünschen, daß diese Re¬
1720 2892 2748 2942 nicht reine Flamme, da helfen schnell ein paar süße
2743 2919 2866 2979 tic
679 2925 1720 2984 gelung im Laufe ihrer Entwicklung dazu führte, daß
1721 2931 2748 2985 Kopftönchen nach, der rosig herzige Klang der Mittel¬
2742 2951 2789 3001 I
685 2970 1718 3023 überhaupt eine Scheidung zwischen den Stadttheatern
2756 2960 2861 3044 *
1715 2965 2760 3039 lage streichelt schnell die Sorgenfalten von den
1721 3000 2748 3064 „Denkerstirnen“, und der Gankler Rhythmus treibt
677 3010 1720 3059 von Düsseldorf und Dursburg erfolgt, daß das bis¬
1725 3052 2748 3105 seine harmlosen Neckereien. Musik und Tänz um¬
684 3045 1719 3096 herige Düsseldorfer Stadttheater nur noch Oper
676 3081 1719 3138 bleibt und daß das Düsseldorfer Schauspielhaus von
1718 3086 2752 3145 schweben als freundliche Amoretten den willigen
685 3125 1720 3179 Luise Dumont und Gustav Lindemann die
1718 3131 2743 3185 Hörer. Der Kritiker soll diese reizende Idylle nicht
684 3175 2744 3245 finanzielle Unterstützung erhält, die bisher das knarrend stören, es genügt ein fröhliches Augurn¬
1539 3214 1718 3270 In der
678 3206 1474 3263 Schauspiel des Stadttheaters genießt.
1717 3207 2750 3270 zwinkern, wenn Norina=Ivogün aus Don Pas¬
682 3250 1720 3320 Oper tritt insofern eine Aenderung ein, als der bis¬
1721 3249 2756 3310 quale von Donizetti singt: „Ich kenne schon die
1716 3292 2764 3351 Schlingen, ins Netz sie einzubringen, sie fühlen dann
678 3296 1718 3342 herige erste Kapellmeister Fröhlich, ein fein¬
1721 3333 2738 3388 so Lust als Schmerz nein!!! mir entgeht kein Herz.“
680 3341 1708 3403 sinniger Musiker, selbständiger Leiter der Oper wird.
2452 3361 2834 3437 t eine tüchtige—
1771 3382 2414 3431 Ilse Veda Duttlinger
1576 3374 1692 3453 He.
1712 3417 2765 3479 Geigerin mit großem Ton, solidem Musikempfinden
1715 3453 2753 3513 und Sinn für äußere Kontraste. Rhythmische Frei¬
1013 3444 1403 3531 Theaterkalender.
1714 3495 2741 3539 heit ist noch anzustreben, die Klarheit des empfin¬
749 3493 1707 3559 Königl. Bühnen. Eingetretener technischer Hinder¬
2743 3504 2830 3570 10
1726 3534 2751 3595 dungswarmen Spiels durch Ausmerzen von Neben¬
688 3548 1718 3599 nisse wegen ist eine Verschiebung einzelner Vorstellungen
2754 3575 2820 3633 1:
1725 3577 2740 3633 geräuschen beim Ansatz noch zu verbessern. Technik
689 3587 1712 3639 der laufenden Woche notwendig geworden. Der Spielplan
2748 3626 2804 3664 54
1714 3630 2680 3681 und Intonation sind gut, die Grundlagen für
684 3617 1716 3669 lautet nunmehr: im Opernhaus am Donnerstag, den
687 3661 1717 3715 22., „Fidelio“, am Freitag, den 23., Neueinstudierung
1714 3650 2759 3734 deihliche Weiterentwicklung gegeben. Am Klavier
2731 3664 2834 3743 11
677 3690 1715 3739 der „Jüdin“ am Sonnabend, den 24., „Rappel¬
1711 3694 2309 3764 Meisterbegleiter W. Scholz.
680 3730 1720 3784 kopf“ und im Schauspielhause am Donnerstag,
1777 3732 2756 3796 Der Männerchor des Beethoven=Quartetts
688 3769 1708 3816 den 22., „Die Räuber“ und am Freitag, den 23., „Die
2739 3756 2824 3817 21
1722 3783 2823 3854 pflegt in seinem diesjährigen Konzert mit gutem Er¬40
687 3804 1712 3853 Journalisten“. Die im Vorverkauf bereits verkauften
1726 3825 2822 3877 folg den Kammerst'l und belebt das Interesse durch 1 6#
689 3824 1704 3891 Eintrittskarten behalten ihre Gültigkeit für dieienigen
1714 3863 2822 3922 ausschließliche Aufführung von Choren lebender! 84
680 3872 1702 3923 Werke (nicht Abende), zu welchen sie gekauft sind.
1716 3894 2753 3947 Berliner Tonsetzer: Fr. E. Koch, Robert Kahn,
680 3909 1715 3957 Die Karten werden auch an der betreffenden Theaterkasse
688 3943 1725 3996 zum Kassenpreise zuzüglich des amtlichen Aufgeldes zu¬
1715 3951 2816 4002 Karl Kämpf, Otto Taubmann, Georg Schu= 11
2736 3976 2825 4029 13
682 3980 1704 4031 rückgenommen; jedoch spätestens bis zum Beginn der Vor¬
1726 3991 2741 4047 mann, Hugo Kaun. Der Chormeister, kgl. Hof¬
682 4022 1712 4070 stellung desjenigen Tages, zu welchem sie gekauft sind.
2746 4018 2817 4064 14
1720 4031 2740 4086 und Domjänger Hans Mießner leitet umsich¬
2735 4054 2820 4101 16
675 4051 1496 4115 Eine spätere Zurücknahme ist ausgeschlossen.
1712 4072 2734 4118 tig, temperamentvoll und mit peinlicher, dabei hoch¬
2735 4091 2826 4136 18
755 4091 1714 4147 Die Meinhard=Bernauer=Bühnen am Toten¬
1717 4108 2732 4154 musikalischer Genauigkeit seine 30 Sänger aus denen
2740 4119 2838 4181 19—
689 4117 2726 4190 sonntag. Das Ensemble des Theaters i. d. Königgräterler alle Schattierungen vom vo bis zum kk zu holen
818 4166 865 4196 70
