3344 4384
243 277 407 364 27.
1700 267 2149 355 box 33/1
418 282 1546 385 Fink und Fliederbusch
1815 1006 2644 1073 Einige Tage später trat Schnitzler
881 1025 1746 1085 des Tages Sorge und Arbeit nicht bloß um
1763 1059 2636 1135 mit einem neuen Werke vor das Publikum.
882 1090 1747 1143 die Lebensfreude, sondern auch um die Zeit
1776 1123 2638 1175 Während Schönherr, wie früher erwähnt,
886 1122 1747 1195 zur Erfüllung der heiligsten Weibesaufgabe,
1778 1163 2642 1230 sich der Einschachtelung in ein bestimmtes
881 1177 1746 1255 der Mutterpflicht, gekommen ist, wie sie,
1761 1211 2638 1269 Genre aus Eigenem gefügt hatte, weil in
886 1237 1761 1291 die ihrem Manne an Jahren und Verstand
1764 1262 2640 1330 dem Boden des Tirolerlandes die Wurzeln
890 1276 1757 1347 überlegen, spürt, daß sie ihn und sich um
1779 1324 2640 1370 seiner Kraft ruhen, hat Schnitzler die ihm
884 1332 1749 1384 das höchste Lebensglück betrogen hat, wie
1767 1365 2648 1426 von der Mitwelt gesetzten Schranken der
891 1382 1755 1436 sie schließlich in reuiger Erkenntnis in den
1780 1426 2642 1478 dramatischen Eleganz schon wiederholt durch¬
888 1432 1752 1490 Tod geht, um so ihre tragische Schuld zu
1774 1457 2642 1518 brochen und beispielsweise im „Grünen
895 1485 1759 1539 sühnen, das ist in den sechs Aufzügen mit
1774 1520 2639 1576 Kakadu“, im „Ruf des Lebens“ oder im
884 1524 1757 1594 unerhörter dichterischer Kraft geschaut, ge¬
1774 1572 2638 1628 „Jungen Medardus“ gezeigt, daß in ihm mehr
895 1576 1755 1644 schildert und zum Abschlusse gebracht. Aus
1779 1616 2658 1673 steckt als der bloße „Erotiker“. Vollends in
891 1626 1758 1684 zahlreichen kleinen Bildern und poetischen
1768 1657 2651 1727 seiner neuen Komödie „Fink und Flie.
898 1673 1752 1747 Vergleichen, die aus tiefgründiger Betrach¬
1778 1721 2642 1771 derbusch“ sagt er sich von seiner bis¬
897 1721 1764 1782 tung der Natur und ihrem ewigen Wechsel
1782 1758 2656 1817 herigen. Welt interessanter Gestalten, von
885 1780 1758 1831 fließen, formt Schönherr mit ehernen Strichen
1781 1808 2649 1868 dem crotischen Milieu völlig los, um ein
895 1821 1765 1895 das Kolossalgemälde der Unfruchtbarkeit,
1780 1856 2636 1911 für in neues Problem mit all dem Tempe¬
890 1872 1753 1935 die erschütternde Tragodie der Kinderlosig¬
1785 1911 2655 1973 raniente, das ihm eigen, mit der scharfen
888 1924 1768 1982 keit. An ihrem granitenen Bau zerschellt
1785 1972 2654 2018 Beobachtungsgabe, über die er gebietet,
900 1984 1766 2024 armseliger Feuilletonwitz, der das erhabenste
1782 2010 2658 2067 anzuschneiden und zu lösen. Um nicht
899 2030 1758 2088 menschliche Problem bespötteln möchte.
1784 2055 2649 2122 weniger geht es hier, als um die Reinigung
900 2067 1769 2131 Gewiß: Trotzdem Schönherr populät ge¬
1776 2112 2648 2168 des Lebens von Vorurteilen und morsch¬
904 2126 1774 2182 worden, trotzdem er sogar in Mode gekommen,
1786 2155 2640 2222 gewordenen Anschauungen, um das Nieder¬
903 2165 1761 2232 ist er doch ein Dichter von Gettes Gnaden'
1783 2215 2661 2266 reißen des Kastengeistes, vor allem aber
897 2218 1770 2279 einer der wenigen großen Künstler, auf die
1788 2259 2657 2323 um dis Befreiung der öffentlichen Meinung
902 2261 1764 2337 Oesterreich stolz zu sein alle Ursache hat.
1793 2314 2654 2366 von „Beziehungen“, denen zuliebe die Wahr¬
911 2313 1759 2391 „Frau Suitner“ hat dies aufs neue und ein¬
1789 2359 2654 2408 heit gefälscht, die eigene Ueberzeugung
907 2370 1763 2431 dringlicher denn je bewiesen. Mit der Auf¬
1791 2415 2648 2461 unterdrückt, echtes Gefühl zur Lüge umge¬
905 2407 1770 2478 führung seines Werkes dürfte auch Schön¬
1793 2456 2661 2502 bogen wird. Daß Schnitzler zur Abwandlung
905 2463 1774 2528 herr sehr zufrieden gewesen sein. Das
1801 2511 2666 2562 seines dichterischen Vorwurfes sich diesmal
903 2515 1774 2572 Burgtheater stellte dem Dichter seine
1795 2555 2659 2616 die Journalistenwelt erkoren hat, dürften ihm
897 2563 1774 2623 besten Kräfte zur Verfügung. Allen voran die
1786 2612 2663 2679 gerade die Journalisten, die beruflich über
895 2607 1769 2674 Bleibtreu, die in der Titelrolle eine Ge¬
1792 2656 2663 2712 alle Welt zu urteilen haben, am wenigsten
908 2665 1772 2727 stalt von wundervoller Eindringlichkeit und
1798 2703 2661 2767 verübeln. Nach der Schilderung militärischer
906 2713 1769 2777 erschütternder Größe schuf. Der Kaspar des
1791 2749 2655 2809 Mißstände („Leutnant Gustl“), ärztlicher
900 2760 1770 2817 Herrn Paulsen war durchaus boden¬
1800 2797 2659 2872 Scheelsucht und Mißgunst („Professor Ber¬
905 2809 1768 2876 ständig, erhielt durch die gelungene Mischung
1805 2847 2661 2910 nardi*), Theaterintriguen („Freiwild“), aristo¬
914 2857 1776 2919 von Gutmütigkeit und jähzorn die vom
1794 2906 2658 2955 kratischer Unmoral („Komtesse Mizzi“),
910 2907 1781 2977 Dichter gewünschte Natürlichkeit. Voll Saft
1798 2957 2667 3020 lüftet er mit kühner Hand den Vorhang vor
903 2954 1766 3018 und Kraft auch die Gretl der Medelsky,
1791 3002 2659 3068 gewissen Zeitungsredaktionen, in denen die
917 3007 1774 3078 und eine schauspielerische Leistung aller¬
1804 3046 2665 3112 öffentliche Meinung sogenannten Beziehungen
906 3062 1785 3135 ersten Ranges die Zipfl-Moidl des Fräulein
1798 3106 2673 3169 zu Liebe auf politischem und künstlerischem
901 3115 1780 3173 Mayer, eine verbissene alte Jjungfer, wie
1793 3143 2668 3204 Gebiete gefälscht und in ihr Gegenteil ver¬
907 3158 1776 3230 sie im Büchl steht. In der Wiedergabe aller
1800 3196 2657 3266 kehrt wird. Nur kuzsichtiges Standesbewußt¬
916 3209 1783 3278 übrigen Rollen war vollstes Verstehen der
1802 3241 2679 3309 sein kann leugnen, daß solcher Mißbrauch
918 3256 1778 3316 Absichten des Dichters zu erkennen, die
1799 3293 2678 3358 mit der den journalisten eingeräumten Gewalt
915 3306 1781 3381 ganze Vorstellung von Treßler meisterhaft
1804 3346 2672 3408 leider wirklich getrieben wird und geeignet
910 3349 1778 3416 inszeniert, auf einen wunderbar einheitlichen
1794 3395 2679 3451 ist, den ehrenwerten Stand anständiger und
925 3408 1776 3469 Ton gestimmt. Der Sieg Schönherrs wurde
1796 3445 2684 3509 rechtlich denkender Journalisten in schlechten
922 3456 1721 3537 so auch zum Triumph des Burgtheaters.
1744 3533 1863 3606 848
