<?xml version="1.0" encoding="UTF-8" standalone="yes"?>
<PcGts xmlns="http://schema.primaresearch.org/PAGE/gts/pagecontent/2013-07-15" xmlns:xsi="http://www.w3.org/2001/XMLSchema-instance" xsi:schemaLocation="http://schema.primaresearch.org/PAGE/gts/pagecontent/2013-07-15 http://schema.primaresearch.org/PAGE/gts/pagecontent/2013-07-15/pagecontent.xsd">
    <Metadata>
        <Creator>prov=University of Rostock/Institute of Mathematics/CITlab/Gundram Leifert/gundram.leifert@uni-rostock.de:name=ONB_Newseye_GT_M1+(htr_id=10810)::::v=2.4.2
prov=University of Rostock/Institute of Mathematics/CITlab/Tobias Gruening/tobias.gruening@uni-rostock.de:name=de.uros.citlab.module.baseline2polygon.B2PSeamMultiOriented:v=2.4.2
prov=University of Rostock/Institute of Mathematics/CITlab/Tobias Gruening/tobias.gruening@uni-rostock.de:name=/mnt/transkribus/LA/DEA/URO/LA_news_onb_att.pb:de.uros.citlab.segmentation.CITlab_LA_ML:v=2.4.2
Transkribus</Creator>
        <Created>2019-10-07T11:10:34.654+02:00</Created>
        <LastChange>2019-10-07T21:11:08.874+02:00</LastChange>
        <TranskribusMetadata docId="223959" pageId="9494570" pageNr="183" tsid="16475201" status="IN_PROGRESS" userId="40391" imgUrl="https://files.transkribus.eu/Get?id=RGGUJLDZHUBTJVIHRPXHVANJ&amp;fileType=view" xmlUrl="https://files.transkribus.eu/Get?id=CRRCYVKHJNMZTOPOESBXLVMO" imageId="6184797"/>
    </Metadata>
    <Page imageFilename="223959_0183.jpeg" imageWidth="3392" imageHeight="4352">
        <ReadingOrder>
            <OrderedGroup id="ro_1711443655053" caption="Regions reading order">
                <RegionRefIndexed index="0" regionRef="r1"/>
                <RegionRefIndexed index="1" regionRef="r2"/>
                <RegionRefIndexed index="2" regionRef="r3"/>
            </OrderedGroup>
        </ReadingOrder>
        <TextRegion orientation="0.0" id="r1" custom="readingOrder {index:0;}">
            <Coords points="251,181 251,336 393,336 393,181"/>
            <TextLine id="r1l1" custom="readingOrder {index:0;}">
                <Coords points="243,299 265,293 286,299 311,292 334,301 345,298 370,314 400,308 400,252 387,251 365,229 331,227 315,238 296,230 277,243 243,233"/>
                <Baseline points="251,286 279,282 307,281 336,281 364,283 393,284"/>
                <TextEquiv>
                    <Unicode>27</Unicode>
                </TextEquiv>
            </TextLine>
            <TextEquiv>
                <Unicode>27</Unicode>
            </TextEquiv>
        </TextRegion>
        <TextRegion orientation="0.0" id="r2" custom="readingOrder {index:1;}">
            <Coords points="414,267 414,4034 1891,4034 1891,267"/>
            <TextLine id="r2l1" custom="readingOrder {index:0;}">
                <Coords points="407,300 1345,317 1596,295 1596,264 724,284 655,231 488,232 407,281"/>
                <Baseline points="414,296 472,295 531,295 590,295 649,294 707,294 766,294 825,295 884,295 942,295 1001,295 1060,295 1119,295 1177,295 1236,294 1295,294 1354,293 1412,292 1471,291 1530,289 1589,287"/>
                <TextEquiv>
                    <Unicode>K I 1I K  ee ene fen Se enie en eeet eseeetae are ee u </Unicode>
                </TextEquiv>
            </TextLine>
            <TextLine id="r2l2" custom="readingOrder {index:1;}">
                <Coords points="1233,1736 1274,1761 1299,1765 1327,1753 1402,1774 1441,1754 1462,1770 1531,1755 1531,1726 1466,1693 1440,1707 1416,1697 1406,1705 1294,1699 1232,1720"/>
                <Baseline points="1240,1750 1265,1749 1291,1749 1317,1748 1343,1748 1369,1748 1394,1748 1420,1748 1446,1748 1472,1748 1498,1748 1524,1748"/>
                <TextEquiv>
                    <Unicode>gut21317</Unicode>
                </TextEquiv>
            </TextLine>
            <TextLine id="r2l3" custom="readingOrder {index:2;}">
                <Coords points="778,1877 953,1863 1030,1886 1219,1859 1281,1879 1522,1856 1522,1810 1444,1790 931,1792 829,1798 778,1830"/>
                <Baseline points="785,1862 821,1858 858,1857 894,1854 931,1853 967,1853 1004,1853 1040,1853 1077,1853 1113,1854 1150,1854 1186,1855 1223,1855 1259,1856 1296,1856 1332,1855 1369,1855 1405,1853 1442,1851 1478,1848 1515,1845"/>
                <TextEquiv>
                    <Unicode>GERMANIA BERLIN</Unicode>
                </TextEquiv>
            </TextLine>
            <TextLine id="r2l4" custom="readingOrder {index:3;}">
                <Coords points="863,1997 1050,1966 1249,1993 1294,1968 1709,1978 1708,1909 1649,1898 862,1909"/>
                <Baseline points="869,1977 910,1976 952,1976 993,1975 1035,1974 1077,1974 1118,1973 1160,1973 1202,1972 1243,1972 1285,1971 1327,1971 1368,1971 1410,1970 1452,1970 1493,1969 1535,1969 1577,1969 1618,1968 1660,1968 1702,1968"/>
                <TextEquiv>
                    <Unicode>Fink und Fliederbusch.</Unicode>
                </TextEquiv>
            </TextLine>
            <TextLine id="r2l5" custom="readingOrder {index:4;}">
                <Coords points="951,2026 1031,2050 1191,2035 1223,2054 1322,2030 1432,2052 1479,2027 1576,2038 1619,2021 1619,1997 1585,1975 1555,1999 1394,1970 1311,2001 1276,1985 951,2002"/>
                <Baseline points="959,2032 991,2032 1024,2033 1056,2033 1089,2033 1122,2033 1154,2033 1187,2034 1219,2034 1252,2034 1285,2034 1317,2034 1350,2034 1382,2034 1415,2034 1448,2033 1480,2033 1513,2032 1545,2031 1578,2029 1611,2028"/>
                <TextEquiv>
                    <Unicode>Erstaufführung im Lessingtheater.</Unicode>
                </TextEquiv>
            </TextLine>
            <TextLine id="r2l6" custom="readingOrder {index:5;}">
                <Coords points="743,2110 1816,2099 1825,2049 1308,2035 1219,2070 989,2038 742,2075"/>
                <Baseline points="750,2103 803,2102 856,2102 910,2102 963,2101 1017,2101 1070,2100 1124,2100 1177,2100 1231,2099 1284,2099 1337,2098 1391,2097 1444,2096 1498,2095 1551,2094 1605,2092 1658,2091 1712,2088 1765,2086 1819,2084"/>
                <TextEquiv>
                    <Unicode>Arthur Schisitzler hat den Gußay Freysäg vom Jahre 1900</Unicode>
                </TextEquiv>
            </TextLine>
            <TextLine id="r2l7" custom="readingOrder {index:6;}">
                <Coords points="733,2159 1835,2127 1834,2095 1778,2089 732,2102"/>
                <Baseline points="740,2146 794,2145 848,2144 903,2143 957,2142 1011,2142 1066,2141 1120,2141 1174,2140 1229,2139 1283,2139 1337,2138 1392,2137 1446,2136 1500,2134 1555,2133 1609,2131 1663,2129 1718,2127 1772,2124 1827,2122"/>
                <TextEquiv>
                    <Unicode>pielen wollest, alt er „die“ moderne Journalistenkomödle</Unicode>
                </TextEquiv>
            </TextLine>
            <TextLine id="r2l8" custom="readingOrder {index:7;}">
                <Coords points="729,2192 1790,2178 1828,2133 1266,2123 728,2166"/>
                <Baseline points="736,2190 790,2188 844,2186 898,2185 953,2183 1007,2182 1061,2181 1115,2180 1170,2179 1224,2178 1278,2177 1332,2176 1387,2175 1441,2174 1495,2173 1549,2171 1604,2170 1658,2169 1712,2167 1766,2165 1821,2163"/>
                <TextEquiv>
                    <Unicode>„Fink und Fiederusch“ escheieb. So sagen wenigstens die</Unicode>
                </TextEquiv>
            </TextLine>
            <TextLine id="r2l9" custom="readingOrder {index:8;}">
                <Coords points="725,2228 1838,2215 1837,2178 1757,2164 725,2199"/>
                <Baseline points="733,2226 787,2226 842,2225 897,2224 952,2223 1007,2221 1062,2220 1117,2219 1172,2217 1227,2216 1282,2215 1336,2213 1391,2212 1446,2210 1501,2209 1556,2208 1611,2206 1666,2205 1721,2204 1776,2203 1831,2202"/>
                <TextEquiv>
                    <Unicode>Schnitzlerverehren Dsa Schnitzlerfreunde sine schon vorsichtiger;</Unicode>
                </TextEquiv>
            </TextLine>
            <TextLine id="r2l10" custom="readingOrder {index:9;}">
                <Coords points="721,2293 795,2264 1798,2257 1834,2221 719,2228"/>
                <Baseline points="728,2266 782,2264 837,2262 892,2261 947,2260 1002,2259 1057,2258 1112,2257 1167,2256 1222,2256 1277,2255 1331,2254 1386,2253 1441,2252 1496,2251 1551,2249 1606,2247 1661,2245 1716,2244 1771,2241 1826,2238"/>
                <TextEquiv>
                    <Unicode>sie sprechen nir don dem Versuch einer Satire auf das mo¬</Unicode>
                </TextEquiv>
            </TextLine>
            <TextLine id="r2l11" custom="readingOrder {index:10;}">
                <Coords points="730,2305 1843,2278 1842,2250 1758,2246 730,2279"/>
                <Baseline points="738,2303 792,2302 847,2301 902,2300 957,2299 1012,2298 1067,2297 1122,2296 1177,2295 1232,2294 1287,2293 1341,2292 1396,2291 1451,2289 1506,2288 1561,2287 1616,2286 1671,2285 1726,2283 1781,2282 1836,2280"/>
                <TextEquiv>
                    <Unicode>derne Journalsstenwsen. Der objoktive Beobachter aber schaut</Unicode>
                </TextEquiv>
            </TextLine>
            <TextLine id="r2l12" custom="readingOrder {index:11;}">
                <Coords points="720,2344 1825,2332 1844,2289 719,2310"/>
                <Baseline points="727,2338 782,2338 838,2337 893,2336 949,2336 1004,2335 1060,2334 1115,2334 1171,2333 1226,2332 1282,2332 1337,2331 1393,2330 1448,2329 1504,2328 1559,2327 1615,2325 1670,2324 1726,2323 1781,2321 1837,2319"/>
                <TextEquiv>
                    <Unicode>diesen neuesten Schnitzler mit ruhigem Behagen und findet</Unicode>
                </TextEquiv>
            </TextLine>
            <TextLine id="r2l13" custom="readingOrder {index:12;}">
                <Coords points="788,2381 1777,2373 1851,2369 1850,2326 787,2353"/>
                <Baseline points="795,2379 847,2378 899,2377 952,2376 1004,2375 1057,2374 1109,2373 1161,2372 1214,2372 1266,2371 1319,2370 1371,2369 1423,2368 1476,2368 1528,2366 1581,2365 1633,2364 1685,2362 1738,2360 1790,2358 1843,2356"/>
                <TextEquiv>
                    <Unicode>nun er findet den alten Schnitzler, den Schnitzler mit der</Unicode>
                </TextEquiv>
            </TextLine>
            <TextLine id="r2l14" custom="readingOrder {index:13;}">
                <Coords points="721,2406 848,2434 1847,2398 1789,2361 720,2390"/>
                <Baseline points="728,2418 783,2417 839,2417 894,2417 950,2416 1006,2415 1061,2414 1117,2413 1172,2412 1228,2411 1284,2410 1339,2408 1395,2407 1450,2405 1506,2404 1562,2402 1617,2401 1673,2399 1728,2398 1784,2397 1840,2396"/>
                <TextEquiv>
                    <Unicode>beinahe natürlich wirkenden Konstruktion, mit der beinahe</Unicode>
                </TextEquiv>
            </TextLine>
            <TextLine id="r2l15" custom="readingOrder {index:14;}">
                <Coords points="735,2459 1836,2456 1851,2395 734,2429"/>
                <Baseline points="742,2457 797,2457 852,2457 907,2456 962,2455 1017,2454 1072,2453 1127,2452 1182,2451 1237,2450 1293,2448 1348,2447 1403,2445 1458,2443 1513,2442 1568,2440 1623,2439 1678,2437 1733,2436 1788,2434 1844,2433"/>
                <TextEquiv>
                    <Unicode>treffenden Charakter stik, mit der beinahe entschiedenen Stl¬</Unicode>
                </TextEquiv>
            </TextLine>
            <TextLine id="r2l16" custom="readingOrder {index:15;}">
                <Coords points="737,2498 1841,2486 1817,2441 736,2458"/>
                <Baseline points="744,2497 798,2496 852,2496 907,2495 961,2494 1016,2493 1070,2492 1125,2491 1179,2490 1234,2489 1288,2488 1342,2487 1397,2485 1451,2484 1506,2483 1560,2481 1615,2480 1669,2478 1724,2476 1778,2475 1833,2473"/>
                <TextEquiv>
                    <Unicode>lungnahme zu — Allem und Nichts. Beinahe hat dann dieser</Unicode>
                </TextEquiv>
            </TextLine>
            <TextLine id="r2l17" custom="readingOrder {index:16;}">
                <Coords points="735,2543 1842,2520 1806,2482 734,2497"/>
                <Baseline points="742,2537 796,2536 851,2535 905,2535 960,2534 1015,2533 1069,2532 1124,2531 1179,2530 1233,2529 1288,2527 1343,2526 1397,2525 1452,2524 1507,2522 1561,2521 1616,2520 1671,2519 1725,2517 1780,2516 1835,2515"/>
                <TextEquiv>
                    <Unicode>Poet auch noch die Kraft, eine abendsüllende Komödie zu</Unicode>
                </TextEquiv>
            </TextLine>
            <TextLine id="r2l18" custom="readingOrder {index:17;}">
                <Coords points="1087,2583 1173,2555 1238,2580 1267,2560 1300,2585 1432,2576 1473,2549 1510,2575 1637,2550 1793,2569 1846,2553 1846,2527 1086,2536"/>
                <Baseline points="1093,2568 1130,2568 1167,2567 1204,2567 1242,2567 1279,2566 1316,2566 1353,2565 1391,2565 1428,2564 1465,2564 1502,2563 1540,2562 1577,2561 1614,2560 1651,2559 1689,2558 1726,2557 1763,2556 1800,2555 1838,2553"/>
                <TextEquiv>
                    <Unicode>An dem Beinahe“ krankt der ganze</Unicode>
                </TextEquiv>
            </TextLine>
            <TextLine id="r2l19" custom="readingOrder {index:18;}">
                <Coords points="735,2586 778,2580 786,2588 797,2579 819,2588 863,2579 928,2591 953,2573 991,2579 991,2548 969,2544 944,2545 920,2560 904,2545 869,2547 837,2532 814,2551 782,2539 767,2548 735,2544"/>
                <Baseline points="743,2574 769,2575 796,2576 823,2576 850,2575 876,2575 903,2574 930,2575 957,2575 984,2577"/>
                <TextEquiv>
                    <Unicode>sschreiben ..</Unicode>
                </TextEquiv>
            </TextLine>
            <TextLine id="r2l20" custom="readingOrder {index:19;}">
                <Coords points="734,2624 1841,2592 1840,2564 1624,2552 733,2587"/>
                <Baseline points="741,2615 795,2613 850,2613 904,2612 959,2611 1014,2610 1068,2609 1123,2608 1177,2608 1232,2607 1287,2606 1341,2605 1396,2604 1450,2603 1505,2601 1560,2600 1614,2598 1669,2596 1723,2594 1778,2592 1833,2590"/>
                <TextEquiv>
                    <Unicode>Schnitzler, krankt um so mehr daran, als man ihn immer</Unicode>
                </TextEquiv>
            </TextLine>
            <TextLine id="r2l21" custom="readingOrder {index:20;}">
                <Coords points="735,2658 1861,2638 1860,2591 735,2624"/>
                <Baseline points="742,2656 797,2654 853,2653 908,2651 964,2650 1019,2649 1075,2648 1130,2647 1186,2646 1241,2645 1297,2644 1353,2643 1408,2642 1464,2641 1519,2641 1575,2640 1630,2638 1686,2637 1741,2636 1797,2634 1853,2633"/>
                <TextEquiv>
                    <Unicode>glauben gemacht hat, er wisse und könne alles so recht ganz</Unicode>
                </TextEquiv>
            </TextLine>
            <TextLine id="r2l22" custom="readingOrder {index:21;}">
                <Coords points="725,2697 752,2708 813,2697 828,2708 844,2697 927,2715 960,2696 1031,2707 1066,2696 1066,2661 1030,2651 998,2665 895,2655 836,2674 807,2658 725,2663"/>
                <Baseline points="733,2691 758,2692 783,2692 808,2692 833,2691 858,2691 883,2691 908,2690 933,2690 958,2689 983,2689 1008,2689 1033,2689 1058,2690"/>
                <TextEquiv>
                    <Unicode>und aus dem ff.</Unicode>
                </TextEquiv>
            </TextLine>
            <TextLine id="r2l23" custom="readingOrder {index:22;}">
                <Coords points="783,2752 1853,2724 1852,2679 782,2700"/>
                <Baseline points="790,2747 842,2746 895,2745 948,2744 1001,2743 1053,2742 1106,2741 1159,2740 1212,2739 1264,2738 1317,2737 1370,2736 1423,2735 1475,2735 1528,2734 1581,2732 1634,2731 1686,2730 1739,2728 1792,2727 1845,2725"/>
                <TextEquiv>
                    <Unicode>Seine „Fink= und Fliederbusch“=Komödie ist nun gar ein</Unicode>
                </TextEquiv>
            </TextLine>
            <TextLine id="r2l24" custom="readingOrder {index:23;}">
                <Coords points="740,2800 1849,2777 1847,2723 739,2750"/>
                <Baseline points="748,2789 802,2788 857,2786 911,2785 966,2784 1021,2783 1075,2782 1130,2781 1185,2780 1239,2779 1294,2778 1349,2777 1403,2776 1458,2775 1513,2774 1567,2773 1622,2771 1677,2770 1731,2768 1786,2766 1841,2764"/>
                <TextEquiv>
                    <Unicode>Musterbeispiel für die „Beinahe“=Kunst“. Die Fabel vom</Unicode>
                </TextEquiv>
            </TextLine>
            <TextLine id="r2l25" custom="readingOrder {index:24;}">
                <Coords points="735,2850 1790,2817 1850,2806 1850,2769 734,2803"/>
                <Baseline points="742,2830 797,2827 852,2825 907,2823 962,2822 1017,2821 1072,2820 1127,2819 1182,2819 1237,2819 1292,2818 1347,2818 1402,2817 1457,2817 1512,2815 1567,2814 1622,2812 1677,2810 1732,2807 1787,2804 1843,2799"/>
                <TextEquiv>
                    <Unicode>jungen Journalisten, der aus Lüst an seinem neugebackenen Jour¬</Unicode>
                </TextEquiv>
            </TextLine>
            <TextLine id="r2l26" custom="readingOrder {index:25;}">
                <Coords points="1421,2843 1429,2842 1436,2843 1442,2840 1449,2839 1445,2813 1436,2814 1435,2816 1432,2817 1426,2816 1425,2818 1418,2819"/>
                <Baseline points="1428,2840 1442,2838"/>
                <TextEquiv>
                    <Unicode>31</Unicode>
                </TextEquiv>
            </TextLine>
            <TextLine id="r2l27" custom="readingOrder {index:26;}">
                <Coords points="743,2880 1762,2860 1854,2818 743,2849"/>
                <Baseline points="750,2867 804,2866 859,2866 914,2865 969,2864 1024,2863 1079,2862 1133,2861 1188,2859 1243,2858 1298,2857 1353,2856 1408,2854 1463,2853 1517,2851 1572,2850 1627,2848 1682,2846 1737,2844 1792,2843 1847,2840"/>
                <TextEquiv>
                    <Unicode>nalistentum für zwei gegnerische Blätter schreibt — rechts und</Unicode>
                </TextEquiv>
            </TextLine>
            <TextLine id="r2l28" custom="readingOrder {index:27;}">
                <Coords points="744,2914 1863,2879 1862,2841 744,2879"/>
                <Baseline points="752,2907 807,2906 862,2905 917,2904 972,2903 1027,2902 1082,2901 1138,2900 1193,2899 1248,2898 1303,2897 1358,2896 1413,2895 1468,2893 1524,2892 1579,2890 1634,2888 1689,2886 1744,2884 1799,2881 1855,2878"/>
                <TextEquiv>
                    <Unicode>links, als Fink oder Fliederbusch — ist nicht neu, mag aber</Unicode>
                </TextEquiv>
            </TextLine>
            <TextLine id="r2l29" custom="readingOrder {index:28;}">
                <Coords points="1742,2899 1743,2900 1749,2900 1750,2902 1755,2901 1760,2898 1763,2898 1764,2900 1773,2901 1775,2883 1768,2882 1763,2886 1754,2885 1753,2883 1751,2884 1745,2884 1744,2883"/>
                <Baseline points="1750,2897 1766,2899"/>
                <TextEquiv>
                    <Unicode>**</Unicode>
                </TextEquiv>
            </TextLine>
            <TextLine id="r2l30" custom="readingOrder {index:29;}">
                <Coords points="739,2940 1865,2929 1864,2896 1786,2887 738,2907"/>
                <Baseline points="746,2949 801,2946 857,2944 912,2943 968,2941 1023,2940 1079,2938 1134,2937 1190,2936 1245,2935 1301,2934 1357,2933 1412,2932 1468,2930 1523,2930 1579,2928 1634,2926 1690,2924 1745,2922 1801,2920 1857,2917"/>
                <TextEquiv>
                    <Unicode>hingehen. Doppelrollen gibts ja im Leben, und auf der Buhne</Unicode>
                </TextEquiv>
            </TextLine>
            <TextLine id="r2l31" custom="readingOrder {index:30;}">
                <Coords points="742,2989 1868,2952 1820,2924 741,2945"/>
                <Baseline points="750,2989 805,2986 861,2985 916,2983 972,2981 1027,2979 1083,2977 1138,2976 1194,2974 1249,2973 1305,2972 1361,2970 1416,2969 1472,2968 1527,2966 1583,2965 1638,2964 1694,2962 1749,2960 1805,2959 1861,2957"/>
                <TextEquiv>
                    <Unicode>haben sie immer ihre Schuldigkeit getan. Schnitzler aber</Unicode>
                </TextEquiv>
            </TextLine>
            <TextLine id="r2l32" custom="readingOrder {index:31;}">
                <Coords points="755,3022 1807,3015 1870,2997 1869,2951 754,3000"/>
                <Baseline points="762,3028 817,3026 872,3024 927,3021 982,3019 1037,3018 1092,3016 1147,3015 1202,3013 1257,3012 1312,3010 1367,3009 1422,3008 1477,3007 1532,3005 1587,3004 1642,3003 1697,3001 1752,3000 1807,2998 1863,2996"/>
                <TextEquiv>
                    <Unicode>nimmt die Doppelrolle, nicht um sie mit dem ihm'sonst eigenen</Unicode>
                </TextEquiv>
            </TextLine>
            <TextLine id="r2l33" custom="readingOrder {index:32;}">
                <Coords points="753,3066 1827,3051 1866,3004 752,3025"/>
                <Baseline points="760,3065 817,3064 875,3062 933,3060 991,3058 1049,3056 1107,3054 1164,3053 1222,3051 1280,3048 1338,3047 1396,3045 1454,3043 1511,3042 1569,3040 1627,3039 1685,3039 1743,3038 1801,3038 1859,3037"/>
                <TextEquiv>
                    <Unicode>tragischen Schimmer zu umkleiden — auch das lustgste</Unicode>
                </TextEquiv>
            </TextLine>
            <TextLine id="r2l34" custom="readingOrder {index:33;}">
                <Coords points="748,3115 1637,3092 1808,3058 746,3069"/>
                <Baseline points="754,3105 806,3103 858,3101 910,3099 963,3098 1015,3096 1067,3095 1120,3093 1172,3091 1224,3089 1277,3087 1329,3086 1381,3084 1433,3082 1486,3081 1538,3079 1590,3076 1643,3075 1695,3072 1747,3071 1800,3068"/>
                <TextEquiv>
                    <Unicode>Menschenwesen verträgt diesen Schuß „Sentimentalität“</Unicode>
                </TextEquiv>
            </TextLine>
            <TextLine id="r2l35" custom="readingOrder {index:34;}">
                <Coords points="753,3145 1825,3135 1856,3087 752,3111"/>
                <Baseline points="760,3141 814,3141 868,3141 923,3140 977,3139 1032,3137 1086,3136 1141,3134 1195,3131 1250,3129 1304,3127 1358,3125 1413,3123 1467,3121 1522,3119 1576,3117 1631,3116 1685,3115 1740,3114 1794,3114 1849,3115"/>
                <TextEquiv>
                    <Unicode>vielmehr geht er ganz unbekümmert auf die Schwankwirkung</Unicode>
                </TextEquiv>
            </TextLine>
            <TextLine id="r2l36" custom="readingOrder {index:35;}">
                <Coords points="1012,3177 1869,3165 1868,3130 1721,3117 1011,3144"/>
                <Baseline points="1020,3174 1062,3173 1104,3173 1146,3172 1188,3172 1230,3171 1272,3170 1314,3168 1356,3167 1398,3166 1441,3165 1483,3163 1525,3162 1567,3161 1609,3160 1651,3158 1693,3157 1735,3156 1777,3155 1819,3155 1862,3154"/>
                <TextEquiv>
                    <Unicode>beinahe echte Figur des doppeltärg.n</Unicode>
                </TextEquiv>
            </TextLine>
            <TextLine id="r2l37" custom="readingOrder {index:36;}">
                <Coords points="748,3183 829,3189 864,3167 906,3161 923,3168 922,3145 877,3152 867,3145 853,3143 843,3149 835,3144 799,3154 782,3152 772,3143 747,3147"/>
                <Baseline points="756,3184 782,3181 809,3180 836,3180 862,3180 889,3178 916,3174"/>
                <TextEquiv>
                    <Unicode>aus</Unicode>
                </TextEquiv>
            </TextLine>
            <TextLine id="r2l38" custom="readingOrder {index:37;}">
                <Coords points="752,3233 1362,3187 1422,3218 1851,3207 1866,3166 750,3191"/>
                <Baseline points="759,3225 814,3222 869,3219 924,3217 979,3215 1034,3213 1089,3211 1144,3209 1199,3207 1254,3205 1309,3204 1364,3202 1419,3201 1474,3200 1529,3199 1584,3198 1639,3197 1694,3196 1749,3195 1804,3194 1860,3193"/>
                <TextEquiv>
                    <Unicode>Fink=Fliederbusch wird bis zum „Beinahe"=Duell</Unicode>
                </TextEquiv>
            </TextLine>
            <TextLine id="r2l39" custom="readingOrder {index:38;}">
                <Coords points="1284,3244 1399,3255 1444,3230 1534,3258 1571,3223 1619,3253 1879,3227 1878,3201 1746,3193 1283,3215"/>
                <Baseline points="1291,3242 1320,3242 1349,3242 1378,3242 1407,3241 1436,3241 1465,3241 1494,3240 1523,3240 1552,3240 1581,3239 1610,3238 1639,3238 1668,3237 1697,3236 1726,3235 1755,3234 1784,3233 1813,3232 1842,3231 1871,3229"/>
                <TextEquiv>
                    <Unicode>Grund der gegeneinander</Unicode>
                </TextEquiv>
            </TextLine>
            <TextLine id="r2l40" custom="readingOrder {index:39;}">
                <Coords points="760,3261 1135,3264 1156,3247 1243,3255 1280,3236 1279,3214 1236,3207 1151,3225 933,3217 909,3240 845,3224 759,3232"/>
                <Baseline points="767,3258 792,3259 817,3258 842,3258 868,3258 893,3258 918,3257 944,3257 969,3256 994,3256 1020,3254 1045,3254 1070,3253 1095,3252 1121,3251 1146,3250 1171,3249 1197,3247 1222,3246 1247,3245 1273,3243"/>
                <TextEquiv>
                    <Unicode>ihrer Bestandteile auf</Unicode>
                </TextEquiv>
            </TextLine>
            <TextLine id="r2l41" custom="readingOrder {index:40;}">
                <Coords points="1557,3277 1584,3291 1642,3271 1728,3292 1763,3270 1790,3284 1829,3284 1880,3268 1879,3226 1854,3241 1788,3238 1744,3250 1691,3239 1619,3252 1591,3231 1555,3235"/>
                <Baseline points="1565,3281 1590,3279 1616,3278 1642,3277 1667,3277 1693,3276 1719,3276 1744,3276 1770,3275 1796,3273 1821,3272 1847,3270 1873,3266"/>
                <TextEquiv>
                    <Unicode>So wird, was</Unicode>
                </TextEquiv>
            </TextLine>
            <TextLine id="r2l42" custom="readingOrder {index:41;}">
                <Coords points="750,3308 1490,3291 1542,3252 748,3264"/>
                <Baseline points="757,3302 795,3302 834,3301 873,3300 912,3298 951,3297 990,3296 1029,3294 1068,3293 1107,3291 1146,3290 1184,3289 1223,3288 1262,3286 1301,3285 1340,3284 1379,3283 1418,3282 1457,3282 1496,3281 1535,3281"/>
                <TextEquiv>
                    <Unicode>geschriebenen Personalinjurien gehetzt.</Unicode>
                </TextEquiv>
            </TextLine>
            <TextLine id="r2l43" custom="readingOrder {index:42;}">
                <Coords points="758,3346 1849,3321 1876,3288 757,3307"/>
                <Baseline points="766,3343 821,3339 876,3337 931,3335 986,3333 1041,3331 1096,3330 1152,3329 1207,3328 1262,3327 1317,3326 1372,3325 1427,3324 1482,3323 1538,3321 1593,3320 1648,3319 1703,3316 1758,3314 1813,3311 1869,3307"/>
                <TextEquiv>
                    <Unicode>beinohe tragisch ausschauen könnte, tragisch lustig. Denn</Unicode>
                </TextEquiv>
            </TextLine>
            <TextLine id="r2l44" custom="readingOrder {index:43;}">
                <Coords points="757,3387 1870,3354 1869,3318 1785,3312 756,3347"/>
                <Baseline points="764,3384 821,3381 879,3377 937,3375 995,3372 1053,3370 1111,3368 1168,3367 1226,3365 1284,3364 1342,3363 1400,3362 1458,3361 1515,3360 1573,3359 1631,3357 1689,3356 1747,3354 1805,3352 1863,3349"/>
                <TextEquiv>
                    <Unicode>wirklich lustig zu werden, fehlt der Sache auf die Dauer doch</Unicode>
                </TextEquiv>
            </TextLine>
            <TextLine id="r2l45" custom="readingOrder {index:44;}">
                <Coords points="763,3421 1761,3407 1878,3392 1877,3355 762,3386"/>
                <Baseline points="770,3422 825,3418 880,3415 935,3412 990,3410 1045,3408 1100,3406 1155,3405 1210,3404 1265,3403 1320,3402 1375,3401 1430,3400 1485,3399 1540,3397 1595,3396 1650,3395 1705,3392 1760,3390 1815,3387 1870,3384"/>
                <TextEquiv>
                    <Unicode>der glaubhafte Kern und der gesunde Humor. Wird doch nie¬</Unicode>
                </TextEquiv>
            </TextLine>
            <TextLine id="r2l46" custom="readingOrder {index:45;}">
                <Coords points="759,3460 1725,3456 1861,3437 1860,3388 758,3432"/>
                <Baseline points="766,3459 820,3456 874,3453 929,3451 983,3449 1038,3447 1092,3446 1146,3444 1201,3443 1255,3442 1310,3441 1364,3440 1418,3439 1473,3438 1527,3437 1582,3436 1636,3434 1690,3433 1745,3431 1799,3429 1854,3427"/>
                <TextEquiv>
                    <Unicode>mand erwarten, daß der junge Herr Zwiefalt tatsächlich zum</Unicode>
                </TextEquiv>
            </TextLine>
            <TextLine id="r2l47" custom="readingOrder {index:46;}">
                <Coords points="766,3516 998,3505 1023,3489 1046,3507 1102,3492 1174,3509 1255,3490 1254,3450 1218,3444 1138,3464 1073,3449 1025,3463 929,3454 884,3471 765,3463"/>
                <Baseline points="773,3497 799,3497 825,3496 852,3495 878,3494 904,3493 931,3492 957,3491 983,3491 1010,3490 1036,3489 1062,3488 1089,3487 1115,3486 1141,3484 1168,3484 1194,3483 1220,3481 1247,3480"/>
                <TextEquiv>
                    <Unicode>Duell mit sich selber geht!</Unicode>
                </TextEquiv>
            </TextLine>
            <TextLine id="r2l48" custom="readingOrder {index:47;}">
                <Coords points="795,3563 1847,3537 1872,3481 793,3514"/>
                <Baseline points="802,3553 855,3551 908,3549 961,3547 1014,3545 1067,3543 1120,3542 1174,3541 1227,3540 1280,3538 1333,3537 1386,3536 1439,3535 1492,3534 1546,3533 1599,3532 1652,3531 1705,3529 1758,3528 1811,3527 1865,3525"/>
                <TextEquiv>
                    <Unicode>Noch hübscher ins Beinahe=Land verirrt sich aber Sch itzter,</Unicode>
                </TextEquiv>
            </TextLine>
            <TextLine id="r2l49" custom="readingOrder {index:48;}">
                <Coords points="771,3603 1795,3575 1858,3569 1881,3526 770,3556"/>
                <Baseline points="778,3597 832,3594 887,3591 942,3588 997,3586 1052,3585 1106,3584 1161,3583 1216,3583 1271,3582 1326,3582 1380,3581 1435,3580 1490,3580 1545,3578 1600,3576 1654,3575 1709,3572 1764,3568 1819,3564 1874,3560"/>
                <TextEquiv>
                    <Unicode>wo er die Dinge auf den Redaktionsstuben in lustiger Ver¬</Unicode>
                </TextEquiv>
            </TextLine>
            <TextLine id="r2l50" custom="readingOrder {index:49;}">
                <Coords points="770,3648 1884,3604 1882,3556 769,3604"/>
                <Baseline points="778,3636 832,3634 887,3632 942,3630 997,3629 1052,3627 1107,3626 1162,3625 1217,3624 1272,3623 1327,3621 1381,3620 1436,3619 1491,3617 1546,3616 1601,3613 1656,3611 1711,3608 1766,3606 1821,3602 1876,3598"/>
                <TextEquiv>
                    <Unicode>zerrung schildert. Da geht er auf alte Fliegendeblätterspäße</Unicode>
                </TextEquiv>
            </TextLine>
            <TextLine id="r2l51" custom="readingOrder {index:50;}">
                <Coords points="779,3682 1878,3646 1877,3611 1828,3606 778,3645"/>
                <Baseline points="786,3678 840,3675 894,3672 948,3669 1003,3667 1057,3666 1111,3664 1165,3662 1220,3661 1274,3660 1328,3659 1382,3658 1437,3657 1491,3656 1545,3654 1599,3653 1654,3651 1708,3649 1762,3646 1816,3644 1871,3641"/>
                <TextEquiv>
                    <Unicode>gar zu gutwillig ein, und wo er seine Sriche zieht, sitzen sie</Unicode>
                </TextEquiv>
            </TextLine>
            <TextLine id="r2l52" custom="readingOrder {index:51;}">
                <Coords points="767,3715 1768,3696 1893,3649 766,3689"/>
                <Baseline points="774,3716 829,3713 885,3710 940,3707 996,3705 1052,3704 1107,3702 1163,3701 1218,3700 1274,3698 1330,3698 1385,3696 1441,3695 1496,3694 1552,3692 1608,3691 1663,3689 1719,3687 1774,3685 1830,3681 1886,3678"/>
                <TextEquiv>
                    <Unicode>nur beinahe richtig. Natüelich unterläuft Schnitzler einmal</Unicode>
                </TextEquiv>
            </TextLine>
            <TextLine id="r2l53" custom="readingOrder {index:52;}">
                <Coords points="777,3758 1848,3731 1881,3681 776,3725"/>
                <Baseline points="784,3754 838,3751 893,3748 947,3745 1002,3743 1056,3742 1111,3740 1165,3739 1220,3738 1274,3737 1329,3736 1384,3734 1438,3733 1493,3732 1547,3731 1602,3729 1656,3728 1711,3726 1765,3723 1820,3720 1875,3717"/>
                <TextEquiv>
                    <Unicode>an entscheidender Stelle die Unmöglichkeit, daß sich der eben</Unicode>
                </TextEquiv>
            </TextLine>
            <TextLine id="r2l54" custom="readingOrder {index:53;}">
                <Coords points="774,3779 957,3800 1888,3744 1767,3720 774,3762"/>
                <Baseline points="782,3794 839,3791 897,3789 955,3786 1013,3784 1071,3782 1129,3780 1186,3778 1244,3777 1302,3775 1360,3773 1418,3771 1476,3770 1533,3768 1591,3766 1649,3764 1707,3762 1765,3760 1823,3758 1881,3755"/>
                <TextEquiv>
                    <Unicode>neu angeworbene Schriftleiter an einem Blatt mit katholischer</Unicode>
                </TextEquiv>
            </TextLine>
            <TextLine id="r2l55" custom="readingOrder {index:54;}">
                <Coords points="770,3838 1798,3808 1892,3764 768,3803"/>
                <Baseline points="776,3831 831,3829 887,3828 942,3825 998,3823 1053,3822 1109,3820 1164,3818 1220,3817 1275,3815 1331,3814 1386,3812 1442,3810 1497,3808 1553,3806 1608,3804 1664,3802 1719,3800 1775,3797 1830,3795 1886,3792"/>
                <TextEquiv>
                    <Unicode>Tendenz — duellieren soll und seine Redaktion wie sein Ver¬</Unicode>
                </TextEquiv>
            </TextLine>
            <TextLine id="r2l56" custom="readingOrder {index:55;}">
                <Coords points="770,3860 1749,3853 1890,3836 1889,3803 769,3838"/>
                <Baseline points="778,3870 833,3868 888,3865 943,3864 999,3862 1054,3860 1109,3858 1164,3856 1220,3855 1275,3853 1330,3851 1385,3849 1441,3848 1496,3846 1551,3845 1606,3843 1662,3842 1717,3840 1772,3839 1827,3837 1883,3835"/>
                <TextEquiv>
                    <Unicode>leger seine Zustimmung dazu gibt. Aber so etwas geniert</Unicode>
                </TextEquiv>
            </TextLine>
            <TextLine id="r2l57" custom="readingOrder {index:56;}">
                <Coords points="770,3902 1891,3871 1845,3838 769,3877"/>
                <Baseline points="778,3906 833,3904 888,3903 943,3900 999,3898 1054,3897 1109,3895 1165,3894 1220,3892 1275,3891 1331,3889 1386,3887 1441,3886 1496,3884 1552,3883 1607,3881 1662,3879 1718,3878 1773,3876 1828,3874 1884,3872"/>
                <TextEquiv>
                    <Unicode>große Geister seibstverständlich nicht. Um so weniger, als die</Unicode>
                </TextEquiv>
            </TextLine>
            <TextLine id="r2l58" custom="readingOrder {index:57;}">
                <Coords points="775,3948 1859,3926 1886,3887 774,3921"/>
                <Baseline points="782,3948 836,3945 891,3942 946,3940 1001,3938 1056,3936 1111,3933 1165,3932 1220,3930 1275,3928 1330,3927 1385,3925 1440,3924 1495,3923 1549,3921 1604,3920 1659,3919 1714,3917 1769,3916 1824,3915 1879,3914"/>
                <TextEquiv>
                    <Unicode>ganze Geschichte ursprünglich wohl, und das der Schilderung</Unicode>
                </TextEquiv>
            </TextLine>
            <TextLine id="r2l59" custom="readingOrder {index:58;}">
                <Coords points="781,3987 1607,3992 1898,3964 1897,3913 780,3953"/>
                <Baseline points="788,3985 843,3984 898,3982 953,3981 1008,3979 1063,3978 1118,3976 1174,3975 1229,3974 1284,3972 1339,3971 1394,3969 1449,3967 1504,3966 1560,3965 1615,3963 1670,3962 1725,3961 1780,3959 1835,3959 1891,3957"/>
                <TextEquiv>
                    <Unicode>der Verhältnisse nach mit Recht, nicht unter Hereinziehung</Unicode>
                </TextEquiv>
            </TextLine>
            <TextLine id="r2l60" custom="readingOrder {index:59;}">
                <Coords points="769,4019 864,4044 1109,4016 1265,4044 1414,4014 1547,4036 1546,3994 1434,3968 769,3997"/>
                <Baseline points="777,4023 815,4024 853,4024 891,4024 929,4022 967,4021 1005,4019 1043,4017 1081,4014 1119,4013 1158,4010 1196,4008 1234,4007 1272,4006 1310,4006 1348,4006 1386,4006 1424,4008 1462,4010 1500,4014 1539,4019"/>
                <TextEquiv>
                    <Unicode>eines „klerikalen“ Bluttes geplant wan.</Unicode>
                </TextEquiv>
            </TextLine>
            <TextEquiv>
                <Unicode>K I 1I K  ee ene fen Se enie en eeet eseeetae are ee u 
gut21317
GERMANIA BERLIN
Fink und Fliederbusch.
Erstaufführung im Lessingtheater.
Arthur Schisitzler hat den Gußay Freysäg vom Jahre 1900
pielen wollest, alt er „die“ moderne Journalistenkomödle
„Fink und Fiederusch“ escheieb. So sagen wenigstens die
Schnitzlerverehren Dsa Schnitzlerfreunde sine schon vorsichtiger;
sie sprechen nir don dem Versuch einer Satire auf das mo¬
derne Journalsstenwsen. Der objoktive Beobachter aber schaut
diesen neuesten Schnitzler mit ruhigem Behagen und findet
nun er findet den alten Schnitzler, den Schnitzler mit der
beinahe natürlich wirkenden Konstruktion, mit der beinahe
treffenden Charakter stik, mit der beinahe entschiedenen Stl¬
lungnahme zu — Allem und Nichts. Beinahe hat dann dieser
Poet auch noch die Kraft, eine abendsüllende Komödie zu
An dem Beinahe“ krankt der ganze
sschreiben ..
Schnitzler, krankt um so mehr daran, als man ihn immer
glauben gemacht hat, er wisse und könne alles so recht ganz
und aus dem ff.
Seine „Fink= und Fliederbusch“=Komödie ist nun gar ein
Musterbeispiel für die „Beinahe“=Kunst“. Die Fabel vom
jungen Journalisten, der aus Lüst an seinem neugebackenen Jour¬
31
nalistentum für zwei gegnerische Blätter schreibt — rechts und
links, als Fink oder Fliederbusch — ist nicht neu, mag aber
**
hingehen. Doppelrollen gibts ja im Leben, und auf der Buhne
haben sie immer ihre Schuldigkeit getan. Schnitzler aber
nimmt die Doppelrolle, nicht um sie mit dem ihm'sonst eigenen
tragischen Schimmer zu umkleiden — auch das lustgste
Menschenwesen verträgt diesen Schuß „Sentimentalität“
vielmehr geht er ganz unbekümmert auf die Schwankwirkung
beinahe echte Figur des doppeltärg.n
aus
Fink=Fliederbusch wird bis zum „Beinahe"=Duell
Grund der gegeneinander
ihrer Bestandteile auf
So wird, was
geschriebenen Personalinjurien gehetzt.
beinohe tragisch ausschauen könnte, tragisch lustig. Denn
wirklich lustig zu werden, fehlt der Sache auf die Dauer doch
der glaubhafte Kern und der gesunde Humor. Wird doch nie¬
mand erwarten, daß der junge Herr Zwiefalt tatsächlich zum
Duell mit sich selber geht!
Noch hübscher ins Beinahe=Land verirrt sich aber Sch itzter,
wo er die Dinge auf den Redaktionsstuben in lustiger Ver¬
zerrung schildert. Da geht er auf alte Fliegendeblätterspäße
gar zu gutwillig ein, und wo er seine Sriche zieht, sitzen sie
nur beinahe richtig. Natüelich unterläuft Schnitzler einmal
an entscheidender Stelle die Unmöglichkeit, daß sich der eben
neu angeworbene Schriftleiter an einem Blatt mit katholischer
Tendenz — duellieren soll und seine Redaktion wie sein Ver¬
leger seine Zustimmung dazu gibt. Aber so etwas geniert
große Geister seibstverständlich nicht. Um so weniger, als die
ganze Geschichte ursprünglich wohl, und das der Schilderung
der Verhältnisse nach mit Recht, nicht unter Hereinziehung
eines „klerikalen“ Bluttes geplant wan.</Unicode>
            </TextEquiv>
        </TextRegion>
        <TextRegion orientation="0.0" id="r3" custom="readingOrder {index:2;}">
            <Coords points="1709,245 1709,3003 3017,3003 3017,245"/>
            <TextLine id="r3l1" custom="readingOrder {index:0;}">
                <Coords points="1703,298 1864,292 1917,264 1964,284 2035,271 2055,287 2157,291 2156,213 2074,209 2034,225 1964,212 1929,245 1749,216 1702,233"/>
                <Baseline points="1709,274 1734,272 1760,271 1786,270 1812,270 1838,270 1864,270 1890,270 1916,271 1941,271 1967,271 1993,272 2019,271 2045,271 2071,271 2097,269 2123,268 2149,265"/>
                <TextEquiv>
                    <Unicode>box 33/3</Unicode>
                </TextEquiv>
            </TextLine>
            <TextLine id="r3l2" custom="readingOrder {index:1;}">
                <Coords points="1989,572 2165,611 2225,586 2866,627 2979,607 2981,538 2174,512 1989,546"/>
                <Baseline points="1996,572 2044,575 2093,577 2142,580 2191,582 2240,584 2288,585 2337,587 2386,589 2435,590 2484,592 2532,593 2581,594 2630,596 2679,597 2728,599 2776,601 2825,602 2874,604 2923,605 2972,607"/>
                <TextEquiv>
                    <Unicode>Zeilung: Hannoverscher Anzeiger</Unicode>
                </TextEquiv>
            </TextLine>
            <TextLine id="r3l3" custom="readingOrder {index:2;}">
                <Coords points="1991,704 2196,695 2261,720 2413,715 2449,737 2536,708 2539,649 2427,639 2366,655 2285,627 2189,665 2041,648 1994,660"/>
                <Baseline points="2000,687 2026,689 2052,690 2079,692 2105,695 2132,697 2158,699 2184,701 2211,703 2237,704 2264,706 2290,708 2316,709 2343,710 2369,712 2396,712 2422,713 2448,713 2475,713 2501,712 2528,711"/>
                <TextEquiv>
                    <Unicode>Adresse: Hannover</Unicode>
                </TextEquiv>
            </TextLine>
            <TextLine id="r3l4" custom="readingOrder {index:3;}">
                <Coords points="2639,700 2676,727 2760,739 2807,761 2827,751 2890,784 2980,785 2988,748 2941,705 2901,711 2756,668 2723,687 2692,662 2644,675"/>
                <Baseline points="2644,714 2669,716 2695,719 2720,723 2746,728 2771,734 2797,741 2822,746 2848,753 2873,758 2899,763 2924,768 2950,771 2976,772"/>
                <TextEquiv>
                    <Unicode>S. 12 191</Unicode>
                </TextEquiv>
            </TextLine>
            <TextLine id="r3l5" custom="readingOrder {index:4;}">
                <Coords points="2037,806 2949,852 2972,789 2853,822 2674,786 2241,793 2085,764 2038,789"/>
                <Baseline points="2044,805 2092,807 2140,809 2189,811 2237,812 2285,814 2334,815 2382,818 2430,820 2479,821 2527,823 2576,825 2624,827 2672,830 2721,831 2769,834 2817,837 2866,840 2914,843 2963,846"/>
                <TextEquiv>
                    <Unicode>„Fink und Fliederbusch“ Artur Schnitzlexs neue</Unicode>
                </TextEquiv>
            </TextLine>
            <TextLine id="r3l6" custom="readingOrder {index:5;}">
                <Coords points="1972,841 2674,856 2734,885 2945,881 2974,853 1975,785"/>
                <Baseline points="1980,837 2029,839 2078,842 2127,844 2177,846 2226,849 2275,851 2324,853 2374,855 2423,857 2472,860 2521,861 2571,863 2620,865 2669,867 2718,869 2768,871 2817,872 2866,874 2915,875 2965,877"/>
                <TextEquiv>
                    <Unicode>#ternim Berliner LestinfsTheater</Unicode>
                </TextEquiv>
            </TextLine>
            <TextLine id="r3l7" custom="readingOrder {index:6;}">
                <Coords points="1983,871 2950,918 2979,868 2734,886 2677,859 2631,887 1984,849"/>
                <Baseline points="1990,874 2041,877 2093,879 2144,882 2196,884 2247,886 2299,889 2350,890 2402,892 2453,894 2505,895 2556,897 2608,899 2659,901 2711,902 2762,904 2814,906 2865,908 2917,911 2969,914"/>
                <TextEquiv>
                    <Unicode>einen Achtungsdurchfall sozusagen. Jus Mittelpunkt</Unicode>
                </TextEquiv>
            </TextLine>
            <TextLine id="r3l8" custom="readingOrder {index:7;}">
                <Coords points="1985,908 2897,956 2972,948 2974,911 1986,875"/>
                <Baseline points="1992,909 2040,911 2089,914 2137,916 2186,919 2235,921 2283,923 2332,925 2381,926 2429,928 2478,930 2527,931 2575,932 2624,934 2673,935 2721,937 2770,939 2819,941 2867,942 2916,945 2965,947"/>
                <TextEquiv>
                    <Unicode>der erklügelten Handlung steht ein moberner Schmock,</Unicode>
                </TextEquiv>
            </TextLine>
            <TextLine id="r3l9" custom="readingOrder {index:8;}">
                <Coords points="1988,944 2944,988 2965,943 1989,909"/>
                <Baseline points="1996,941 2044,945 2092,948 2140,952 2188,954 2236,957 2284,959 2332,961 2380,963 2428,965 2476,966 2524,967 2572,969 2620,970 2668,971 2716,972 2764,973 2812,974 2860,975 2908,977 2957,978"/>
                <TextEquiv>
                    <Unicode>der die Fertigkeit, links zu schreiben und rechts zu</Unicode>
                </TextEquiv>
            </TextLine>
            <TextLine id="r3l10" custom="readingOrder {index:9;}">
                <Coords points="1989,977 2905,1022 2961,986 1990,945"/>
                <Baseline points="1996,977 2043,980 2091,982 2139,985 2187,988 2235,990 2283,992 2330,994 2378,996 2426,997 2474,999 2522,1001 2570,1002 2618,1004 2665,1005 2713,1006 2761,1008 2809,1009 2857,1010 2905,1011 2953,1013"/>
                <TextEquiv>
                    <Unicode>schreiben edermaßen ausgebildet hat, d# er, Fink und</Unicode>
                </TextEquiv>
            </TextLine>
            <TextLine id="r3l11" custom="readingOrder {index:10;}">
                <Coords points="1978,1013 2935,1055 2956,1020 1979,980"/>
                <Baseline points="1986,1009 2034,1013 2082,1016 2130,1018 2178,1021 2226,1023 2274,1026 2322,1028 2370,1030 2418,1032 2466,1035 2514,1036 2562,1038 2610,1039 2658,1041 2706,1042 2754,1044 2802,1045 2850,1046 2898,1048 2947,1049"/>
                <TextEquiv>
                    <Unicode>Fliederbusch in einer Person, gegen seine eignen</Unicode>
                </TextEquiv>
            </TextLine>
            <TextLine id="r3l12" custom="readingOrder {index:11;}">
                <Coords points="1974,1041 2876,1089 2958,1082 2960,1051 1976,1011"/>
                <Baseline points="1981,1044 2029,1047 2078,1049 2126,1051 2175,1053 2223,1056 2272,1058 2320,1061 2369,1062 2417,1064 2466,1066 2514,1068 2563,1070 2611,1072 2660,1074 2708,1075 2757,1077 2805,1078 2854,1079 2902,1081 2951,1082"/>
                <TextEquiv>
                    <Unicode>Artikel in einem andern Artikel in den gefährlichsten</Unicode>
                </TextEquiv>
            </TextLine>
            <TextLine id="r3l13" custom="readingOrder {index:12;}">
                <Coords points="1978,1085 2951,1118 2934,1082 1980,1046"/>
                <Baseline points="1985,1078 2032,1080 2080,1082 2128,1085 2176,1088 2224,1090 2272,1092 2320,1095 2368,1096 2416,1099 2464,1100 2511,1102 2559,1104 2607,1105 2655,1107 2703,1109 2751,1111 2799,1112 2847,1113 2895,1115 2943,1116"/>
                <TextEquiv>
                    <Unicode>und beleidigendsten Ausdrücken polemisiert, sich selbst</Unicode>
                </TextEquiv>
            </TextLine>
            <TextLine id="r3l14" custom="readingOrder {index:13;}">
                <Coords points="1981,1111 2944,1152 2916,1115 1982,1086"/>
                <Baseline points="1988,1115 2035,1116 2082,1118 2130,1120 2177,1121 2225,1123 2272,1125 2320,1127 2367,1129 2415,1132 2462,1134 2509,1135 2557,1138 2604,1140 2652,1142 2699,1143 2747,1144 2794,1145 2842,1146 2889,1147 2937,1147"/>
                <TextEquiv>
                    <Unicode>zum Zweikampf herausfordern muß und dadurch in</Unicode>
                </TextEquiv>
            </TextLine>
            <TextLine id="r3l15" custom="readingOrder {index:14;}">
                <Coords points="1968,1150 2934,1193 2963,1144 1969,1118"/>
                <Baseline points="1976,1147 2024,1148 2073,1151 2122,1152 2171,1154 2220,1157 2269,1158 2318,1161 2367,1163 2416,1165 2465,1168 2513,1170 2562,1172 2611,1173 2660,1175 2709,1176 2758,1177 2807,1178 2856,1178 2905,1178 2954,1177"/>
                <TextEquiv>
                    <Unicode>Lagen gerät, die Schnitzler sich gewiß außerst komisch</Unicode>
                </TextEquiv>
            </TextLine>
            <TextLine id="r3l16" custom="readingOrder {index:15;}">
                <Coords points="1977,1187 2948,1224 2957,1189 1978,1157"/>
                <Baseline points="1985,1180 2033,1183 2081,1184 2129,1187 2177,1189 2226,1191 2274,1193 2322,1196 2370,1198 2418,1200 2467,1202 2515,1204 2563,1206 2611,1207 2659,1208 2708,1210 2756,1211 2804,1212 2852,1212 2900,1212 2949,1212"/>
                <TextEquiv>
                    <Unicode>und unterhaltend dachte, was das Berliner Publikum</Unicode>
                </TextEquiv>
            </TextLine>
            <TextLine id="r3l17" custom="readingOrder {index:16;}">
                <Coords points="1975,1220 2951,1247 2940,1217 1976,1189"/>
                <Baseline points="1982,1213 2030,1215 2078,1217 2126,1219 2174,1222 2222,1224 2270,1227 2318,1229 2366,1231 2414,1234 2462,1236 2510,1237 2558,1240 2606,1241 2654,1242 2702,1244 2750,1244 2798,1245 2846,1245 2894,1245 2943,1245"/>
                <TextEquiv>
                    <Unicode>aber keineswegs fand. Es entwicktelte sich schließlich</Unicode>
                </TextEquiv>
            </TextLine>
            <TextLine id="r3l18" custom="readingOrder {index:17;}">
                <Coords points="1966,1252 2743,1276 2711,1243 2638,1263 2407,1227 1968,1215"/>
                <Baseline points="1974,1247 2012,1250 2050,1251 2088,1253 2126,1256 2164,1258 2202,1259 2240,1261 2278,1262 2316,1264 2355,1265 2393,1267 2431,1268 2469,1269 2507,1270 2545,1271 2583,1273 2621,1274 2659,1275 2697,1276 2736,1277"/>
                <TextEquiv>
                    <Unicode>eine regelrechte Premierenschlacht, und</Unicode>
                </TextEquiv>
            </TextLine>
            <TextLine id="r3l19" custom="readingOrder {index:18;}">
                <Coords points="2748,1280 2783,1290 2832,1277 2851,1291 2877,1291 2888,1282 2907,1292 2920,1287 2936,1292 2937,1252 2904,1256 2884,1250 2874,1257 2863,1248 2838,1261 2800,1250 2768,1261 2749,1255"/>
                <Baseline points="2755,1279 2784,1278 2813,1278 2842,1280 2871,1281 2900,1281 2929,1279"/>
                <TextEquiv>
                    <Unicode>es blieb</Unicode>
                </TextEquiv>
            </TextLine>
            <TextLine id="r3l20" custom="readingOrder {index:19;}">
                <Coords points="1964,1286 2872,1328 2956,1309 2957,1278 1965,1254"/>
                <Baseline points="1972,1284 2020,1286 2069,1287 2118,1290 2167,1292 2216,1294 2265,1296 2313,1298 2362,1300 2411,1302 2460,1304 2509,1305 2558,1307 2607,1308 2655,1309 2704,1310 2753,1311 2802,1311 2851,1311 2900,1311 2949,1311"/>
                <TextEquiv>
                    <Unicode>zweifelhaft, ob darin die Zischer oder die unentwegten</Unicode>
                </TextEquiv>
            </TextLine>
            <TextLine id="r3l21" custom="readingOrder {index:20;}">
                <Coords points="1966,1321 2535,1331 2625,1359 2748,1333 2938,1371 2956,1322 1967,1290"/>
                <Baseline points="1974,1320 2022,1322 2071,1323 2120,1325 2168,1326 2217,1327 2266,1329 2314,1331 2363,1333 2412,1334 2461,1337 2509,1338 2558,1340 2607,1342 2655,1343 2704,1345 2753,1347 2801,1348 2850,1349 2899,1350 2948,1351"/>
                <TextEquiv>
                    <Unicode>Bewunderer Schnitzlers die Oberhand behielten.</Unicode>
                </TextEquiv>
            </TextLine>
            <TextLine id="r3l22" custom="readingOrder {index:21;}">
                <Coords points="1969,1355 2747,1373 2953,1409 2968,1361 1970,1320"/>
                <Baseline points="1976,1353 2025,1355 2074,1356 2123,1359 2172,1360 2222,1362 2271,1364 2320,1366 2369,1368 2418,1370 2468,1371 2517,1373 2566,1375 2615,1377 2664,1379 2714,1380 2763,1382 2812,1384 2861,1385 2910,1386 2960,1388"/>
                <TextEquiv>
                    <Unicode>Jedenfalls bedeutet dieses Stück eine arge Ent¬</Unicode>
                </TextEquiv>
            </TextLine>
            <TextLine id="r3l23" custom="readingOrder {index:22;}">
                <Coords points="1960,1390 2949,1428 2950,1393 2841,1379 1961,1354"/>
                <Baseline points="1968,1388 2016,1390 2065,1392 2114,1393 2162,1395 2211,1397 2260,1398 2308,1400 2357,1402 2406,1404 2455,1406 2503,1407 2552,1408 2601,1410 2649,1412 2698,1414 2747,1416 2795,1418 2844,1419 2893,1421 2942,1423"/>
                <TextEquiv>
                    <Unicode>täuschung, denn man hatte gerade von Schnitzler eine</Unicode>
                </TextEquiv>
            </TextLine>
            <TextLine id="r3l24" custom="readingOrder {index:23;}">
                <Coords points="1963,1432 2649,1443 2722,1475 2910,1471 2944,1428 1964,1390"/>
                <Baseline points="1970,1421 2018,1423 2066,1425 2114,1427 2163,1430 2211,1432 2259,1434 2308,1436 2356,1438 2404,1440 2453,1442 2501,1443 2549,1445 2597,1446 2646,1448 2694,1449 2742,1450 2791,1451 2839,1451 2887,1451 2936,1451"/>
                <TextEquiv>
                    <Unicode>lustige Neuauflage von Freytags „Journalisten“</Unicode>
                </TextEquiv>
            </TextLine>
            <TextLine id="r3l25" custom="readingOrder {index:24;}">
                <Coords points="1958,1470 1997,1476 2030,1465 2087,1481 2098,1476 2112,1487 2144,1484 2147,1436 2126,1438 2106,1426 2061,1436 2037,1428 2023,1435 1960,1432"/>
                <Baseline points="1966,1455 1994,1457 2023,1458 2052,1460 2080,1461 2109,1463 2138,1465"/>
                <TextEquiv>
                    <Unicode>erwartet.</Unicode>
                </TextEquiv>
            </TextLine>
            <TextLine id="r3l26" custom="readingOrder {index:25;}">
                <Coords points="1985,1842 2024,1843 2037,1837 2068,1845 2115,1844 2138,1838 2159,1844 2159,1791 2136,1786 2131,1791 2118,1780 2095,1790 2051,1777 2043,1784 2012,1781 1996,1791 1986,1789"/>
                <Baseline points="1993,1834 2019,1833 2046,1833 2072,1834 2099,1834 2125,1834 2152,1835"/>
                <TextEquiv>
                    <Unicode>——</Unicode>
                </TextEquiv>
            </TextLine>
            <TextLine id="r3l27" custom="readingOrder {index:26;}">
                <Coords points="2480,1872 2568,1886 2633,1860 2740,1876 2900,1857 2953,1866 2955,1807 2857,1814 2776,1799 2717,1832 2479,1832"/>
                <Baseline points="2487,1853 2512,1854 2538,1854 2564,1855 2589,1855 2615,1856 2641,1856 2666,1856 2692,1856 2718,1856 2743,1855 2769,1855 2795,1854 2820,1853 2846,1852 2872,1851 2897,1849 2923,1848 2949,1846"/>
                <TextEquiv>
                    <Unicode></Unicode>
                </TextEquiv>
            </TextLine>
            <TextLine id="r3l28" custom="readingOrder {index:27;}">
                <Coords points="1905,1922 2971,1907 2970,1873 2908,1860 1905,1888"/>
                <Baseline points="1912,1916 1964,1917 2017,1917 2069,1917 2122,1917 2175,1916 2227,1915 2280,1913 2332,1912 2385,1910 2438,1909 2490,1907 2543,1906 2595,1904 2648,1903 2701,1902 2753,1901 2806,1901 2858,1901 2911,1902 2964,1903"/>
                <TextEquiv>
                    <Unicode>Doch genug von der Schmokgeschichte. Es sei nur beigefügt,</Unicode>
                </TextEquiv>
            </TextLine>
            <TextLine id="r3l29" custom="readingOrder {index:28;}">
                <Coords points="1879,1973 2952,1954 2985,1907 1878,1920"/>
                <Baseline points="1886,1955 1940,1956 1995,1956 2049,1955 2104,1955 2159,1954 2213,1954 2268,1953 2322,1952 2377,1951 2432,1950 2486,1948 2541,1947 2595,1946 2650,1945 2705,1944 2759,1943 2814,1942 2868,1941 2923,1940 2978,1940"/>
                <TextEquiv>
                    <Unicode>daß ein wenig Stadtklatschschilderung zur Charakteristik eines</Unicode>
                </TextEquiv>
            </TextLine>
            <TextLine id="r3l30" custom="readingOrder {index:29;}">
                <Coords points="1874,1997 2982,1989 2981,1945 1873,1959"/>
                <Baseline points="1881,1993 1935,1993 1990,1993 2045,1993 2099,1993 2154,1992 2209,1992 2263,1991 2318,1990 2373,1990 2428,1989 2482,1988 2537,1987 2592,1986 2646,1985 2701,1984 2756,1984 2810,1983 2865,1982 2920,1981 2975,1981"/>
                <TextEquiv>
                    <Unicode>vielgewandten Zeitungsreporters die Lücken der Haupthandlung</Unicode>
                </TextEquiv>
            </TextLine>
            <TextLine id="r3l31" custom="readingOrder {index:30;}">
                <Coords points="1877,2042 1988,2039 2008,2049 2076,2033 2180,2044 2235,2032 2235,2009 2196,1995 2086,2009 2032,1998 1877,2005"/>
                <Baseline points="1885,2032 1911,2032 1937,2031 1963,2031 1990,2031 2016,2032 2042,2032 2069,2032 2095,2032 2121,2032 2148,2032 2174,2031 2200,2030 2227,2028"/>
                <TextEquiv>
                    <Unicode>motdürftig ausfüllt.</Unicode>
                </TextEquiv>
            </TextLine>
            <TextLine id="r3l32" custom="readingOrder {index:31;}">
                <Coords points="1919,2077 2930,2073 2980,2062 2979,2018 1918,2039"/>
                <Baseline points="1926,2071 1978,2071 2030,2070 2082,2069 2135,2069 2187,2068 2239,2068 2292,2068 2344,2068 2396,2068 2449,2067 2501,2067 2553,2067 2605,2066 2658,2065 2710,2064 2762,2063 2815,2062 2867,2060 2919,2058 2972,2056"/>
                <TextEquiv>
                    <Unicode>Wäre Schnitzler nicht der geschickte Plauderer, der im Wort¬</Unicode>
                </TextEquiv>
            </TextLine>
            <TextLine id="r3l33" custom="readingOrder {index:32;}">
                <Coords points="1873,2119 2986,2112 2985,2062 1873,2084"/>
                <Baseline points="1881,2116 1935,2114 1990,2112 2045,2111 2100,2110 2155,2109 2210,2109 2264,2109 2319,2109 2374,2109 2429,2109 2484,2109 2539,2109 2594,2108 2648,2108 2703,2107 2758,2106 2813,2105 2868,2102 2923,2100 2978,2097"/>
                <TextEquiv>
                    <Unicode>gefecht auch manchen fein geschlifsenen Satz gleichsam unter</Unicode>
                </TextEquiv>
            </TextLine>
            <TextLine id="r3l34" custom="readingOrder {index:33;}">
                <Coords points="1967,2143 1977,2140 1981,2132 1988,2137 1995,2134 1989,2115 1982,2117 1975,2113 1971,2119 1961,2123"/>
                <Baseline points="1972,2133 1986,2129"/>
                <TextEquiv>
                    <Unicode>—2</Unicode>
                </TextEquiv>
            </TextLine>
            <TextLine id="r3l35" custom="readingOrder {index:34;}">
                <Coords points="1879,2161 2964,2153 2987,2112 1878,2127"/>
                <Baseline points="1886,2152 1940,2151 1995,2151 2049,2151 2104,2151 2159,2151 2213,2151 2268,2151 2323,2151 2377,2151 2432,2151 2487,2150 2541,2150 2596,2149 2651,2149 2705,2147 2760,2146 2815,2145 2869,2143 2924,2140 2979,2137"/>
                <TextEquiv>
                    <Unicode>den Tisch fallen läßt, so bliebe von seiner Komödie nichts als</Unicode>
                </TextEquiv>
            </TextLine>
            <TextLine id="r3l36" custom="readingOrder {index:35;}">
                <Coords points="1879,2201 3005,2190 3004,2153 2942,2142 1878,2168"/>
                <Baseline points="1886,2191 1941,2191 1997,2192 2052,2192 2108,2192 2163,2192 2219,2192 2274,2192 2330,2191 2385,2191 2441,2191 2497,2190 2552,2189 2608,2188 2663,2187 2719,2186 2774,2185 2830,2183 2885,2182 2941,2180 2997,2177"/>
                <TextEquiv>
                    <Unicode>ein ziemlich schaler und weitgesponnener Spaß. Und das, ob¬</Unicode>
                </TextEquiv>
            </TextLine>
            <TextLine id="r3l37" custom="readingOrder {index:36;}">
                <Coords points="1878,2229 2508,2245 2991,2211 2948,2182 1878,2201"/>
                <Baseline points="1886,2233 1940,2232 1995,2232 2050,2232 2105,2232 2160,2231 2215,2231 2269,2231 2324,2231 2379,2230 2434,2230 2489,2230 2544,2229 2599,2228 2653,2227 2708,2226 2763,2225 2818,2223 2873,2221 2928,2219 2983,2216"/>
                <TextEquiv>
                    <Unicode>wohl Bassermann — übrigens trotz allem Schneid und</Unicode>
                </TextEquiv>
            </TextLine>
            <TextLine id="r3l38" custom="readingOrder {index:37;}">
                <Coords points="1874,2276 2986,2261 2959,2221 1874,2246"/>
                <Baseline points="1882,2273 1936,2272 1991,2272 2046,2272 2101,2272 2156,2271 2210,2271 2265,2271 2320,2271 2375,2271 2430,2271 2484,2270 2539,2269 2594,2268 2649,2267 2704,2266 2758,2264 2813,2262 2868,2259 2923,2256 2978,2253"/>
                <TextEquiv>
                    <Unicode>aller Jugend zu alt für diese, nur einem „dummen Jungen“.</Unicode>
                </TextEquiv>
            </TextLine>
            <TextLine id="r3l39" custom="readingOrder {index:38;}">
                <Coords points="1890,2319 2993,2305 2979,2261 1890,2285"/>
                <Baseline points="1898,2314 1952,2313 2006,2312 2061,2312 2115,2311 2169,2311 2224,2311 2278,2310 2332,2310 2387,2310 2441,2309 2495,2309 2550,2308 2604,2307 2658,2306 2713,2305 2767,2304 2821,2302 2876,2300 2930,2298 2985,2295"/>
                <TextEquiv>
                    <Unicode>verzeihliche Rolle — sich ausgezeichnet mit seinen Künsten für</Unicode>
                </TextEquiv>
            </TextLine>
            <TextLine id="r3l40" custom="readingOrder {index:39;}">
                <Coords points="1886,2357 2971,2352 2983,2301 1885,2319"/>
                <Baseline points="1893,2355 1947,2354 2001,2353 2055,2352 2109,2351 2163,2351 2217,2350 2272,2350 2326,2350 2380,2349 2434,2349 2488,2349 2542,2348 2596,2347 2651,2347 2705,2346 2759,2345 2813,2343 2867,2342 2921,2340 2976,2338"/>
                <TextEquiv>
                    <Unicode>Herrn Fli derbusch wie Herrn Fink einsetzte, und obwohl ihm</Unicode>
                </TextEquiv>
            </TextLine>
            <TextLine id="r3l41" custom="readingOrder {index:40;}">
                <Coords points="1895,2400 2780,2398 2965,2390 2982,2361 1894,2360"/>
                <Baseline points="1902,2394 1955,2394 2009,2393 2062,2393 2116,2392 2170,2392 2223,2391 2277,2390 2331,2390 2384,2389 2438,2388 2492,2388 2545,2387 2599,2386 2653,2385 2706,2384 2760,2383 2814,2381 2867,2380 2921,2379 2975,2377"/>
                <TextEquiv>
                    <Unicode>im Götz als Reporter, in Bonn, Wallauer, Licho, John, Lind,</Unicode>
                </TextEquiv>
            </TextLine>
            <TextLine id="r3l42" custom="readingOrder {index:41;}">
                <Coords points="1884,2437 2987,2431 2986,2383 2939,2382 1884,2408"/>
                <Baseline points="1892,2436 1946,2435 2000,2434 2055,2434 2109,2433 2164,2432 2218,2431 2272,2431 2327,2430 2381,2429 2436,2428 2490,2427 2544,2426 2599,2425 2653,2424 2708,2423 2762,2422 2816,2421 2871,2419 2925,2418 2980,2416"/>
                <TextEquiv>
                    <Unicode>Felix, Landa, Schroth, Sternberg und der Grüning eine Reihe</Unicode>
                </TextEquiv>
            </TextLine>
            <TextLine id="r3l43" custom="readingOrder {index:42;}">
                <Coords points="1887,2477 2944,2471 2999,2428 1886,2444"/>
                <Baseline points="1894,2474 1948,2473 2003,2473 2058,2473 2113,2472 2168,2471 2223,2471 2278,2470 2333,2469 2388,2468 2443,2467 2497,2466 2552,2465 2607,2464 2662,2463 2717,2462 2772,2461 2827,2460 2882,2458 2937,2457 2992,2456"/>
                <TextEquiv>
                    <Unicode>von höchst amüsanten Tyxew zur Seite standen, an denen man</Unicode>
                </TextEquiv>
            </TextLine>
            <TextLine id="r3l44" custom="readingOrder {index:43;}">
                <Coords points="1889,2525 2913,2515 2999,2503 2999,2464 1889,2483"/>
                <Baseline points="1897,2513 1951,2514 2006,2514 2061,2513 2116,2513 2170,2513 2225,2512 2280,2511 2335,2510 2389,2510 2444,2509 2499,2508 2554,2507 2608,2505 2663,2504 2718,2503 2773,2502 2827,2501 2882,2500 2937,2499 2992,2498"/>
                <TextEquiv>
                    <Unicode>im einzellnen wie im Zusammenspiel seine Freude haben konnte.</Unicode>
                </TextEquiv>
            </TextLine>
            <TextLine id="r3l45" custom="readingOrder {index:44;}">
                <Coords points="1927,2556 2900,2556 2998,2549 2998,2503 1926,2526"/>
                <Baseline points="1934,2550 1986,2551 2039,2552 2092,2552 2145,2552 2198,2552 2251,2552 2303,2551 2356,2550 2409,2549 2462,2548 2515,2547 2568,2546 2621,2545 2673,2543 2726,2542 2779,2541 2832,2540 2885,2538 2938,2538 2991,2537"/>
                <TextEquiv>
                    <Unicode>Was allerdings zu einem so zweisellosen Theaterkampf um</Unicode>
                </TextEquiv>
            </TextLine>
            <TextLine id="r3l46" custom="readingOrder {index:45;}">
                <Coords points="1894,2599 3010,2597 3009,2556 2953,2542 1894,2552"/>
                <Baseline points="1902,2595 1957,2594 2012,2594 2067,2593 2122,2592 2177,2591 2232,2590 2287,2590 2342,2589 2397,2588 2452,2588 2507,2587 2562,2586 2617,2585 2672,2584 2727,2582 2782,2581 2837,2579 2892,2578 2947,2576 3003,2573"/>
                <TextEquiv>
                    <Unicode>Erfolg oder Mißerfolg des Stückes verführt hat, wie er tat¬</Unicode>
                </TextEquiv>
            </TextLine>
            <TextLine id="r3l47" custom="readingOrder {index:46;}">
                <Coords points="1890,2640 2888,2636 3005,2591 1889,2600"/>
                <Baseline points="1897,2638 1952,2637 2007,2636 2062,2635 2117,2634 2172,2633 2227,2632 2282,2631 2337,2630 2392,2630 2447,2629 2502,2628 2557,2627 2612,2626 2667,2625 2722,2623 2777,2622 2832,2621 2887,2619 2942,2617 2998,2615"/>
                <TextEquiv>
                    <Unicode>ssächlich nach dim Schluß der Vorstellung in Szene ging er¬</Unicode>
                </TextEquiv>
            </TextLine>
            <TextLine id="r3l48" custom="readingOrder {index:47;}">
                <Coords points="1890,2693 2930,2673 3004,2662 3003,2617 1889,2651"/>
                <Baseline points="1897,2675 1954,2674 2012,2674 2070,2673 2128,2672 2186,2672 2244,2671 2301,2671 2359,2670 2417,2669 2475,2669 2533,2668 2591,2667 2648,2665 2706,2664 2764,2663 2822,2661 2880,2658 2938,2656 2996,2654"/>
                <TextEquiv>
                    <Unicode>scheint reichlich unklar. Weder bot die Schilderung der schwachen</Unicode>
                </TextEquiv>
            </TextLine>
            <TextLine id="r3l49" custom="readingOrder {index:48;}">
                <Coords points="1892,2727 3004,2701 2995,2660 1891,2680"/>
                <Baseline points="1899,2713 1953,2714 2008,2714 2063,2714 2118,2713 2173,2713 2228,2712 2283,2711 2338,2710 2393,2709 2448,2707 2502,2706 2557,2705 2612,2704 2667,2703 2722,2702 2777,2701 2832,2700 2887,2699 2942,2699 2997,2698"/>
                <TextEquiv>
                    <Unicode>Rückgrate noch sonst irgend etwas Anlaß, das laulichte Produkt,</Unicode>
                </TextEquiv>
            </TextLine>
            <TextLine id="r3l50" custom="readingOrder {index:49;}">
                <Coords points="1894,2756 2999,2741 2962,2703 1893,2728"/>
                <Baseline points="1901,2753 1955,2753 2010,2753 2064,2752 2119,2752 2173,2751 2228,2751 2282,2750 2337,2750 2391,2749 2446,2748 2501,2748 2555,2747 2610,2745 2664,2744 2719,2743 2773,2742 2828,2741 2882,2740 2937,2738 2992,2737"/>
                <TextEquiv>
                    <Unicode>das eine etwas müde Erheiterung vermittelt, zum Kampf¬</Unicode>
                </TextEquiv>
            </TextLine>
            <TextLine id="r3l51" custom="readingOrder {index:50;}">
                <Coords points="1891,2795 2956,2793 2995,2760 1891,2767"/>
                <Baseline points="1898,2797 1952,2796 2007,2795 2061,2793 2116,2792 2170,2792 2225,2791 2279,2790 2334,2790 2388,2789 2443,2788 2497,2788 2552,2787 2606,2786 2661,2785 2715,2784 2770,2783 2824,2782 2879,2780 2933,2778 2988,2776"/>
                <TextEquiv>
                    <Unicode>objekt emporzuzischen. Nur durch den Widerstand der Ah¬</Unicode>
                </TextEquiv>
            </TextLine>
            <TextLine id="r3l52" custom="readingOrder {index:51;}">
                <Coords points="1900,2839 3007,2817 2910,2777 1899,2801"/>
                <Baseline points="1908,2837 1962,2836 2017,2835 2071,2834 2126,2833 2181,2833 2235,2832 2290,2831 2344,2831 2399,2830 2454,2829 2508,2828 2563,2827 2617,2827 2672,2825 2727,2824 2781,2823 2836,2822 2890,2820 2945,2819 3000,2817"/>
                <TextEquiv>
                    <Unicode>lehnenden kam es zu eifrigerer Belätigung der Klatschlustigen</Unicode>
                </TextEquiv>
            </TextLine>
            <TextLine id="r3l53" custom="readingOrder {index:52;}">
                <Coords points="1902,2881 2981,2874 3024,2861 3024,2805 2936,2835 1901,2850"/>
                <Baseline points="1909,2875 1964,2875 2019,2875 2075,2874 2130,2873 2186,2873 2241,2872 2296,2871 2352,2870 2407,2869 2463,2868 2518,2867 2573,2866 2629,2865 2684,2864 2740,2863 2795,2862 2850,2861 2906,2861 2961,2860 3017,2859"/>
                <TextEquiv>
                    <Unicode>und den Schaden — trug das Elektrizitätswerk infolg der ver¬</Unicode>
                </TextEquiv>
            </TextLine>
            <TextLine id="r3l54" custom="readingOrder {index:53;}">
                <Coords points="2785,2901 2841,2912 2884,2902 2903,2921 2921,2908 2935,2923 2984,2901 2997,2904 2997,2849 2984,2846 2949,2872 2941,2866 2928,2872 2908,2854 2852,2878 2825,2862 2786,2875"/>
                <Baseline points="2792,2905 2820,2904 2848,2903 2876,2903 2905,2903 2933,2903 2961,2905 2990,2907"/>
                <TextEquiv>
                    <Unicode>Dr. 7%</Unicode>
                </TextEquiv>
            </TextLine>
            <TextLine id="r3l55" custom="readingOrder {index:54;}">
                <Coords points="1894,2926 2587,2922 2627,2906 2627,2873 1893,2888"/>
                <Baseline points="1901,2913 1936,2913 1972,2913 2008,2912 2044,2912 2080,2912 2116,2911 2152,2911 2188,2910 2224,2910 2260,2910 2295,2909 2331,2909 2367,2908 2403,2908 2439,2908 2475,2907 2511,2907 2547,2907 2583,2906 2619,2906"/>
                <TextEquiv>
                    <Unicode>längerten Brenndauer der Beleuchtung.</Unicode>
                </TextEquiv>
            </TextLine>
            <TextLine id="r3l56" custom="readingOrder {index:55;}">
                <Coords points="2045,3032 2959,2969 2978,2906 2041,2932"/>
                <Baseline points="2050,2990 2096,2992 2142,2992 2188,2993 2234,2993 2280,2993 2326,2992 2373,2992 2419,2991 2465,2989 2511,2988 2557,2986 2603,2983 2649,2981 2696,2978 2742,2975 2788,2972 2834,2968 2880,2964 2926,2960 2973,2956"/>
                <TextEquiv>
                    <Unicode>Kunst und Wlissenschett 4</Unicode>
                </TextEquiv>
            </TextLine>
            <TextEquiv>
                <Unicode>box 33/3
Zeilung: Hannoverscher Anzeiger
Adresse: Hannover
S. 12 191
„Fink und Fliederbusch“ Artur Schnitzlexs neue
#ternim Berliner LestinfsTheater
einen Achtungsdurchfall sozusagen. Jus Mittelpunkt
der erklügelten Handlung steht ein moberner Schmock,
der die Fertigkeit, links zu schreiben und rechts zu
schreiben edermaßen ausgebildet hat, d# er, Fink und
Fliederbusch in einer Person, gegen seine eignen
Artikel in einem andern Artikel in den gefährlichsten
und beleidigendsten Ausdrücken polemisiert, sich selbst
zum Zweikampf herausfordern muß und dadurch in
Lagen gerät, die Schnitzler sich gewiß außerst komisch
und unterhaltend dachte, was das Berliner Publikum
aber keineswegs fand. Es entwicktelte sich schließlich
eine regelrechte Premierenschlacht, und
es blieb
zweifelhaft, ob darin die Zischer oder die unentwegten
Bewunderer Schnitzlers die Oberhand behielten.
Jedenfalls bedeutet dieses Stück eine arge Ent¬
täuschung, denn man hatte gerade von Schnitzler eine
lustige Neuauflage von Freytags „Journalisten“
erwartet.
——

Doch genug von der Schmokgeschichte. Es sei nur beigefügt,
daß ein wenig Stadtklatschschilderung zur Charakteristik eines
vielgewandten Zeitungsreporters die Lücken der Haupthandlung
motdürftig ausfüllt.
Wäre Schnitzler nicht der geschickte Plauderer, der im Wort¬
gefecht auch manchen fein geschlifsenen Satz gleichsam unter
—2
den Tisch fallen läßt, so bliebe von seiner Komödie nichts als
ein ziemlich schaler und weitgesponnener Spaß. Und das, ob¬
wohl Bassermann — übrigens trotz allem Schneid und
aller Jugend zu alt für diese, nur einem „dummen Jungen“.
verzeihliche Rolle — sich ausgezeichnet mit seinen Künsten für
Herrn Fli derbusch wie Herrn Fink einsetzte, und obwohl ihm
im Götz als Reporter, in Bonn, Wallauer, Licho, John, Lind,
Felix, Landa, Schroth, Sternberg und der Grüning eine Reihe
von höchst amüsanten Tyxew zur Seite standen, an denen man
im einzellnen wie im Zusammenspiel seine Freude haben konnte.
Was allerdings zu einem so zweisellosen Theaterkampf um
Erfolg oder Mißerfolg des Stückes verführt hat, wie er tat¬
ssächlich nach dim Schluß der Vorstellung in Szene ging er¬
scheint reichlich unklar. Weder bot die Schilderung der schwachen
Rückgrate noch sonst irgend etwas Anlaß, das laulichte Produkt,
das eine etwas müde Erheiterung vermittelt, zum Kampf¬
objekt emporzuzischen. Nur durch den Widerstand der Ah¬
lehnenden kam es zu eifrigerer Belätigung der Klatschlustigen
und den Schaden — trug das Elektrizitätswerk infolg der ver¬
Dr. 7%
längerten Brenndauer der Beleuchtung.
Kunst und Wlissenschett 4</Unicode>
            </TextEquiv>
        </TextRegion>
    </Page>
</PcGts>
