3392 4320
1671 183 2132 279 box 33/4
203 190 1515 291 27. Einkund Fljederbusch
861 521 1521 624 BOHEMIA. PAAG
1367 596 1610 707 001 1910
1717 714 2710 783 shen, Dehmels wundervolle Dichtung „Menschen¬
1730 782 2706 838 freunde“, irgendeine der vielen schönen durch¬
874 759 1649 897 Bühne und Kunst.
1705 826 2716 885 gefallenen Komödien des kürzlich verstorbenen
1082 856 1357 942 1
1702 867 2703 928 Hermann Essig, das sogar in Wien bekannt¬
1731 927 2714 976 gewordene Erstlingsdrama „Verführung“ des
854 924 1535 1026 N Schauspiel=Bilanz.
1728 964 2709 1023 jungen Pragers Paul Kornfeld, die feine, dank¬
829 1014 2706 1064 Vor einer Woche zog F. A. an dieser Stelle bare „Madame Legros“ von Heinrich Mann.
1722 1050 2710 1099 Rens Schickeles kluges Elsässerdrama „Hans
746 1055 1727 1121 „die Bilanz der verflossenen Opernspielzeit, wo¬
1733 1095 2709 1160 im Schnackenloch“ Sorges „Bettler“, Goerings
750 1105 1731 1159 bei er die Gelegenheit ergriff, die Abhängig¬
1740 1122 2724 1194 „Seeschlacht", Barlachs „Der arme Vetter“ ein
753 1144 1724 1203 keit des Opernspielplanes von dem hier in
1727 1184 2710 1238 früheres Werk von Fritz von Unruh oder Karl
746 1191 1731 1250 Mode gekommenen Startum zu besprechen.]
759 1215 2711 1295 Wenn ich mich heute der undankbaren Aufgabe Hauptmann, Wilhelm von Scholz oder Arno
755 1276 2709 1336 unterziehe, das abgelaufene Prager Schauspiel= Radel. In Deutschland beginnt ein neues Dra¬
1740 1308 2708 1366 ma sich aus tastenden Anfängen freizuringen.
755 1326 1716 1392 jahr auf Herz und Nieren zu untersuchen, muß
1728 1357 2704 1418 Wenn unser Theater in den Kammerspielen
750 1380 1726 1426 ich zunächst bedauernd feststellen, daß dem
750 1401 2697 1468 Schauspiel ein Star nichts geschadet hät'e. Die nur einmal monatlich zeigen würde, daß e¬
742 1456 2711 1517 Abende, an denen ein Stau gastierte, waren mit der neuen Jugend jung sein will, wäre die
1725 1487 2211 1549 Spielplanfrage gelöst.
750 1499 1728 1579 die besten, das Gastspiel Leman= Moissi der
1807 1512 2708 1592 Wer das vor dem Krieg einem Theater.
748 1533 1741 1607 Glanzrunkt der Saison. Dem E#le gehörte
1722 1559 2696 1632 direktor gesagt hätte, wäre belächelt worden
748 1584 1736 1666 eine Reihe von sehr begabten Schauspielern an,
749 1620 2696 1694 aber dadurch, daß wichtige Posten unbesetzt Idealist! Aber jetzt haben es die Theaterdirek
1727 1671 2708 1728 toren so bequem, daß sie nicht mehr aus Idea
752 1689 1723 1745 blieben war der Spielplan in enge Grenzen
1734 1703 2700 1771 lismus Idealisten sein müssen. Idealismu¬
756 1724 1724 1783 verwiesen. Darunter litten insbesondere die
1762 1758 1819 1804 st
1812 1750 2698 1816 das beste Geschäft geworden. De¬
749 1767 1733 1833 Klassikeraufführungen. Wir hatten beispiele¬
1730 1798 2703 1856 Münchner Theaterdirektor, der an hunder
750 1812 1729 1875 weise keine Sappho. Wie wichtig das wäre,
1736 1841 2695 1905 Winterabenden Shakespeare spielt, hat keiner
754 1859 1725 1913 geht daraus hervor, daß eine kleine Bühne wie
1730 1884 2691 1948 Heller Tantiemen zu zahlen. Das nenne ich
751 1906 1722 1960 die Münchner Kammerspiele fünfzigmal in
1740 1938 2692 1991 einen einträglichen Idealismus. Freilich mus
744 1947 1727 2005 einer Spielzeit bei ausverkauften Häusern das
1735 1981 2696 2030 der Shahespeare danach sein. Wenn die Leut¬
745 2000 1726 2064 „Wintermärchen“ geben kann. Einen solchen
747 2017 2707 2086 Erfolg hatte bei uns nicht einmal das — sogar die Klassikervorstellungen stürmen, wer
1713 2056 2699 2122 den sie gewiß auch für die Jüngsten zu haber
746 2080 1095 2160 „Extemporale“.
841 2104 2693 2173 Wie das neue Schauspielensemble beschaft sein, womit ich allerdings nicht jedem Milch
1723 2159 2692 2211 bart das Wort reden will, bloß weil es eie
749 2171 2695 2258 fen sein wird, weiß man noch nicht. Gastspiele Milchbart ist. Nur los von der aufgeplustertei
753 2214 2693 2279 auf Anstellung gah es heuer nicht, so daß Burgtheaterlangweile! Los von der wohlten
754 2262 1720 2314 Publikum und Presse bei Beginn der nächsten
1737 2292 2674 2339 perierten Talmiromantik! Los von den ge
749 2317 1725 2367 Spielzeit vor vollendete Tatsachen gestellt sein
1733 2338 2700 2384 stempelten und gekrönten Talentlosigkeiten
748 2359 1729 2425 werden. Hoffentlich wird jede Lücke, die heuer
1736 2381 2700 2432 Wo die Talente offene Tür finden, braucht nie
753 2399 1714 2454 störte, ausgefüllt sein: erst dann könnte eine
1734 2426 2698 2475 mandem um die Würde des Theaters bang
751 2443 1727 2499 Neubelebung des Spielplanes in Angriff ge¬
748 2461 2698 2530 nommen werden. Daß es nicht allzuschwer ist,j#“ sein, mag sich der sunge Most noch so absur
2173 2502 2686 2583 Ludwig Winder.
751 2508 1954 2589 jeden Monat mindestens ein interessantes neues (gebarden.
752 2568 1740 2646 Stück herauszubringen, haben im verflossenen
752 2617 1742 2681 Jahre selbst die kleineren reichsdeutschen Thea¬
750 2669 1748 2717 ter gezeigt. Städte wie Mannheim, Darmstadt,
748 2715 1753 2771 Düsseldorf konnten sich mit je fünfzehn bis
753 2758 1746 2808 fünfundzwanzig Uraufführungen brüsten. In
750 2797 1748 2860 Prag gab es bloß wenige Uraufführungen.
741 2832 1761 2890 Außer der neuen Komödie des heimischen
739 2894 1744 2956 Autors Anders und Demetz' Festspiel „Die gol¬
757 2936 1760 2999 d##ne Geige“ wurde nur Rudolph Lothars
746 2984 1751 3035 „Metternichpastete“ aus der Taufe gehoben,
754 3028 1757 3089 ein Stück, das vielleicht einem literarisch un¬
747 3064 1745 3130 verwöhnten Kriegsgewinnergaumen behagen
761 3103 1754 3162 nag, das aber bestimmt mit Kunst nicht vie!
760 3151 1741 3231 zu tun hat. Der beste Abend der Kammer¬
762 3206 1755 3259 piele war Strindbergs „Rausch,“ während
761 3236 1747 3301 er Kriegsschwank „Der Floh im Panzer¬
766 3280 1749 3356 aus“ wohl nur bei schlechter Bewachung in
761 3334 1749 3400 ie Kammerspiele gelangen konnte. Die drei
772 3377 1756 3444 lasanova=Einakter von Greeven, die man in
770 3430 1753 3494 en Prager Kammerspielen zum erstenmal
767 3474 1740 3528 ih, erwiesen sich als schwächliche Klügeleien
771 3520 1749 3570 ines nicht einmal technisch sattelfesten Litera¬
774 3568 1765 3615 m. Daß sich die Burgtheater= und Volksthea¬
761 3609 1752 3660 erstücke aus Wien in Prag nicht durchsetzen
774 3655 1750 3721 ießen, ist kein Wunder. Die Wiener Theater¬
759 3702 1750 3758 irektoren haben das wunderbare Taient.
764 3744 1752 3798 inter tausend eingereichten Stücken auf den
761 3781 1761 3840 rsten Blick den ärgsten Kitsch herauszufinden,
760 3829 1748 3893 er selbstverständlich sofort angenommen und
766 3885 1759 3951 tufgeführt wird. Zu diesem Fitsch, der auch
763 3918 1749 3979 zen Pragern nicht erspart blieb, gehörte
757 3983 1752 4030 Schnitzlers neuestes Lustspiel „Fink und Flie¬
760 3997 1755 4070 erbusch.“ Fehetes „Panik der Herzen.“ „Her¬
764 4041 1750 4129 egs „Blausuchs,“ den die Konstantin nach
765 4096 1729 4147 Prag schieppte, Fuldas „Verlorene Tochter,“
755 4147 1739 4189 Stüchlens „Straße nach Stannaich“ Wertvol¬
2921 4095 3236 4169 SA
