3392 4256
907 93 969 159 F
1133 90 1185 160 1
234 80 1539 193 27. Punrbusch
126 1551 480 1621 die Spur. Alles
496 1552 1588 1642 konservatives Wochenblätt und als Fliederbusch pole¬
117 1579 468 1666 struiert, verzeich¬
486 1601 1599 1687 misiert er gegen Fink in einer demokratischen Tages¬
131 1647 470 1711 und könnte eben¬
495 1667 1594 1739 zeitung. Das Ergebnis dieser gegenseitigen Angriffe ein
119 1696 466 1765 kikanten sein, die
495 1712 1595 1786 und derselben Person ist (wie ja nicht anders denkbar,
140 1747 477 1819 auf Bestellung
483 1761 1604 1823 wenn es lustig werden soll), ein Zweikampf zwischen
122 1792 468 1860 ken der Bühnen¬
483 1804 1593 1886 Fink und Fliederbusch, bei dem schließlich der ganze
155 1842 475 1916 der, daß diese
490 1857 1596 1934 „Gspaß“ herauskommt. Das Ende des 3. Aktes bringt
168 1891 470 1960 viel amüsanter
490 1898 1593 1989 eine große, wie der Franzose sich ausdrückt, „szene a
156 1943 472 2011 nie und sogar
493 1947 1583 2032 faire“, in die Schnitzler unzweideutig den Sinn hinein¬
116 1986 456 2060 hilosophisch=grüb¬
476 2015 1593 2067 legt, daß alle Journalisten Lumpen, gesinnungslose, nur
130 2044 469 2104 Kostprobe dieser
484 2039 1592 2112 aufs Geschäft bedachte Kreaturen sind. — Denn man
122 2087 462 2159 breuen, Schnizler
482 2094 1581 2186 höre weiter. Die beiden Chefredakteure, für deren Zei¬
116 2135 453 2206 blematisch zu fin¬
474 2149 1576 2213 tungen der Pfiffikus schrieb, haben durch einen Mit¬
114 2187 458 2262 etit zu behalten,
472 2192 1590 2282 arbeiter des konservativen Wochenblattes von diesem
117 2233 458 2303 im 3. Akt, wo
486 2238 1580 2310 Doppelspiel Kenntnis erlangt. Was machen sie nun?
110 2270 456 2353 istischen Vortrag
481 2304 1587 2376 Geben sie dem charakterlosen Menschen, jeder separat,
123 2330 461 2397 t. Schnitzler täte
478 2347 1587 2416 einen Fußtritt, den er schließlich verdienen würde? Nein,
110 2380 466 2452 esfeuerwerk dem
478 2409 1576 2459 durchaus nicht, das wäre ja nur ehrlich, aber nicht
117 2434 450 2509 der schon genug
470 2446 1593 2524 journalistisch nach Schnitzlerschen Begriffen. Was tun
122 2481 462 2552 was viel besser,
471 2505 1588 2560 sie also? Von der Genialität des samosen Kerls in
122 2527 456 2594 angepäßter, her¬
478 2544 1580 2618 helle Begeisterung versetzt, rennen beide auf den Duel¬
129 2579 459 2647 r, bei dem alles
471 2589 1586 2669 platz, wo sie die humoristische Selbstentlarvung des
120 2628 452 2691 it verdunkelt ist
471 2647 1576 2716 journalistischen Tausendsassa mit Worten höchster fach¬
120 2680 454 2747 Giesbert Nieder¬
474 2694 1579 2766 lichster Anerkennung quittieren und dann in Form einer
122 2722 445 2811 wie Graf Trast
471 2752 1581 2813 regelrechten Lizitation seine Dienste sich zu reservieren
474 2794 1582 2859 bemühen. — Fink=Fliederbusch pfeift aber schon auf die
110 2802 449 2910 eigen wird, daß
468 2848 1572 2909 Stellung eines Redaktionsangestellten, denn er über¬
161 2879 444 2951 wenn es sich
465 2886 1577 2964 nimmt ein neu zu gründendes Blatt, das der pessimistische
128 2922 441 3010 #etiterarisch fri¬
469 2944 1570 3017 Graf Niederhof, von dem bereits die Rede war, her¬
473 2981 779 3052 ausgeben wird.
142 3019 459 3100 eine Kreuzung
550 3033 1570 3110 Es bedarf wohl keiner besonderen Milieukenntnis,
112 3079 442 3145 gols „Revisor"),
472 3099 1557 3168 um festzustellen, daß Schnitzler diesmal völlig daneben¬
134 3124 442 3191 Pfiffigkeit und
473 3143 1569 3219 gegriffen hat. Auswüchse, wie sie in jedem Stande
119 3172 436 3245 igt sich, skrupel¬
466 3201 1569 3249 vorkommen, hat er als das einzig Wesentliche hin¬
110 3227 438 3298 fern verschiedener
462 3247 1561 3315 gestellt, hat Possenhaftigkeit statt Charakteristik ge¬
125 3270 1587 3370 für ein streng geben (das letztere hat er doch unbedingt gewollt) und
1693 93 2139 183 box 33/1
1703 1626 1977 1712 k au-u
1664 1695 1966 1782 ne wegeste:
1665 1755 1803 1828 160.
1986 1503 3119 1586 übersieht die — wir können es ohne Ueberhebunger
1993 1551 2138 1612 sagen
2186 1565 3079 1612 rühmlichen Lichtseiten der Journalistik volls
1979 1599 3079 1684 kommen, ganz zu schweigen von der Tragik der schwe¬
1976 1645 3090 1724 ren, nie recht vergoltenen, vielfach immer noch unter¬
1989 1704 3081 1781 schätzten Arbeit der Leute dieses Berufes. — Wäres
1984 1753 3068 1812 das Stück perspektivisch in den Gesichtswinkel der Sa¬
1981 1790 3064 1873 tire eingestellt, so würde man Verzerrungen und Ueber¬
1980 1854 3067 1926 treibungen als organisch berechtigt selbstredend mit bes
1973 1908 3078 1990 freiendem Lachen aufnehmen; so aber, als Versuch eines
1982 1947 3070 2039 Charakterlustspieles, zeigt es vollends seine Blößen
1976 1993 3061 2080 zeigt, daß es lediglich eine Bühnenhumoreske ist, die
1974 2052 3059 2112 des Rampenlichtes beraubt, den letzten Rest von Wirs
1966 2090 2265 2157 kung einbüßt.
2058 2144 3074 2211 Gute zwei Jahrzehnte haben wir auf ein Lustspiel
1967 2196 3070 2272 von Schnitzler gewartet. Der Glaube, er werde uns
1970 2249 3063 2319 ein wirklich gutes schenken, war uns förmlich schon
1961 2290 3056 2359 zur fixen Idee geworden. Groß ist nun die Enttäuschung,
1960 2339 3067 2409 die wir da erleben, um so größer, da Schnitzler in
1955 2389 3056 2456 der Auswertung eines Milieus versagt hat, von dem
1957 2443 3056 2513 man todsicher annehmen mußte, daß es ihm längst in
1964 2492 3053 2564 allen Licht= und Schattenseiten bekannt wäre und dem¬
1956 2526 3047 2614 gemäß Anreiz und Stoff zu einem richtig erfaßten.
1964 2593 3050 2654 wirklich guten Journalistenstück hätte geben können. Aber
1961 2642 3053 2698 nichts von allem dem. Was uns Schnitzler diesmal
1951 2666 3048 2749 bietet, ist ein durchsichtiger Scherz, über den man, Kri¬
1959 2742 3047 2806 tiklosigkeit und ein gutes Nachtmahl vorausgesetzt, be¬
1958 2772 3052 2853 stenfalls lacht, das jedoch vom Journalistenlustspiel höhe¬
1947 2824 3042 2926 ren Stils (Freytag hat es seinem Zeitalter gegeben)
1948 2875 2450 2940 himmelweit entfernt ist.
2044 2927 3052 3009 Denn schließlich und endlich muß ja, so traurig es
1951 2962 3049 3037 ist, gesagt werden, daß der geistige Horizont gar manchen
1945 3027 3051 3085 Reporters viel, viel weiter gezogen ist als der Schnitz¬
1938 3088 3048 3141 lers in „Fink und Fliederbusch“, wobei man nicht ver¬
1941 3136 3044 3200 gessen darf, daß ein Reporter nicht den Ehrgeiz hat,
1942 3188 3044 3237 als führender Dichter zu gelten und als Messias des
1940 3212 3050 3309 deutschen Lustspieles schon zwei Jahrzehnte vor einem
1942 3275 2745 3346 Fiasko wie diesem gefeiert zu werden.
