3344 4352
976 94 1721 185 Fraiulationen in doppelter
473 74 1722 231 S ingesrofen; erst wurde ihm zur Verlubung seiner
467 150 1714 279 Tochter gratuliert und kurz darauf zu seiner Ernennung als
458 189 644 253 Direktor
595 253 1715 382 „Wie soll ich denn das alles beantworten?“ rief er ver¬
455 275 632 358 zweifelt.
562 335 1714 472 „Na, vielleicht begnügen Sie sich mit einem provisorischen
451 378 1004 465 Dank“, wurde ihm geraten.
562 440 1706 585 „Provisorisch?“ fragte Thimig „Nein — da danke ich
429 467 1445 583 doch schon lieber definitiv, das liegt mir jetzt besser!“
545 537 1692 648 Nun wissen die Herrschaften im Burgtheater wenigstens
422 565 1680 726 endgültig, woran sie mit ihrem Chef sind. Er sitzt nun fest auf
426 611 1684 774 seinem Direktionsstuhl, und man wartet neugierig, ob er auch zu
427 659 1679 808 Reformen Lust haben wird. Jedenfalls braucht man sich nicht
427 725 1671 851 auf einschneidende Veränderungen gefaßt zu machen. Ein bißchen
420 748 1652 879 verstimmend hat allerdings die von Thimig vorgenommene Re¬
421 819 1656 938 organisation der Regiearbeit gewirkt, aber auch dies ##
467 875 836 946 21. April 1914
357 939 1604 1011 Maßnahme, die bereits während des Provisoriums eingeleitet
363 997 1618 1062 wurde. Schon vor einiger Zeit hat Thimig das Tätigkeitsgebiet
361 1031 1615 1128 des Regiekollegiums einzuengen begonnen und vor kurzem sich
363 1096 1616 1147 außerdem einen selbständigen Regisseur in der Person des Herrn
358 1137 1616 1197 Artur Holz aus Dresden verschrieben, dessen frischer Ehrgeiz die
361 1176 1624 1263 Mitglieder des Kollegiums noch weitere Beschränkungen ihres
359 1229 931 1302 Arbeitsfeldes befürchten läßt.
473 1269 1616 1351 Herr Artur Schnitzler hat jetzt Gelegenheit, mit eigenen
358 1326 1617 1412 Augen den Doppelgänger seiner Komödie zu sehen, der ihm seiner¬
365 1395 1623 1445 zeit einige böse Stunden bereitete. Wir haben kürzlich das Miß¬
360 1416 1618 1506 geschick des Dichters erzählt, der eines schönen Tages zu seinem
364 1469 1624 1547 Entsetzen vernahm, in Paris werde ein Stück Tristan Bernards.
369 1516 1629 1599 betitelt „Les deux canards“ aufgeführt, das denselben Stoff
363 1561 1621 1646 behandelt, der einer von Schnitzler schon vollendeten, aber noch
370 1634 1633 1679 nicht der Oeffentlichkeit preisgegebenen Komödie zugrunde liegt.
366 1672 1627 1741 die Idee nämlich, daß ein Journalist gleichzeitig für zwei Blätter
358 1713 1636 1778 von entgegengesetzter Parteirichtung schreibt. Herr Schnitzler faßte
370 1752 1622 1831 sich allerdings bald und eilte zu einem Notar, von dem er sich in
377 1803 1635 1875 rechtsgültiger Form bestätigen ließ, daß seine Komödie schon
1176 1851 1639 1925 französischen Stückes
374 1871 1178 1944 lange vor der Erstaufführung des
1489 1901 1642 1955 deux
1217 1903 1486 1964 sind „Les
379 1908 1187 1980 in Paris fertiggestellt war. Nun
1511 1948 1634 2010 Herr
630 1941 1493 2015 gestern in die Josefstadt übergesiedelt.
375 1967 608 2044 canards“
390 1990 1636 2079 Jarno hat sie unter dem Titel „Erscheint zweimal täglich“ zum
372 2044 1636 2133 erstenmal präsentiert. Herr Schnitzler dürfte die Berichte über die
381 2089 1638 2170 gestrige Wiener Premiere mit gleichem Inleresse lesen wie vor nicht allzu
385 2157 1632 2226 langer Zeit die Meldungen über die Pariser Aufführung, wenn
381 2186 1635 2246 er sich nicht gar die Mühe nimmt, durch Augenschein festzustellen.
385 2242 1633 2313 wie weit Tristan Bernard seine Idee vorgeahnt hat. Interessant
382 2285 1632 2349 wird der Vergleich sein, den das Wiener Publikum in der näch¬
385 2321 1636 2429 sten Saison wird ziehen können, wenn Schnitzlers Komödie, wie
382 2381 1639 2445 verlautet, im Burgtheater herauskommen soll. Ihren Inhalt kennen
385 2439 1646 2519 übrigens außer dem Autor bereits einige seiner Freunde, ins¬
376 2470 1639 2562 besondere Direktor Thimig. Sie dürften schon jetzt sagen können,
386 2554 1387 2598 ob Schnitzlers Aufregung wirklich gerechtfertigt war.
502 2573 1642 2643 Frau Mizzi Günther kommt in der letzten Zeit nicht aus
388 2632 1646 2682 dem Hangen und Bangen. Erst war sie unschlüssig, ob sie einen
393 2668 1645 2759 Gastspielantrag für Berlin annehmen solle, dann kämpfte sie um
396 2713 1643 2780 einen Urlaub, hierauf brachte sie einige Wochen wegen des
401 2761 1653 2831 akzeptierten Gastspiels in unbehaglicher Stimmung zu und fürchtete
406 2815 1647 2887 sich vor dem drohenden Lampensieber, schließlich sagte sie ab, und
398 2859 1657 2930 jetzt ärgert sie sich wieder, daß sie nicht in Berlin spielen wird.
401 2906 1651 2992 Sie hätte im dortigen Nollendorstheater in „Endlich allein“ auf¬
386 2956 1656 3022 treien sollen. Das Gastspiel war nach langen Verhandlungen und
403 3010 1654 3072 unter Anwendung der lockendsten Versprechungen für den Herbst
389 3056 1655 3140 vereinbart worden und schließlich war auch ein zweimonatiger
405 3101 1656 3169 Urlaub bei Herrn Karczag erwirkt, aber da bekam Frau Günther
396 3148 1656 3236 so ein bißchen Angst, die Aussicht auf einen Sommer voller
402 3186 1656 3268 Spannnug irritierte sie, und als man im Theater an der Wien
408 3245 1657 3314 meinte, sie würde ja doch fehlen und zwei Monate wären ein
396 3292 1648 3381 langer Zeitraum, während dessen .. man kann ja nicht
401 3339 1653 3433 wissen ..., da war es entschieden: Frau Günther verzichtete
395 3403 1656 3461 resolut auf das Gastspielvergnügen. Jetzt freilich verspürt sie so
407 3442 1648 3501 etwas wie Reue. „Ich hätte sehr gerne in Berlin gespielt, es
398 3481 1649 3557 ist doch schade, daß ich abgesagt habe“, jammert sie in komischer
403 3530 1664 3605 Verzweiflung. Sie mag sich trösten: was nicht ist, kann
403 3599 682 3668 noch werden.
525 3608 1649 3704 Ein kleiner Schauspieler aus der Provinz komm
398 3679 1663 3765 Palmsonntag nach Wien, zu Direktor Jarno und bittet un
407 3745 682 3807 Engagement.
543 3772 1649 3860 „Sagen Sie, haben Sie schon einen Theaternamen?“
414 3836 751 3921 fragt ihn dieser.
531 3868 1318 3958 „Selbstverständlich — ich heiße Kohn?“
516 3921 1240 4007 „Was, das ist Ihr Theatername?“
517 3974 912 4059 „Ja — natürlich.
516 4004 1650 4107 „Herr — wie müssen Sie da vorher gehrißenhaben?“
1985 304 2310 386 Trussezzitr
2319 338 2935 463 Pesti Napló, Budapest
1972 375 2441 465 vom: ##
2040 503 2985 563 (*) Két iró — egy téma. Tristan Bernard „Les
1961 534 2988 597 Jeux ranards“ rimü uj bohözata, amely a Vigszin¬
1960 579 2991 636 Mäzban A szerkosztö ur“ cim alatt került elö¬
1966 621 2987 674 Tadäsra, béesi bemutatója elött kellemetlen meglepe¬
1966 658 2987 707 tésül szolgalt Artur Schpitzlernek, akt eppen akkkor.
1963 700 2987 746 midön a béesi Josefstaeffter Theater készült a fran¬
1966 721 2982 787 cia darab bemutatäsära, fejezte be uj szinpadi müvést,
1961 765 2989 827 amely, mint a Tristan Bernard bohózatäröl szöló
1968 803 2979 856 ismertetésekböl könnyen megällapitható volt, egész
1968 845 2966 900 gondolatmenetében megegyezett „A szerkesztö ur“
1959 887 2978 938 menetével. Schnitzler rögtön közjegyzó elött ismer¬
1956 924 2975 976 tette darabjät és hitelesitett okiratban állapit¬
1953 953 2990 1012 tatta meg. hogy ui szindarabja mär akkor elkészült
1961 983 2984 1044 volt, midön a francia bohózatnak hire Bécsbe eljut¬
1953 1023 2979 1074 hatott. A francia darab az elmult szombaton „Meg¬
1958 1072 2980 1132 jelenik naponta kétszer“ cim alatt csakugyan bemu¬
1962 1109 2982 1173 tatóra is került Bécsben: a csäszärväros publikumg
1961 1141 2998 1186 tehät legközelebb megällapithatia, mennyiben hasoh¬
1957 1176 2982 1244 lit hozzá az ui Schnitzler-komédia, amelyet a béesi
1962 1215 2997 1293 Burgtheater a minap fogadott el elöadäsra és wutat
1964 1255 2501 1307 be a iövö szezon folvamän.
2026 1416 3080 1498 Husschnitt aus: Független Magyarorszég. E.
2027 1544 2488 1660 vom:  PPn 1911
2116 1598 3055 1709 □ Schnitaler se a eSzerkeants urs
1989 1640 3043 1759 Jelenlett##he#ristan Bernard (Les
2009 1712 3021 1787 deux canardse cimü uj bohôzata, amely a
2023 1765 3030 1840 VigszinhäzbanA#szerkesztöur cim¬
2015 1811 3040 1890 alatt került elöadäsra, bécsi bemutatója elött“
2012 1842 3026 1920 kellemellen meglepetésül szolgält. Artur
2007 1893 3043 1999 Schnitzler-nek, aki éppen akkor, midön
2008 1950 3011 2024 a bécsi Josefstacdter Theater készült
2008 1986 3017 2058 a francia darab bemutatäsära, fejezte be uj
2005 2016 3032 2097 szinpadi müvét, amely mint a Tristan Ber¬
2005 2079 3018 2149 nard bohózatäröl szólo ismertetésekböl köny¬
2009 2118 3015 2192 nzen megällapitható volt, egész gondolatme¬
2005 2146 3003 2234 netében megegyezett (Aszerkesztöurs
2007 2205 3006 2277 menelével. Schnitzler rögtön közjegyzó elött
2001 2244 3008 2332 ismertette darabjät és hitelesitett okiratban
1998 2299 3015 2366 ällapittatta meg, hogy uj szindarabja mär¬
1996 2329 3007 2410 akkor elkészült volt, midön a francia bo¬
1997 2377 3007 2457 hôzatnak hire Bécsbe eljuthatott. A francia
2004 2430 3007 2501 darab az elmult szombaton Megjelenik
2001 2464 3000 2546 naponta kétszers cim alatt esakugyan
1986 2511 2995 2592 bemutatöra is kerüh Bécsben; a csäszárvä¬
1990 2555 3010 2623 ros publikuma tehät legközelebb megälla¬
1996 2598 2989 2676 pithatja, mennyiben hasonlit hozza az uj
1992 2642 3008 2735 Schnitzler-komédia, amelzet a bécsi Burg.,
1979 2685 3012 2784 theater a minap fogadolt el elöadasraes
1969 2734 2784 2816 mutat be a jövö szezön folyamán.
2275 3059 2785 3144 (Gusenaungren Pagrere
2042 3113 2970 3218 Ausschuttg sürg agblall, Prag
2050 3205 2735 3294 vom: 12. AllbLST 1916
2022 3287 3011 3397 2— 1— Arthur Schuitzler-wird mit seiner drei¬
2033 3348 3006 3440 äktigen Journalistenkomödie, deren Titel noch
2032 3409 2988 3481 nicht bestehn erst nach dem Kriege hervortreten.
2033 3461 2982 3531 Auch andere Autoren, wie Franz Molnar und
2033 3487 2993 3570 H. Mann, beabsichtigen, ihre Werke während
2023 3546 2962 3628 [des Krieges nichi erscheinen zu lassen. e
2970 4088 3061 4147 T
