3392 4256
392 40 1629 103 punereneneenee e g
367 68 1616 145 auch den Mut, den „Mebardus“ zu spielen, dieses „geniale
373 119 1620 181 Monstrum“, wie er das Stück in einer kritischen Laune nannte,
372 161 1634 260 wegen seiner über das Theatermaß hinausragenden Länge. Erst
363 202 1620 293 Baron Berger wagte das „Experiment“, das sich dann so erfolg¬
362 269 1631 332 rreich gestaltete. Auch Direktor Thimig pflegte Schnitzler in
361 308 1633 389 hervorragender Weise. Es gab verschiedene Reprisen unter seiner
372 355 1617 432 Leitung. Er hatte auch mit der Komödie „Fink und Rosenbusch“
365 387 874 472 gerechnet, doch hielt
872 414 1645 483 sie der Dichter ziemlich lange
365 440 794 525 zurück. Er hatte,
824 454 1506 525 wie man erzählte, ursprünglich
1503 468 1627 538 die
370 516 1641 570 Absicht, das Stück während des Krieges nicht aufführen
363 541 1627 625 zu lassen. Da sich aber der Krieg, gleich dem „Medardus“, in
368 610 1622 653 die Länge zug, entschloß er sich nun doch dazu, sein Journalisten¬
372 645 1628 726 lustspiel nicht auf den Frieden warten zu lassen. Bekanntlich be¬
376 693 1637 765 handelt diese Komödie einen Stoff, der jährlich in einem Lustspiel
377 742 1637 816 von Tristan Bernard vorkommt, das vor vier Jahren im Josef¬
373 787 1632 849 städter Theater aufgeführt wurde. Schnitzler ließ damals gemeinsam
372 855 1639 921 mit Thimig sein Werk notariell als ein früher entstandenes
366 882 658 961 „legalisieren“
484 941 1640 995 Nun wird die Premiere nicht im Burgtheater, sondern im
355 957 1625 1061 Deutschen Volkstheater stattfinden. Warum? Darüber munkelte
356 1031 1628 1111 man gleich allerhand Geheimnisvolles. Die Theaterspatzen haben
364 1059 1631 1175 in solchen Fällen immer etwas zu pfeisen. Diesmal pfiffen sie
358 1119 1629 1189 besonders kräftig. Aber die Eingeweihten erzählen, daß die Sache
366 1184 1633 1262 ganz einfach war. Direktor Wallner gab in der vorigen Saison
375 1232 1622 1300 „Anatol“, das „Abschiedssouper“, „Liebelei“ Komtesse Mizzi“ und
377 1269 1634 1345 setzte sich förmlich in den Kopf, auch einen funkelnagelneuen Schnitzler
371 1327 1621 1391 zu bringen. Da schrilb er nun einen sehr liebenswürdigen Bries
366 1382 1619 1449 an den Dichter, worin er ihn um sein neues Stück bat. Artur
376 1416 1620 1493 Schnitzler erschien in der Direktionskanzlei und erfüllte in seiner
354 1441 1619 1535 charmanten Weise die Bitte des Direktors. So kam nun „Fink
350 1496 1621 1578 (und Rosenbusch“ ins Deutsche Volkstheater. Wenigstens erzählen
355 1555 1624 1630 ites so die Eingeweihten. Die besonders Eingeweihten munkeln aber
362 1588 1622 1685 strotz alledem etwas anderes. Beim Theater wird ja immer ge¬
374 1662 1612 1727 munkelt und da wollen sie nun wissen, daß Schnitzler mit dem
363 1711 1622 1768 neuen Burgtheaterdirektor nicht ganz harmoniere und man findet
385 1745 1609 1806 eh beispielsweise sehr auffallend, daß die „Komödie der Worte“
359 1807 1634 1874 ats dem Spielplau ganz verschwunden sei. Allerdings werden
357 1832 1388 1906 defür andere Schnitzler=Stücke im Burgtheater gespielt.
464 1893 1637 1986 Direktor Geyer pflegt an der Neuen Wiener Bühne neben
376 1947 1624 2019 „Causa Kaiser“ und dem „Neuen Gold“ auch die höhere Literatur.
364 1984 1626 2041 Sie ist ihm eigentlich Herzenssache, aber Schwänke muß man eben
345 2038 1619 2124 wegen der Theaterkasse geben. Sie muß es dann ermöglichen,
343 2095 1624 2154 daß man sich dann ein= oder zweimal in der Woche der Literatur
335 2113 1610 2208 widmen kann. Es gibt bei uns Bühnenleiter mit zwei Seelen.
344 2192 1614 2265 Die Geschäftsseele gehört der Durchschnittsware, dem täglichen
341 2238 1621 2322 Brot des Theaters, die Kunstseele tobt sich in der Vor= oder
358 2284 1610 2343 Nachsaison aus. Da kümmert man sich weniger um den hohen
349 2332 1619 2387 Adel und das verehrliche Publikum und geht seine eigenen
346 2375 1621 2451 Wege. Diese Woche führen sie bei dem einen zu Strindberg, bei
342 2429 1613 2497 dem anderen zu Georg Kaiser. Man vergißt für eine Woche
356 2463 1619 2522 seine lieben Stammautoren und erinnert sich an seine höheren
364 2520 1618 2587 Ziele. Das eine Mal erinnert sich Direktor Jarno, das andere
356 2561 1597 2640 Mal Direktor Geyer. Diesmal hat er sich zu einem „Zyklus“
354 2608 1619 2691 entschlossen, was sicher sehr löblich ist. Den Anfang bildet Georg
340 2660 1609 2743 Kaisers „Bürger von Calais“. (Herr Bernau bereitet übrigens
337 2707 1615 2793 auch einen Georg Kaiser vor, und zwar den neuesten. Es gibt
339 2748 1214 2828 nun auch ein Wettrennen in der Literatur.)
465 2818 1622 2886 Diese Aufführung ist mit den größten Schwierigkeiten ver¬
335 2829 1607 2948 hunden. Es ist nicht leicht, im Kriege diesen Dichter zu spielen,
344 2891 1605 2984 denn er stellt an die Statisterie besondere Auforderungen. Im
341 2945 1617 3018 Buche find nicht weniger als 87 Statisten vorgeschrieben. Da
324 2991 711 3068 lebt es ungefähr:
804 3045 1051 3105 30 Bürger,
807 3089 1118 3152 11 Bürgerinnen,
802 3130 1111 3182 14 Ratsherren,
831 3168 1111 3224 6 Ratsdamen,
809 3206 1026 3262 26 Volk.
454 3226 1623 3318 Woher nimmt man nun im Kriege 87 Statisten? Man
343 3303 1604 3373 „müßte sie aus den Schützengräben holen, wo man aber leider die
319 3338 1597 3423 s. Vorstellungen nicht unterbrechen kann. Man suchte an allen
326 3398 1599 3476 Ecken und Enden. Man untersuchte den gewissen Boden, aus
322 3451 1610 3512 dem man zu „stampfen“ pflegt. Aber man brachte kaum ein
314 3472 1605 3565 Drittel zustande. Und so trägt der böse Krieg die Schuld daran,
326 3537 1588 3596 daß man Georg Kaisers dichterischen Intentionen nicht ganz ent¬
321 3580 629 3656 sprechen kann.
454 3637 1599 3715 Ein kleiner Scherz vom Tage. Es war bei der General¬
331 3680 883 3744 probe einer neuen Komödie.
440 3731 1593 3815 Ein Kritiker (zu einem in dem Stück nicht be¬
326 3782 1596 3860 schäftigten Schauspieler, der als Kiebitz der Prode beiwohnt):
323 3834 1095 3885 „„Na, wie gefällt Ihnen das Stück?“
445 3874 1600 3936 Der Schauspieler (lächelnd): „Das kann ich Ihnen
322 3926 1607 4004 nicht sagen, denn ich bin an diesem Theater noch zwei
341 3972 760 4034 Jahre engagiett.“
2475 491 2746 575 BbCSt
1947 512 2794 686 Gerino-Zehog omn Mhieg bertn
2022 719 2714 821 Fink und Fliederbusch.“ (7%
1946 781 2770 859 „Wie uns aus Wien telegraphiert Goild, lag
1896 828 2061 901 Arthur
2307 848 2785 900 neues Bühnenwerk „Fink
1899 852 2785 943 und Fliederruchdraufführung heute im
1896 908 2774 985 Wiener Polkstheater stattfindet, jahre¬
1892 959 2784 1017 lang wohlverwahrt in des Dichters Schreibpult,
1897 1006 2772 1055 wen es den gleichen Stoff behandelt wie Tristan
1896 1039 2773 1087 Bernards Komödie „Die beiden Enten“, die sei¬
1893 1075 2773 1139 nerzeit auch in Wien viel gespielt wurde. Schnitz¬
1893 1122 2781 1172 ler sowohl, wie Bernarb entwickeln in ihren
1895 1147 2779 1207 Stücken, wie ein Journalist gleichzeitig zwei
1890 1185 2772 1252 Blättern verschiedenster Richtung dient und durch
1890 1234 2777 1296 seinen polemischen Zeitungskampf ein Duell pro¬
1886 1273 2778 1329 voziert. Dae Stück enthält nur eine kleine
1900 1310 2765 1352 Frauenrolle, eine fürstliche Wohltätigkeitspatro¬
1891 1348 2772 1409 nin. Die Urankführung wird vor allem d#ich
1898 1385 2781 1459 die prächtigen Komiter Forest und Thaller
1882 1417 2049 1502 gestützt.
2737 1432 2824 1525 4
2436 1647 2670 1736 AOHT191
1884 1682 2911 1829 Nusfrerter Mdaner Extrablatt, Wian
1791 1894 2824 1993 Artur Schnitzler als Vorleser.
2265 1963 2813 2052 chen Tfreitor Wallner.
1915 1962 2127 2044 Schaublä
1802 2027 2812 2099 Versammelt sindnd Verren vom Deutschen
2097 2073 2682 2134 m m
1922 2091 2030 2141 M#
1779 2126 2816 2188 Volkstheater, um Zeugen der Vorlesung von „Fink
1789 2150 2819 2236 und Fliedervuschkz sein. So heißt die
1797 2191 2825 2274 neueste Komödie Artur Schnitzlers, deren Urauf¬
1797 2253 2813 2317 führung für den 15. Nobember im Schauspielhause
1791 2296 2802 2370 nächst dem Weghuberpurk bestimmt ist. Der Dichter
1789 2330 2810 2406 las selbst und er tat dies eindrucksvoll, mit wirksamer
1790 2382 2806 2444 Pointierung. Mit kurzen Pausen dauerte die Rezi¬
1798 2401 2807 2478 ta#len von ½10 Uhr vormittags bis ½1 Uhr nach¬
1790 2461 2804 2535 mittags. — Wie ich hore, gedenn Tirektor Wallner
1801 2505 2810 2584 an die Autoren, deren Werke im Deuischen
1799 2542 2811 2608 Volkstheater in Szeue gehen sollen, mit dem
1799 2582 2820 2652 Ersuchen heranzutreten, vor Beginn der Bühnen¬
1801 2624 2816 2702 Proben am Vorlesetisch in der Direktionskanzlei zu
1797 2671 2818 2747 erscheinen. Damit greift er auf eine Einrichtung
1806 2713 2842 2781 zurück, die Heinrich Laube im Burgtheater und
1814 2756 2829 2829 späler im Stadttheater hochgehalten hat. Unter Laube
1807 2808 2828 2865 war es Uebung, jede Novität zweimal vorlesen zu
1808 2845 2818 2907 lassen: einmal durch den Dichter oder durch den
1813 2889 2821 2958 Megisseur; ein andermal mit verteilten Rollen von
1814 2925 2830 2996 den beschäftigten Darstellern. Laube hat wiederholt
1808 2963 2829 3055 selbst vorgelesen und fast immer eireicht, daß
2391 3008 2817 3077 richtigen Eindruck
1812 3031 2394 3091 das Eusemole sofort den
1819 3064 2818 3123 empfing. Eine solche Wirkung bleibi erfahrungs¬
1812 3101 2830 3177 gemaß aus, wenn die Schauspieler zu Hause,
1825 3151 2828 3221 ohne Verbindung miteinander, ihre Rollen
1818 3184 2832 3256 memorieren. Diese für den Theaterbetrieb wichtige
1813 3232 2822 3291 Praxis kam im Laufe der Jahre abhanden. Ich
1817 3282 2828 3347 kann weiter mitteilen, daß Direktor Wallner möglicher¬
1818 3317 2828 3376 weise aus der Rüstkammer Laubeauch den Vortragsmeister
1818 3359 2834 3422 hervotholen wird, der imstande ist, den Schauspielern
1821 3413 2828 3475 ais geistiger Führer und rhetorischer Wegweiser zu
1823 3453 2831 3505 dienen. Der letzte Wiener Vortragsmeister war
1816 3483 2828 3548 Alexander Stratosch, dessen Gattin, Leopoldine
1823 3542 2833 3589 Konstauein, die Sympathien des hiesigen
1823 3570 2832 3642 Publikums gewonnen hat. Direklor Jahn hal sogar
1824 3622 2842 3673 an einen Vortragsmeister für die Hofoper gedacht und
1820 3658 2835 3725 seinerzeit Hermann Wintelmann für dieses Amt
1824 3700 2847 3779 in Aussicht genommen. Allerlei Juftigien und Eitel¬
1819 3743 2518 3828 keiten vereitelten den Plan. —9—
