3392 4256
1666 110 2207 214 box 33/1
289 111 1594 220 27. Eink und Fliederbusch
1116 877 2291 948 Conrad Ferdinand Meyer und Julius Rodenberg
881 1034 2505 1095 Dichter seine Menschen kleidet. Ob er von der Existenz Schützes gewußt hat oder
874 1102 2507 1134 nicht, ist eine Kuriositätsfrage; daß er, kulturhistorisch=literarisch gewertet, die Ent¬
883 1142 2515 1204 wicklung nicht fortgeführt hat, seine Dichtung also nach einem halben Jahrhundert
885 1190 2513 1234 keine wesentlich andere Perspektive erschließt als die Freytags, bedeutet eine schwere
886 1239 2492 1278 Anterlassungssünde. Schnitzler hat alte Dekorationen bloß zeitgemäß aufgestellt —
883 1272 2503 1341 eine schöpferische Neuinszenierung konnte da nicht gelingen. Das eigentliche Problem
883 1332 2520 1391 endet im toten Winkel, weil seiner Satire die Schwungkraft fehlt, die über die
876 1379 2522 1423 Hindernisse der Zeit trägt. So bleibt auch dem Stoff als literarischem Motiv ein
885 1432 2519 1473 Zuströmen neuer Lebenskraft versagt. Statt dessen zeigt die Dichtung nunmehr
886 1474 2506 1523 innerhalb eines ganzen Jahrhunderts einen betrüblichen Schematismus eine Er¬
889 1522 2528 1566 starrung drohende pessimistische Verallgemeinerung, die vor dem wirklichen Leben
875 1561 2520 1614 keineswegs standhält. Da stehen am Eingang des neunzehnten Jahrhunderts die
888 1612 2518 1664 weitausgreifenden Pläne Napoleons, die darauf abzielten, an der Dresse einen
881 1675 2517 1700 ausdauernden Mitarbeiter an seinem Riesenwerk zu gewinnen!), und unserem Zeit¬
885 1708 2515 1762 alter will ein kultureller Journalismus größter Geste, wie ihn Hofmannsthal — man
887 1753 2517 1810 lese das im zweiten Band seiner prosaischen Schriften nach — heraufdämmern
889 1798 2513 1856 sieht, die Tore öffnen. Arthur Schnitzler hat sie mit seiner letzten Komödie eher
892 1852 2520 1911 wieder geschlossen; er hat sich zu dem Glauben an eine Höherentwicklung da nicht
880 1899 2514 1952 bekennen mögen, wo ihm die Atmosphäre der Gegenwart sich als Geist der Zer¬
882 1943 2521 2004 setzung zu analysieren schien. So blieb das Lustspiel ungeschrieben, dessen Kenn¬
885 1991 2302 2050 wort hätte lauten sollen: „Der Weg ist begonnen, vollende die Reise.
2044 2038 2514 2126 Walter Heynen.
997 2179 2426 2278 Conrad Ferdinand Meyer und Julius Rodenberg.
1442 2286 1955 2371 Eine Berichtigung.
983 2373 2513 2436 In dem hier besprochenen Werke?) heißt es (S. 227) in einem Briefe
896 2421 2512 2502 C. F. Meyers: „... Es wird in der Literatur gegenwärtig etwas viel gestorben
898 2469 2000 2529 (Kompert, den ich sehr mochte, Scherer, Rambert) ...“
985 2492 2518 2558 Darauf antwortet Rodenberg (S. 228): „... Für Scherer habe ich niemals
886 2559 2510 2622 weder Teilnahme noch Interesse gehabt; er war mir ganz fremd, und jede Möglich¬
886 2604 1679 2674 keit einer Annäherung vermied ich ...
983 2645 2514 2704 Der Literarhistoriker durfte, wie unser Rezensent, mit verhaltenem Erstaunen
894 2701 2522 2746 auf dieses sonderbare Bekenntnis hinweisen. Wer den Familien Scherer und
896 2748 2518 2801 Rodenberg näher steht, mußte betroffen davor inne halten. Wie? Für Wilhelm
890 2798 2516 2853 Scherer, seinen vertrauten jüngeren Freund, soll Rodenberg nichts übrig gehabt
987 2877 2509 2950 Des Rätsels Lösung ist leicht gefunden: Gemeint ist Johannes Scherr
894 2939 2518 2995 (1817 bis 1886), für dessen draufgängerische Natur sich der feingeistige Rodenberg
900 2990 2520 3045 schlechterdings nicht begeistern konnte. Es muß also auf beiden Seiten, auch in
898 3042 1974 3095 der Fußnote S. 227, Scherr statt Scherer heißen.
995 3075 2513 3133 Bei der Gelegenheit sei auf einen Druckfehler (S. 141) aufmerksam gemacht,
886 3122 1886 3208 wo Jugenheim für Ingenheim stehen muß.
1948 3162 2477 3254 Die Schriftleitung.
987 3254 2520 3335 1) Vgl. M. A. Périvier, Napoléon journaliste, Paris 1918, und dazu den Aufsatz
891 3326 2521 3395 André Beauniers über das gleiche Thema in der Revue des deux mondes, 1. August 1918.
1009 3369 1362 3447 2) Augustheft 1918.
2379 3452 2513 3549 163
880 3467 987 3549 11*
1362 3528 1455 3579 ——
1185 3577 2121 3698 (Mdw- pimnn
