3392 4320
1685 176 2172 269 box 3373
240 203 1564 294 27. Finkund Ffiederbngen
1270 1258 1537 1343 120E7 13
732 1381 1418 1485 Frankfurter Nachrichten
779 1451 1397 1551 und Intelligenz Blatt
846 1515 1323 1613 Frankfurt a. M.
1744 1616 2714 1687 ler mit Shaw. Der große Unterschied zwischen
962 1637 1540 1724 Berliner Theater.
1734 1668 2714 1712 Beiden ist fretlich, daß Shaw imstande ist, Men¬
1746 1708 2707 1761 schen wirklich zwie= und mehrspältig schillern zu
848 1715 1689 1796 Des Wieners Arihur Schnitl###
1742 1746 2722 1791 assen, während Schnitzter gezwungen ist, seine
762 1766 1123 1819 nalistenkomödie,
1237 1771 1726 1817 erichsen zufolge,
1749 1790 2709 1843 Auffassung teils einem Grafen für ein viel zu
769 1807 1727 1862 nirgends ein freundliches Schicksal gehabt hat:
1741 1813 2713 1887 geschettes Feuilleton, teils seinem Doppelhelden
778 1848 1727 1891 in Berlin ward ihr immerhin die Auszeih¬
1743 1867 2706 1919 für ein paar Monologe unterzuschieben. Am
763 1876 1731 1937 nunig, daß man sich heftig um sie balgte. Durch
1743 1903 2709 1962 Ende erscheint der Adel erheblich zynischer als
769 1927 1732 1976 Pochrufe, die das Stück überschätzten, gellten
1738 1946 2701 2007 die Presse und die These von dem Gegensatz zwi¬
767 1954 929 2012 Pfisse,
1057 1966 1685 2013 zu wichtig nahmen. Es ist
753 1986 2704 2051 der Absicht stecken geblieben, ohne daß unzwei¬ schen Monomanen und Sportsleuten — nämlich
765 2028 2704 2084 deutig klar wird, welche Absicht Schnitzler zwischen Menschen, die von einer Idee besessen
1746 2067 2702 2118 sind, und Menschen, die sich, unbekümmert um
759 2082 1732 2136 eigentlich hatte. „Fink und Fliederbusch' gleichen
1736 2093 2718 2167 Zweck und Ziel und Ethos auf jedem Gebiet
766 2116 1739 2178 einander nicht etwa bloß wie ein Holzapfel
1732 2152 2702 2208 die höchste Leistung, den Rekord abverlangen —
765 2162 1365 2212 einem Holzapfel, sondern
1414 2153 1732 2217 sind derselbe
1736 2188 2709 2244 zwar ausgesprochen, aber weder verfochten noch
758 2193 1735 2249 Holzapfel. Fliederbusch schreibt für ein libe¬
1737 2221 2710 2288 gar gestaltet. Es ist zu wenig. Es ist so wenig,
766 2240 1727 2288 tales Tagesblatt liberal und polemisiert in
1737 2272 2707 2318 daß man sich schließlich nur fragt, ob man sich
756 2274 1734 2333 einem feudalen Salonwochenklaischblättchen un¬
1739 2301 2709 2352 ausreichend amüsiert hat. Nach der Lektüre er¬
767 2318 1730 2379 ter dem Namen Fink gegen Fliederbusch oder
1742 2346 2702 2402 widert man: Nein. Nach der Aufführung unsres
762 2369 1725 2415 umgekehrt. Dabei erhitzt er sich so, daß nicht
1741 2394 2700 2444 Lessing=Theaters: Nun ja, vielleicht, allenfalls,
753 2402 1723 2458 ihm und auch nicht uns Zuschauern, aber dem
1732 2428 2693 2474 zum mindesten ganze Strecken lang. Die Jour¬
763 2436 1728 2487 Autor für ihn ein Duell unvermeidlich wird,
1740 2468 2693 2526 nalisten hatten Gesichter, die sie bei Schnitzler
756 2481 1724 2533 damit die spaßhafte Sttuation entstehe, wie der
1731 2506 2704 2566 nicht haben. Der Graf war Ferdinand Bonn,
753 2520 1724 2564 Betrug zu Tage kommt, wie die beiden Chefs
1738 2552 2691 2610 der immer gewinnt, wenn er seine heimische
763 2555 1733 2617 des begabten Jünglings förmlich eine Auktion
1734 2576 2702 2649 Mundart sprechen darf. Und Bassermann fehlte
763 2602 1723 2651 um ihn veranstalten, und wie er sich selbst einem
1728 2615 2708 2690 zu Fink und Fliederbusch zwar die Jugend,
762 2640 1730 2692 Grafen zuschlägt, der auf ihm eine neue Zeltung
1734 2667 2699 2725 aber nicht die Gewandtbeit, nicht die spitzbübische
762 2681 1723 2727 errichten wird. Nicht wahr? das alles könnte
1730 2704 2703 2766 Vergnügtheit, nicht die Fähigkelt für den Dich¬
754 2720 1729 2771 unendlich witzig sein. Es int für Schnitzler und
1727 2735 2712 2813 ter zu denken, wo diesen die Insptratien im
750 2767 1720 2816 für drei Akte bei weltem nicht witzio genug.
1728 2787 2179 2857 Stiche gelassen hatte.
761 2798 1731 2850 Der Grund der geringen Wirkung mag sein,
746 2823 1736 2902 daß Schnitzler für einen Sattriker allzu skeptisch
751 2881 858 2927 19.
847 2884 1734 2938 Die Satire muß Stellung nehmen: für oder
759 2915 1732 2968 wider; sie muß sich entscheiden: so oder so. Ihr
751 2966 1729 3024 Antrieb muß lachender Zorn sein, sonst trifft sie
756 3006 1719 3048 daneben. Schnitzler lacht nicht, und am wenig¬
753 3035 1733 3100 sten lacht er zornig. Er lächelt kronisch und über¬
756 3083 1731 3140 legen, erkennt wohl, daß nicht jeder Zeltungs¬
746 3119 1731 3179 schreiber Gesinnung hat, ist aber sofort mit Ent¬
753 3168 1726 3209 schuldigungen bei der Hand, zum Betspiel, daß
743 3204 1735 3250 es wichtiger fei, zu leben als aufrecht zu bleiben,
757 3250 1735 3302 und begnügt sich auch damit nicht. Er grübelt:
749 3278 1726 3327 Was ist Gesinnung, was Ueberzeugung? Gibt's
752 3326 1735 3377 überhaupt dergleichen? Ist es nicht Lüge, eine
744 3366 1724 3413 einzig zu hoben? Steht man nicht heute die
741 3392 1750 3460 Dinge anders als gestern, und hat nicht jedes
745 3445 1766 3511 Ting hunderi Seiteu? Hier berührt sich Schnitz¬
