3392 4384
1510 154 1572 219 —
1650 206 2183 323 box 33/4
246 222 1576 319 27. Eink-und Fljederbusch
2890 784 3334 893 Drou raie
1842 786 2912 868 Ts Istrabzrwärten, uiwiswan die Warsehader
2914 856 3351 926 ist das cinzige Vol
582 831 1755 925 schen Landesexekutive für Ostgalizien überreichte
1750 843 2919 935 Regierung die Beschwerden der jüdischen Bevöl¬
576 907 1759 983 in Warschau dem polnischen Ministerpräsidenten
1741 893 3354 977 kerung Ostgaliziens berücksichtigen und deren schen Pogrome au
569 957 700 1054 8
2071 970 2183 1048 W
2912 1031 3346 1108 ich will! Auf ei
1762 1032 2907 1122 Und es wäre klüger gewesen, sich nicht getroffen
579 1034 1019 1137 Schnitzlers
999 1032 1731 1140 „Fink und Flieder¬
2915 1077 3335 1158 nicht iestlegen.:
1756 1092 2017 1161 zu fühlen.
2916 1109 3349 1204 organen, Hlerr Satz
993 1111 1303 1217 busch“.
1834 1140 2914 1229 Der Held des Stückes schreibt als -Finke in
2905 1180 3359 1256 Herr Leuchter
666 1181 1750 1281 Zu den merkwürdigsten Ereigmmgen im litera¬
1746 1198 2905 1259 der feudal-katholischen Eleganten Welte und be¬
2910 1228 3346 1309 kommen in dem
583 1234 1752 1317 rischen Wien — wenm man sich nicht schämte, aus
1747 1254 2909 1323 kämpft seine Artikel mit Kraft und Temverament
2921 1275 3361 1350 es ist peinlich, dar
568 1289 1754 1371 diesem Anlaß pathetisch zu werden, müßte man
1749 1310 2904 1372 unter scitrem richtigen Namen * Pliederbusche in der
2909 1330 3360 1407 der Komödie eig
581 1345 1740 1414 Bagen: zu den tmurigsten — gehört wohl die Ab¬
1744 1358 2916 1431 xdemokrafischene minderkathclischen - Gegenwarte,
2927 1380 3353 1442 die ihrer Chefs ver
572 1410 1751 1469 schlachtung und schleunigste Einscharrung einer
1746 1407 2918 1479 die in der Eleganten Welte ein Judenblatt genannt
2918 1433 3324 1496 den Fähigkeiten
568 1458 1751 1513 Komödie, die während des Krieges im Deutschen
1752 1446 2921 1533 Wind. Schmitzler gewinnt zunächst unsere Symparhie
2915 1477 3363 1539 gewandten Flicde
579 1499 1751 1564 Volkstheater zur Uraufführung gelangte und rasch
1747 1501 2913 1570 für diesen Rechts- und Linksschreiber. Er läßt den
2927 1528 3354 1592 Sie wollen ih für
587 1551 1756 1615 wieder verschwand. Ein hochgeenster, von der
1748 1550 2917 1599 talentvollen jngen Mann worerst sein Armelente¬
2915 1578 3351 1658 tieren, überbieten
569 1597 1755 1652 Presse ansonsten respektnollst behandelter Wiener
1736 1595 2923 1650 lieim in der kleinen Schiffttsgasse schildern, be¬
2917 1628 3354 1701 zusagen, und Hen
573 1643 1763 1719 Poet hatte diesmal, wenn man den Blätterstimmen
1760 1637 2918 1718 vor er ihm am der Arbeit zeigt. Er läßt ih von
2918 1676 3349 1748 „ Wissen Sie, was
583 1699 1752 1758 trauen konnte, gründlichst versungen. Die einen
1761 1699 2916 1759 seinem Veter, einem herabgekommenen jüdischen
2917 1721 3354 1804 albsurdum geführt.
575 1737 1754 1828 ermahnten Antur Schnitzler, nächstens wieder bei
1750 1740 2930 1812 Kaufmann, sagen, daß er ihn bewundere. -Eine
2925 1773 3351 1861 genau, wals — abe
587 1795 1749 1868 der Erotik zu bleiben, die anderen fanden sein
1749 1794 2918 1867 beneidenswente Nauur, er glaubt an sich.e Flieder¬
3008 1824 3363 1899 Es ist nicht d
584 1840 1749 1913 jüngstes Opus lächerlich schlecht, dilettantisch zu¬
1745 1844 2921 1926 busch junior, der mit erstamlichem Erfolg die
2924 1884 3361 1952 bunten, figurenrei
579 1898 1752 1977 sammengestoppelt, einfach stümperhaft. Alle aber
1741 1890 2927 1983 Kunst geübt hat, jede Spur zu verbergen, die an
2922 1935 3366 2011 der sie uns alle le
582 1944 1727 2014 erklärten mnisono: Langweilig, entsetzlich fad
1752 1946 2917 2013 seine Herkunft aus der Schiffamtsgasse erinmern
2926 1981 3356 2065 Zeilenschinder un
575 1999 1747 2076 Fehlte nur noch die Warnung, hineimzugehen. Ein
1749 1996 2918 2059 könnte, der gute Figur macht und n der feudalsten
2926 2037 3322 2102 empörten, aber
579 2035 1033 2119 verdächtiger Fail!
1765 2036 2930 2117 Gesellschaft willkommen ist, glaubt nicht an sich¬
2930 2079 3346 2151 festen, die in der J
1756 2095 2932 2167 und macht sich über seine Gesinnungslosigkeit nicht
678 2078 1757 2160 Wer heute die köstliche Journalistenkomödie
2930 2126 3364 2192 der Gesellschaft, d
1753 2144 2919 2206 die geringsten Skrupel. Die Beschaffenheit seiner
589 2143 1758 2218 Fink und Fliederbusche liest, wird die Animosität,
2922 2178 3370 2246 reichen, warmen
1740 2182 2927 2256 Licumalistischen Umwelt und die Gesellschaft, die
583 2200 1756 2267 mit der sie behandelt, den Eifer, mit der das Stück
2933 2228 3363 2302 Skandalgeschichten
1750 2230 2933 2324 zu den beiden feindlichen Redaktionen Bezichungen
587 2249 1759 2310 abgekragelt wurde, kaum verstehen. Mam sicht in
2935 2284 3365 2352 Völkchen ist voll
1754 2288 2930 2371 pflegt, geben ihm beinaße recht. Die Kollegen von
584 2295 1750 2359 Redaktionsstuben finein uud man sicht ihre In¬
2936 2323 3363 2398 von Schnitzler und
1757 2351 2923 2418 der rEleganten Welte drängen Henrn Fink mit Be¬
575 2350 1761 2417 sassen. Sie sind zum guten Teil nicht gerade
2926 2379 3366 2446 bloß aus den Bek
1751 2395 2920 2446 hagen dazu, Herin Fliederbusch wegen eines be¬
599 2401 1761 2467 Tugendbolde. Aber Schnitzler, der geschmackvolle
2923 2432 3360 2501 beleuchtet der Dich
1750 2431 2923 2506 leidigenden Artikele zu einem Duell auf Leben und
587 2446 1752 2526 Mann, der miemals anzüglich wird ud stets gütig,
2932 2480 3362 2548 die meisten seine s
1748 2495 2928 2558 Tod zu fordemn, und die Kollegen von der -Gegen¬
574 2498 1753 2560 mnanchmal ailzu gütig ist, hat Gestalten vom Fleisch
2934 2536 3357 2603 daß alles begreifen
1753 2542 2929 2593 warta geben Herrn Fliederbusch eiligst preis. So
584 2552 1752 2604 und Bhrt geformt, hat sie während seiner Arbeit
3004 2584 3361 2656 Da ist der Kr
1751 2590 2923 2659 kommt es zu dern merkwürdigen unblrtigen Duell
2937 2635 3368 2697 Stück seines Reda
1755 2648 2931 2716 zwischen Fink ud Fliederbusch und Fliederbusch,
574 2640 1764 2712 geißeln könnte, und er weiß manch merkwündigen
2928 2685 3348 2753 buhr verdonnern,
1754 2694 2933 2773 der sich selbst als Ducllant entgegentritt, sagt zu
584 2701 1760 2763 Fall von Gesinnungslosigkeit, klebriger Geschäftig¬
2939 2737 3363 2807 vollen Ausbrüchen
1753 2742 2926 2814 den teils verdutzten, teils sittlich empörten Kicbitzen
570 2742 1766 2808 keit und Feigheit menschlich zu erklären. Es wäre
2926 2792 3360 2864 daß er nicht die W
1762 2799 2928 2861 des pikanten Waffenganges: MMir ist meine Ge¬
573 2791 1752 2863 vornehmer gewesen, zu rufen: WTiefer hängen!e,
2929 2835 3359 2904 ist zus tun! Sei
585 2847 1754 2895 statt diesen überaus gelungenen Redaktions- und
1746 2849 2912 2908 sinnung nicht feil, ich muß mir das Recht verbe¬
589 2889 3366 2958 Journalistenspiegel mit dem Bannstrahl zu belegen. halten, jeden Tag zu denken und zu schreiben, was ] meint warnend:
2517 2942 2652 3005 —
1426 2940 2086 3009 —
1585 2998 2279 3082 erstklsssig und billigst
581 3070 3362 3184 Herrenwaschte im Warenhaus Sadel SehiirialtiT
769 3223 1338 3348 AngtusS
509 3193 807 3380 2
1063 3303 1576 3465 12 71
506 3321 910 3497 424
2963 4107 3308 4206 reei
