3392 4256
259 75 1569 163 27. Einkund Frjederbasen
1292 505 1490 595 1R0V13
686 585 1391 680 Satzburger Volksblate
466 636 686 703 —
537 694 1700 791 8 „Jink und Fllederbusch“ eine Komödte in brei Akten von Ar¬
465 734 1702 826 thur Schniklesiel—wie uns aus Wien geschrieben wird, dem
463 775 1694 867 Deutschen Volkstheater zu. Als sie angenommen wurde,
464 816 1702 920 wußten die Reporter geheimnisvoll zu raunen, Schnitzler sei das erste
457 852 1693 960 Opfer der „neuen“ Richtung, der „christlich=germanischen“, im Burg¬
444 895 1688 978 theater. Nun, heute entschleierten sich alle Geheimnisse. Heute ent¬
454 932 1692 1024 hüllte sich der große Tresser des Volkstheaters als eine Gabe zweifel¬
449 979 1681 1061 haften Wertes. Sozusagen als ein Ersatz=Schnitzter. „Fink und
455 1014 1685 1107 Fliederbusch“ ist eine Journalistenkomödie. Ein dankbares Gebiet,
447 1054 1688 1149 eine Welt, die nach dem Theater schon lange begehrt. Und Schuin¬
446 1091 1678 1176 ler, der glänzende Dialektiker, der kritische Ironiker, selbst ein starkes
445 1126 1681 1219 jonene#sisches Talen, ware wohl berufen, das moderne Zeitungs¬
448 1172 1674 1261 stück zu schreiben. Er hat diesmal im Besonderen und Allgemeinen
440 1203 1671 1288 abet ganz und gat versagt. Fink und Fliederbusch“ ist viemend an¬
437 1238 1678 1335 derer als das alte, bekannte Jüngel „Schmock“ aus dem Freytagschen
442 1300 1669 1370 „Journalisten“ modernisiert durch eine lebhafter entwickelte Unver¬
444 1321 1663 1417 schämtheit, Frechheit, Morallosigkeit. Fink ist Fliederbusch und Flie¬
433 1366 1668 1462 derbusch ist Fink; ein und dieselbe Person und schreibt nach rechts
439 1406 1663 1470 und links; für ein freisinniges und ein klerikales Blatt. Er greift
435 1444 1660 1511 sich selber an und zieht sich ein Pistolenduell zu. Die Bedingungen
429 1485 1662 1589 können ihn gar nicht scharf genug sein ... Eine unmögliche Figurl
430 1521 1656 1596 So unmöglich, wie die Trpen aus der „freisinnigen“ und der kle¬
419 1574 1665 1657 rikalen Zeitungsredaktion, die beide Fink und Fliederbusch bedient:
429 1596 1652 1687 unmöglich ist die vorurteilslose, schicke Wohltätigkeits=Fürstin, der
416 1638 1656 1723 verkrachte Aristokrat, eine Art Edelnihilist. Indem Schnitzler Welt¬
425 1673 1655 1765 anschauungen, Gesinungen und Gesellschaftsklassen, die er ja doch nicht
425 1708 1647 1777 kennt, oder nur aus seiner instinktiven, auch ihm angeborenen Ab¬
412 1754 1650 1841 neigung, um nicht zu sagen Rassenstimme kennt, schildert und der
418 1779 1645 1892 Lächerlichkeit preisgeben will, macht er diesmal einen bösen, aber schon
417 1833 1641 1923 sehr bösen Mißgriff. Der Einfall von der Doppelgesinnung eines
408 1871 1653 1947 Journalisten hätte eine konsequent groteske Durchführung verlangt.
411 1907 1648 1991 Die Satire, die bei Schnitzler mitläuft — gegen Christ und Jude,
405 1949 1649 2031 Aristokratin und Bürgertum — ist lahm und stumpf. Die besten Dar¬
416 1982 1637 2080 steller des Volkstheaters, die Herren Edthofer, Kramer, Thal¬
414 2029 1648 2138 ler standen verlorenen Aufgaben gegenüber. Etliche gute Witze
399 2063 875 2117 retteten den Abend nicht.
690 2194 964 2291 TSNUvTST
719 2315 1260 2404 Rehefer-Zeiung, W82
524 2446 1572 2517 Deutsches Volkstheater. Die schamvolle Tragödie
425 2500 1573 2569 journalistischer Erniedrigung ist Arthur Schnitzlars in
435 2563 1588 2621 „Fink und Fliederbusch“ zu einer nicht immer sicheren, küres
456 2639 1612 2698 tragischen Ursprungs nicht immer bewußt bleibenden Satire
458 2690 1613 2741 ausgelaufen. Ueber ihre Absicht, der wunderlich genug die
445 2741 1612 2798 Technik nicht durchaus genügt, wied noch manches zu sagen
459 2792 1607 2854 sein. Die Darstellung zeigte die Zw’espältigkeit des Werkes.
443 2825 1613 2909 Herr Edthofer in der Doppelroll= des Titelhelden geriet,
453 2894 1609 2950 von seiner ersten, der besten, Szene abgesehen, immer
457 2942 1611 3006 mehr ins Komische ohne tiefere Bedeutung, dem Publikum
459 2980 1617 3054 (reilich sehr nach Geschmack; die monologischen Stellen
461 3013 1615 3099 seiner Partie blieben unver ögend, die Doppelgestalt
461 3066 1615 3136 aus ihrer Chorakteranlage zu entwickeln. Die beste
461 3118 1609 3179 Figur dieser Journalistenwelt zeichnete Herr Götz als Chef¬
459 3176 1615 3226 redakten.; dann wären noch Herr Klitsch und Herr Homma
453 3235 1607 3293 zu nennen. Die anderen litten darunter, daß sie nicht wagen
462 3274 1612 3345 durften, diejenigen darzustellen, die gemeint sind; also kam
461 3320 1617 3384 auch Herrn Forests Charakterisierungskunst nicht voll zur
454 3374 1608 3428 Geltung. Vorzüglich Herr Thaller als Deklassierter, der
464 3415 1616 3488 seine alten Klassengenossen mit wütendem Haß verfolgen
453 3474 1616 3521 würde, wenn er könnte. Sehr überlegen Herr Kramek als
455 3497 1616 3566 gräflicher Sportsman und Politiker, ganz nett Fräulein
463 3568 1588 3633 Waldow als Fürstin aus unbekannter Provinz. D. B.
1703 73 2150 163 box 3371
2056 1108 2831 1215 Oesterr. Volks-Zeitune
1973 1180 2194 1269 1S MNTL 0
2201 1188 2687 1291 Ikleine Ausgabe)
2027 1289 2888 1438 heater und Kunst.
1925 1435 2821 1574 79 Heutsches Volkstheater.
1934 1524 2932 1607 „Fink und Fliederbusch.“ Komödie in
1919 1580 2923 1664 drei Akten (und einem Nachtrag) von Artur
2270 1629 2647 1701 Snitler
2008 1648 2949 1736 Armer Vater Gustav Freytag, wie hast Du
1918 1736 2248 1814 Dir verändert!
2017 1737 2985 1844 Die glorreichen Ahnen von Gustav Freytags
1938 1791 2949 1893 „Journalisten“ umtanzten im Reigen Artur
1932 1841 2945 1931 Schnitzlers lockenumwebtes Haupt, als er sein
1928 1874 2981 1972 Journalistenstück „Fink und Fliederbusch“ schrieb.
1929 1931 2919 2013 Alte vertraute Figuren schwebten ihm vor und
1936 1984 2771 2070 nahten sich ihm als schwankende Gestalten.
2029 2019 2991 2094 Einen besonderen Reiz erhält dieser neuestel
1941 2074 2945 2142 Schnitzlerische Journalistenreigen durch die An¬
1939 2106 2931 2191 wendung des jüdischen Jargons im Dialog; seit
1934 2150 2929 2225 der „Klabriaspartie“ hat kein Dichter dieses Idiom
1945 2197 2940 2280 so meisterhaft im Dialog zu verwenden gewußt,
1942 2244 2938 2319 wie Artur Schnitzler in „Fink und Fliederbusch“.
1942 2297 2951 2363 Daß die politische Moral, die der Dichter hier
1941 2327 2940 2410 predigt, ebenso brüchig ist, w#'e zum Beispiel die
1947 2362 2945 2451 militarische Moral in „Leutnant Gustl“ soll der
1943 2401 2942 2512 Neuheit wohl den Stempel der Nackensteise geben.
2040 2462 2941 2532 Das Publikum wußte nicht recht, was es mit
1955 2496 2951 2577 diesem neuesten Schnitzler anfangen soll. Man
1947 2568 2952 2628 lachte stellenweise über die eingestreuten Rosinen,
1946 2594 2956 2664 das heißt über die Ausfälle gegen Journalisten;
1946 2634 2954 2721 und Politiker, und die Freunde rieten den Dichter
1959 2673 2953 2751 der „Liebelei“ wiederholt nach dem zweiten Akt.
1942 2738 2974 2814 Aber je läuger der Abend wurde, desto länger
1948 2835 2975 2929 wurden die Gesichter, und nach dem dritten Alt,
2726 2898 2965 2954 in einen
1941 2893 2712 2942 dessen lechnische Unbeholfenheit sich
1955 2937 2960 3011 „Nachtrag“ auslebt, iteressierte weder Fink noch
1955 2981 2966 3060 Fliederbusch und die Leute gingen eilfertig und
1954 3028 2438 3093 stillbetrübt nach Hause.
2039 3062 2959 3128 Nur einige dnich ihr Metier abgehärtele
1954 3102 2955 3183 Aerzte und Chirurgen blieben auf dem Platze,
1959 3160 2974 3220 um „Fint und Fliederbusch“ die letzten Ehren zu
1961 3203 2974 3270 erweisen. Ein Massenaufgebot von Schauspielein,
1947 3250 2948 3333 bemühte sich um das Stück und verdient unsere
1945 3291 2238 3352 Anerkennung.
