3392 4352
314 233 1626 309 27. Einkund Fliederbusch
586 1134 1505 1249 *„Fink und Fliederbusch“.
627 1208 1561 1293 Eine Journalistenkomödie von Arthur Schnitzler.
552 1276 1639 1346 Deutsche Erstaufführung im Frankfurter
704 1312 1474 1381 Neuen Theater am 17. November.
579 1368 1672 1430 Es ist auffällig, daß seit Gustav Freytags „Journalisten“
516 1408 1663 1470 kein rechtes Journalistenlustspiel mehr geschrieben worden ist
525 1457 1669 1505 oder wenigstens keines auf der Bühne Fuß gefaßt hat: auf¬
521 1489 1664 1556 fällig sicherlich für den, der der Zeitungswelt fern steht, aber
516 1530 1665 1580 dem Journalisten selbst eigentlich kaum verwunderlich. Weiß
510 1569 1678 1628 er doch nur zu gut, wie wenig Talent er hat, sich als lustige
525 1612 1662 1661 Person zu empfinden und wie wenig andererseits vom jour
523 1656 1674 1702 nalistischen Geist denen vertraut ist die Bühnenlustigkeiten
525 1693 1647 1743 fabrizieren. Und wenn schon Freytags biederer Humor in
528 1705 1702 1786 Grunde kaum von seinen Zeitungsleuten selber ausgeht, son
527 1772 1674 1816 dern aus alt vertrauten Lustspielquellen fließt, wie sollte wohl
529 1811 1674 1857 in der modernen Zeit des Telegraphen und des Telephons, der
526 1841 1675 1901 Schreibmaschine und des Diktaphons noch viel von Konrad Vol¬
516 1900 1673 1935 gens Laune übrig sein! Gewiß haben die Zeitungsleute ihre
526 1923 1666 1975 Originale und schnurrigen Käuze, ihre Clowns und Windhunde,
513 1965 1677 2018 und manche Stunde in einer Redaktion ist mindestens
516 2003 1667 2053 so lustig und vergnüglich wie nur ein Lustspielakt auf einer
520 2041 1671 2093 Bühne; aber dieser Humor hat mit dem Metier an sich nichts
519 2086 1672 2131 zu tun, zieht seine Nahrung sicher nicht aus Druckmaschinen
528 2123 1679 2177 und Manuskripten, die höchstens einen spärlichen, im Grunde
526 2160 1683 2205 nur Fachleuten ganz eingängigen Järgon=Witz erwachsen
523 2203 1676 2247 lassen. Viel eher möchte Tragik auf dem Wege des heutigen
518 2248 1677 2288 Journalisten keimen, und wenn die Bühne davon wenig weiß,
523 2276 1674 2324 so mag sie es der Verschwiegenheit der Leute danken, die sonst
518 2321 1677 2369 der Welt Fanfare blasen. Vielleicht haben die Geister des
524 2354 1671 2396 Humors die Zeitungswelt geräumt, als die moderne Technik
533 2395 1663 2443 in sie einzog. Und dann: Je höher die anonyme Macht der Presse
522 2431 1671 2484 stieg, desto mehr trat die Bedeutung des Einzelnen zurück, das
517 2471 1678 2525 gedruckte Wort erhob sich immer gewaltiger über den lebendigen
520 2514 1673 2560 Schreiber, es löste sich von ihm los zu unheimlichem Ge¬
520 2548 1667 2604 spensterleben von Begriffen, von Ideen und Schlagworten, die
528 2590 1670 2627 sich fast körperlos im leeren Raum bekämpfen. Kommt es da
525 2627 1659 2678 überhaupt noch auf den Urheber einer Meinung an?
529 2661 1667 2708 Und kann eine Personlichkeit wirklich nicht mehr als eine
529 2700 1661 2747 Ueberzeugung haben? Wenn Freytags Schmock rechts wie links
525 2748 1674 2797 schreiben konnte, kann da ein Usverschmock nicht rechts
531 2789 1674 2836 und links zu gleicher Zeit schreiben? Denn ist das Spiel solcher
535 2823 1672 2874 journalistischen Geister nicht eine tolle Komödie der Worte?
527 2863 1672 2914 Läßt sich der Kampf der öffentlichen Meinung nicht futuristisch
518 2902 1679 2946 als ein Wirbelreigen von fingerfertigen Schreiberhandgelenken
527 2938 715 2999 malen?
591 2965 1665 3034 Dies Schreckbild einer grausen Zukunft, die niemals
524 3002 1675 3071 Gegenwart werden darf, beschwert Arthur Schnitzler
530 3052 1668 3097 in seinem neuesten Bühnenweik, der Komödie „Fink und
527 3093 1672 3141 Fliederbusch“ (Buchausgabe bei S. Fischer, Berlin).
530 3133 1669 3175 Denn der Titelheld seines Stückes ist sowohl Fink als Flieder¬
534 3172 1676 3235 busch: Fink als Mitarbeiter eines konservativen Gesellschafts¬
525 3211 1684 3279 blattes, Fliederbusch als Mitarbeiter einer demokratischen
1766 223 2215 310 box 33/2
2935 1017 3317 1093 „ Ou.
3078 1082 3141 1138 W
1700 1131 2824 1188 Zeitung, und daß er als Fink gegen Fliederbusch polemisiert,
2849 1128 3378 1192 handeln, benutzt ihn aber aug
2843 1170 3397 1225 Komödienschach; er hat ebeng
1691 1180 2834 1228 ja sogar ein Duell mit sich selver annehmen muß, das fast
2851 1216 3388 1270 Naivität seines Helden ein
1690 1212 2829 1268 zum Austrag kommt, das ist die grotesle G.pfelung des lusti¬
2846 1246 3400 1304 ist, die der Figur ihre Existe
1695 1253 2835 1309 gen und geistreichen Einfalls, der dem Dichter vielleicht aus
2844 1296 3369 1346 und vom Abgleiten in den
1684 1296 2826 1350 einem tatsächlichen Vorkommnis in der Wiener Zeitungswelt
2840 1327 3389 1388 Doppelspiel zu einer bewußte
1694 1336 2828 1388 zugeflossen ist. Der Einfall taugt sowohl für einen Schwank
2851 1368 3372 1425 Bedeutung für Schnitzlers
1696 1377 2824 1431 wie für eine Komödie, und als Schwank ist er auch schon ein¬
2855 1403 3380 1455 verliert natürlich bei der U
1694 1412 2832 1462 mal, unabhängig von Schnitzler, durch den Franzosen Tristan
2858 1447 3391 1507 spiel jenseits bewußter Erken
1690 1454 2839 1500 Bernard bearbeitet worden. Schnitzler mußte ihn als Ko¬
2858 1486 3370 1542 wahrscheinlichkeit und wird
1686 1489 2831 1547 mödie behandeln, und daß er zu einer heiteren, aber nicht ge¬
2861 1523 3367 1575 symbolischen Verkörperung
1691 1533 2829 1589 rade sehr lustigen, und im Grunde bitter ernsten Komödie
2856 1559 3387 1616 Metiers. Damit kommt frei
1687 1570 2827 1627 gedieh, ist auch im Wesen des Dichters bedingt. Niemand kann
2846 1592 3393 1654 künsterische Stilreinheit des
1693 1609 2838 1655 aus seinem Schatten heraustreten. Die Gestalt des Ueber¬
2848 1639 3385 1691 in einer ziemlich realistisch,
1707 1656 2838 1713 schmocks kommt eigensten Gedantenkreisen Schnitzlers zu sehr
2844 1672 3389 1734 Uebertreibungen gezeichnete
1710 1693 2830 1741 entgegen, als daß sie ihn nicht zu gedanklichster Vertiefung
2849 1723 3381 1777 dem flüchtigen Blick des Be
1694 1744 2826 1786 herausgefordert hätte Sein Dichterauge hat stets das weite
2842 1755 3400 1801 tant des Kreises sein
1684 1775 2822 1823 Land der Seele gesehen, von ihrer ständigen Lüge und unend¬
2989 1800 3399 1859 Einer solchen Ver
2845 1799 2973 1843 kann.
1692 1819 2830 1867 lichen Anpassungsfähigkeit, von# ihrei Chamäleon= und Pro¬
2848 1827 3393 1887 anständige Journalist beim
1699 1848 2827 1896 teusnatur gewußt; sein Dichtergeist hat je und je den ewigen
2861 1861 3387 1929 fühlen, und so wird Schni#
1699 1893 2830 1949 Gegensätzen Sein und Schein, Wahrheit und Luge, Wirklich¬
2858 1912 3399 1968 Männer von der Presse unn
1692 1935 2837 1991 keit und Traum nachgesonnen, und ist gern auf den Grenz¬
2854 1951 3401 2009 haben. Die herbe Ironie,
1700 1972 2834 2024 gebieten gegangen, wo beide ineinander übersließen und wo es
2849 2000 3400 2044 tischen Redaktion als kette
1700 2016 2834 2078 nur der geschickten Hand des Meisiers bedarf, um Spiel und
2855 2032 3392 2081 Wiener Lokalfarben ausgen
1694 2053 2374 2111 Ernst verwirrend leicht zu tauschen.
2850 2073 3393 2128 der Heimatstadt des Dichter
1845 2087 2674 2156 „Es fließen ineinander Traum und Wachen,
2859 2113 3392 2168 ist dem fernerstehenden Be#
1839 2144 2686 2185 Wahrheit und Lüge. Sicherheit ist nirgends.
2861 2153 3388 2200 ob hier rein künstlerische Sc
1841 2178 2724 2247 Wit wissen nichts von anderen, nichts von uns.
2859 2193 3400 2250 letzenden Schlüsselstückes do
1851 2222 2251 2283 Wir spielen immer.“
2857 2230 3391 2278 spiegel blickt zwar trüb, aber
2858 2276 3400 2324 Besten zu halten? Mit wal
1746 2262 2826 2329 Sagt sein Parazelsus. Und Fliederbusch fragt sich in allem
2859 2314 3383 2370 er, daß er von dem beinahe
1682 2325 2827 2376 Komödiantenernst, ob er eigentlich Fink oder Fliederbusch sei.
2856 2350 3399 2409 dem er sich an seine antith
1695 2362 2829 2403 „Ein Fliederbusch, den es gelegentlich juckt, einen Fink zu
2856 2390 3390 2440 und Leben, Traum und Wir
1690 2400 2833 2452 spielen? Oder ein gebarener Fink, der nur durch einen Irrium
2849 2429 3401 2488 Reporterjournalisten, Dr. K#
1689 2443 2824 2486 des Schicksals als ein Fliederbusch auf die Welt gekommen
2851 2465 3382 2529 selber vor, der stets mit solch
1699 2481 2836 2536 ist?“ Denn er ist nach der Formung des Dichters kein be¬
2849 2514 3388 2575 und ein epochales Werk üb
1700 2519 2835 2574 wußter Betrüger, der vor sein wahres Gesicht eine Maske
2858 2552 3033 2610 verheißt.
1687 2560 2830 2609 hält, sondern ein naier Jüngling, der in der Entwickelung zu
1699 2597 2828 2653 sich selbst begriffen ist sich in der Redaktion der demokratischen
2898 2598 3400 2678 Schnitzler müßte nicht de
1694 2640 2834 2679 Zeitung zu Hause und im sicheren Hafen gelandet glaubt, als
2855 2653 2913 2707 er
2913 2655 3400 2712 ist, wenn #ei seinem He
1682 2674 2827 2726 ihn deren Chefredakteur als journalistisches Talent entdeckt
2851 2705 3400 2751 bestimmter Prägung gegeben
1696 2717 2841 2766 und fest verpflichtet hat, der seine Meinung aber instinktiv
2856 2739 3397 2795 mit der hellen Stimme des
1699 2753 2838 2808 sofort über Bord wirft, als er sich bei dem Herausgeber des
2853 2773 3397 2830 blüht nicht in klare Luf. hine
1690 2789 2847 2848 konservativen Gesellschaftsblattes von der aristokratischen
2849 2822 3399 2870 ters überspinnen ihn mit ein
1695 2832 2836 2867 Sphäre angezogen und ebenso freundlich ausgenommen
2861 2857 3400 2915 Symbolik: er hat nicht ni
1697 2865 2840 2925 fühlt. Seine endültige Ueberzeugung findet er, in ihrer letzten
2846 2893 3400 2951 Handwerkertums, sondern a
1690 2904 2843 2965 Formulierung, auch erst dann, als er die Bekanntschaft eines
2861 2938 3373 2992 Snobs zu gelten, „dieser
1699 2944 2829 3000 feudal=tlerikalen Politikers macht, der sich auf dem Weg zur
2852 2973 3400 3035 Feiglingen und Renegaten“,
1687 2983 2844 3032 Ministerlaufbahn dem Gesellschaftsblatt mit Kauf= und Neu¬
2859 3022 3359 3075 genossen des Feudalismus“
1696 3029 2837 3086 gründugsabsichten nähert und dabei das schreibfertige Hand¬
2862 3035 3398 3106 dei Dichter auch den Vert
1694 3056 2839 3120 gelenk des journalistischen Verwandlungskünstlers schätzen
2861 3097 3392 3149 einen klerikal=tenservativen
1687 3106 2838 3148 lernt. Dieser Schmock mit zwei Ueberzeugungen hat also im
2849 3134 3393 3193 Ehrgeiz in der Mitte des ##
1700 3137 2838 3197 Grunde gar keine; dieser Gesinnungslump ist eigentlich jeder
2850 3172 3392 3234 und den Typ des blasierten
1698 3183 2837 3233 Gesinnung bar und der Dichter vermeidet beflissen, ihm Ge¬
1699 3217 3382 3286 danken oder Meinungen unterzulegen, läßt ihn vielmehr nur 1 einen Typ, der Schnitzter
3097 4116 3239 4183 S
