3344 4320
1671 177 2172 282 box 33/1
265 189 1588 282 27. Eink-und Fliederbusch
1077 1193 1340 1287 BNcar
547 1211 1326 1392 Neue Züricher Zeitung
2141 1368 2321 1455 e
1426 1426 2410 1505 tweil alle Journalisten mit und ohne Korpsgeist
2403 1450 3341 1520 ihre tönende Extravaganz gewissermaßen die bu
719 1413 1196 1533 Feuilleton.
1434 1471 2414 1547 sagen werden: So sind wir nicht. Der Dichter
2404 1497 3334 1566 gerliche Freude am feierlichen Stil zu par#
1438 1515 2404 1581 macht es sich zu billig. Alle Figuren bei Schnitzler
2401 1543 3335 1605 dieren. Hübsch heißt es da von Ulrike aus de
664 1525 1263 1614 Literarische Anmerkungen.
1442 1563 2411 1634 sind lustig, aber in der Charakteristik nicht sehr
2393 1575 3330 1662 Uckermark, daß sie im Stall der „Kühe Melkung
638 1606 1272 1690 Schnitzler und Freytag.
1440 1613 2398 1670 neu; denn wenn ein Theaterkritiker schon „Abend¬
2400 1627 3330 1688 führte: „Auch die Hühner waren ihr anvertraut.
1435 1649 2401 1721 stern“ heißt und das Stück schlecht findet, wenn
2398 1666 3335 1738 Mit Futter und Frohsinn hielt sie sie bei Laun
520 1653 1440 1751 E. K. Keine Kritik, nur eine Parallele!
1436 1696 2401 1750 ihm „'s Rostbratl“ nicht schmeckt, so ist das ein
2394 1708 3338 1767 daß emsig sie legten. Keins hatte letzthin de
465 1691 1431 1784 Arthur Schnitzlers eben erschienene Jour¬
1432 1733 2397 1796 Scherz, der schon bei Freytag stehen könnte.
2395 1751 3329 1824 Pips oder wäre sonst zu heilen gewesen.“ Wi
461 1758 1434 1832 nalistenkomödie „Fink und Fliederbusch“ gipfelt
1431 1773 2397 1853 Schade, daß Schnitzler seine witzige Jour¬
2392 1796 3332 1855 putzig der stilparodistische Anklang an die Wel
452 1808 1440 1874 in einer famosen Lustspielsituation: Ein
1438 1819 2393 1890 nalistenkomödie nicht mehr aus der Realität her¬
2396 1841 3333 1903 der Psarrhausidyllen wirkt, ein beflissener Stern
465 1848 1431 1918 junger Journalist; hat in zwei diametral ent¬
1439 1870 2398 1931 ausschrieb und ihr den ganzen modernen jour¬
2399 1884 3336 1948 heim=Jünger wird allen Ernstes glauben, er stürz
457 1876 1430 1950 gegengesetzte Blätter geschrieben, was nichts
1437 1908 2395 1978 nalistischen Mechanismus dienstbar machte, denn so
2402 1922 3346 2004 die Welt um, wenn er sich solcher Prosarhythm
461 1928 1431 2005 heißen will. Oh doch, wenn man so ungewöhnlich
1423 1947 2396 2019 wie das Stück jetzt ist, werden die darin Betroffe¬
2378 1952 3337 2031 bediene wie dieser folgenden: „Auf dem Fried
454 1968 1430 2045 vorgeht wie dieser Ritter von der Feder, der
1421 1996 2401 2062 nen „Fin und Fliederbusch“ ein historisches Lust¬
2395 2010 3333 2094 hof die Kapelle bauten sie nach gemeinsamen
454 2001 1438 2094 unter dem Namen Fliederbusch im einen Blatte
1432 2039 2395 2120 spiel neunen, das ihnen nicht weh tun kann, so
2393 2050 2561 2104 Plan.“
450 2048 1434 2127 mit dem Brustton der Ueberzeugung bekämpft, was
1425 2075 2316 2158 wenig wie die seligen Journalisten Freytags.
2447 2091 3330 2160 Ach das sind alles Nichtigkeiten neben der
444 2096 1434 2175 er selber im gegnerischen Blatte unter dem Namen
1545 2114 2300 2190 Carl Sternheims Stilwitze.
2397 2137 3335 2209 Seiten, in denen Sternheims Stil das Gemein
455 2140 1432 2210 Fink anscheinend mit Herzblut geschrieben hat.
1476 2150 2396 2224 Mit Entsetzen las ich jüngst in einem Aufsatze
2383 2165 3331 2249 bändigen will. Es will mir scheinen, daß e
452 2179 1429 2254 Bis zu einer insamen Ehrverletzung seiner selbst
1422 2198 2381 2282 Kasimir Edschmids („Frankf. Zeitung“), daß in
2384 2221 3336 2294 mit den Geschlechtswörtern sparsamer sei als mi
441 2225 1439 2308 bringt es der als Fliederbusch kontra Fink kämp¬
1431 2251 2393 2322 Darmstadt noch unbeflaumte Jünglinge im „Dach¬
2391 2260 3335 2335 den Sützen, die sich so ziworkommend gegen ge
445 2268 1436 2357 fende Torero der Presse, so daß ein Duell die un¬
1420 2284 2393 2369 stube=Verlag“ Zeitschriften und Bücher heraus¬
2389 2288 3016 2382 wöhnliche Phantasie benehmen.
449 2310 1426 2388 abwendbare Folge wird. Diese groteske Siina¬
1429 2318 2388 2404 geben, die nichts mit Pennäler=Revuen zu. tun
2437 2356 3339 2430 Es muß doch sehr, sehr gegen diesen alle
443 2354 1434 2418 tion der zur festgesetzten Zeit am festgesetzten Orte
1424 2382 2386 2450 haben, sondern bereits ein an Carl Sternheim ge¬
2387 2392 3333 2468 wagenden Stil sprechen, daß er sich so flink durch
454 2409 1431 2473 erscheinenden Sekundanten, die nur den einen
1418 2422 2392 2485 schultes Können verraten. Wo soll das hin mit
2379 2439 3330 2513 schauen und so leicht ausüben läßt. Daher
454 2444 1438 2517 Duellanten vorfinden, der als Fliederbusch und
1424 2463 2382 2525 der Literatur von morgen, wenn es einen Chor
2385 2479 3337 2545 denn auch die Tatsache, daß wohl kein
451 2492 1428 2556 Fink in einer Person dasteht und das Gesetz „der
1422 2514 2390 2573 von Sternheim=Papageien geben wied? Ich will
2383 2523 3342 2594 Kritiker bemerkt hat, daß in Sternheims
439 2512 1427 2599 Identität der Gegensätze“ erhärtet, hat Schnitzler
1423 2554 2393 2624 hier an Hand seiner Novelle „Ulrike“ (Verlag Kurt
2392 2574 3335 2639 letztem Novellenbande „Mädchen“, die Erzählung
448 2555 1424 2661 mit einer Schlagfertigkeit witziger Reserven aufs
1411 2588 2380 2658 Wolff, Leipzig) ein paar Maßregeln geben, die
450 2613 888 2678 schneidigste dargelegt.
2395 2621 3344 2686 „Anna“, wie er jetzt jubelnd bekennt, von seine##
1417 2633 2397 2706 einen Jüngling zum vollendeten Expressionisten
2383 2667 3334 2724 Gattin Thea Sternheim ist. Ehre der treuen Gat
496 2644 1420 2729 Dennoch fällt mir hinterher ein, wie Schnitzlers
1419 2683 2393 2746 machen. Fürs erste gewöhne er sich die Artikel vor
2380 2700 3332 2783 tin, die nicht bloß den Mann, sondern den Stil
438 2684 1433 2769 Lustspiel eigentlich eine Idee des Schmock in
1426 2724 2396 2783 Substantiven ab. Er schreibe nicht: „Den Bänken
2380 2727 2834 2799 des Mannes heiratet.
452 2742 1425 2819 Gustav Freytags „Journalisten“ ad absurdum führt.
1417 2765 2393 2839 fehlten Latten“, sondern „Latten fehlten Bänken“.
2434 2777 3343 2860 Nach dieser „Ulrike“ Sternheims fährt jedes
449 2784 1429 2876 Dort spricht Schmock: „Ich kann schreiben nach
1424 2802 2390 2885 Er lerne Sätze wie: „So wünschte Ulrike Leben
2375 2813 3334 2896 Menschen Hand an Bücherregalen hinauf, tastet sich
450 2817 1420 2909 rechts und nach links“. Aber er tut es wenigstens
1420 2853 2393 2921 nicht geändert“ und dünke sich groß durch solche
2379 2866 3337 2938 nach etwas, das hundertjährigen Bestand hat und
438 2872 1426 2934 nacheinander in den Intervallen, die einem
1413 2895 2390 2962 Abstinenz im Artikel. Ueberhaupt er lerne die Kon¬
2370 2909 3333 2988 in irgend einer vertrauenswürdigen Beziehung zu
441 2925 1418 2989 Ueberzeugungswechsel schicklich erscheinen.=Schnitz¬
1415 2938 2381 3005 zentration wie hier in der Schilderung der Mahl¬
2377 2949 3346 3015 Ewigem steht. Meine Hand glitt zu einem Diche,
434 2956 1411 3021 lers Schmock und Tintenkuli tut es gar zu glei¬
1414 2986 2377 3045 zeit im Hause des Pastors: „Aller Mahlzeit Be¬
2374 2999 3343 3074 aus dem eine Goethe=reife Frau in nahezu un¬
427 2995 1422 3060 cher Zeit. Wiewohl Schnitzler seine Gründe
1405 3027 2377 3094 I ginn und Schluß hieß Gebet. Brot, Schwein und
2381 3047 3333 3115 wirklicher Vollendung des Herzens uns entgegen¬
445 3043 1429 3118 haben wird, die elastische Ueberzeugung mancher
1410 3072 2386 3136 Kartoffel lagen inmitten.“ Da die Inversionen in
2387 3085 3328 3157 schwebt. Hier ist diese Seite, die hundertundsechs¬
444 3072 1421 3156 Journalisten zu betenen, scheint mir, daß sein
1400 3101 3330 3199 der gebundenen Rede reimeswegen übel beleumdet] unddreißig Jahre alt geworden ist und in ihrer
435 3134 3330 3261 Lustspiel in seiner Wirkung beeinträchtigt wird, sind, belustigt sich Sternheim an ihnen, um durch gewaltigen Einfalt des Stiles und der Großartig
