3392 4352
294 215 440 302 27.
441 216 1578 305 Einkund Fliederbuscn
573 1100 1522 1244 Zellung: National-Zeitung
585 1222 1460 1358 dcresse: Berlin g##ez 191
506 1425 1586 1530 Arthur Schnißlers Journalistenstück.
605 1516 1540 1607 Fink und Fliederbusch im Lessingtheater.
508 1581 1647 1647 Die Handlung dieses zweiten Männerstücks des Mener Dich¬
436 1626 1644 1701 ters (ebenso wie im „Professor Bernhardi“ treten bis auf eine
429 1658 1646 1751 wenig wichtige Nebenrolle nur Männer auf) ist micht verwickelt,
434 1726 1641 1794 läuft gradlinig, allzu gradlinig vom Anfang bis zum Ende. Ein
428 1770 1641 1837 junger Schmock schreibt als Flink für das rechtsstehende, als
420 1811 1641 1872 Fliederbusch für das linksstehende Parteiblatt, gerät in der Hitze
425 1856 1638 1917 des Gefechts seinem alter ego heftig in die Haare und muß ihn
426 1892 1635 1971 (also sich) — gesegnet sei die frei schaltende Selbstherrlichkeit des
421 1950 1640 2026 Dichters — auf Verlangen seines schneidigen Redaktionskollegen
424 1979 1634 2061 auf Pistolen fordern, damit er zu einer Genngtuung und der
423 2016 1636 2103 Konslikt zu seiner Lösung kommt, wodurch natürlich sein jour¬
422 2063 1634 2146 nalistisches Doppelkeben aus Licht der Sonne tritt, er aber — ein
422 2106 1635 2180 echt Schnitzlerscher Einfan — statt verdienter Verachtung die ell¬
419 2153 1636 2231 gemeine Bewunderung der versammelten Berufskollegen einheimst.,
492 2188 1632 2274 Diese letzte Wendung erschiene. geeignet, die Ehre des Jour¬
423 2234 1627 2294 nalistenstandes herabzusetzen, wenn nicht eine so reichliche Dose
424 2280 1633 2337 von karikierendem Spott und ein so geringes Maß von Lebens¬
418 2328 1640 2386 wahrheit über diese Szene gebreitet wäre, daß ein ernster Eindruck
416 2362 1623 2436 überhaupt entfällt. Und schließlich entbehrt das Modell des doppel¬
418 2409 1624 2488 seitig Orientierenden auch insofern nicht einer gewissen Lebens¬
419 2454 1619 2525 möglichkeit, als tatsächlich vielsach Fälle vorgekommen sind und
412 2495 1630 2550 vorkommen, in denen ein Journalist aus einem demokratischen in
413 2548 1619 2616 ein reaktionäres Revier hinüberwechselt, ohne daß man über seine
415 2573 1619 2657 Ehrenhaftigkeit gleich den Stab zu brechen das Recht hätte. Denn
409 2627 1622 2700 ebenso gut wie bei einer politischen Vorlage könnte der Reserent
406 2659 1625 2745 z. B. bei einer Schnitzlerschen Komödie einerseits die Vorzüge,
407 2719 1618 2791 andererseits die Nachteile hervorheben, wobei es im vorliegenden
410 2747 1616 2829 Falle zu bedauern bleibt, daß die ersteren nicht im Uebergewicht
410 2793 1619 2874 zu sein scheinen. — Die Darstellung kam der Wirkung, die sich in
400 2851 1623 2893 starkem Beifall zeigte, sehr zugute. Bassermann gab die
408 2880 1620 2963 Titelrollen sehr frisch und lebensvoll. Die Journalistenschar wurde
406 2931 1610 3004 von den Herren Willauer, Licho, Götz, John und
399 2980 1616 3047 Schroth aufs beste verkörpert. Die Frauenrale lag in den zarten
397 3018 989 3090 Händen Ilka Grünings.
1246 3027 1576 3095 Fritz Schayer.
891 3079 1117 3147 —
1760 199 2164 291 box 33/3
2034 999 3001 1113 ADOLF SCHUSTERMANN
1966 1099 3070 1201 ZEITUNGSNACHRICHTEN-BUREAU
2116 1172 2902 1265 BERLIN SO. 16, RUNGESTR. 22-24.
2047 1254 3084 1357 Zeitung: Der Tag Illustrierte Ausgabe
2040 1371 2552 1477 Adresse: Berlin
2603 1455 2935 1565 9.052.1977
2042 1498 2259 1577 Datum:
2245 1712 3089 1799 ##eream on Gemertangen aber die Frie¬“
3124 1717 3369 1800 Rüßland,
1999 1793 3092 1847 densaussichten und erklärt, nur durch den Sieg könne
3128 1786 3400 1855 Mittelmächt
1999 1835 3093 1899 men Deutschland begreiflich machen, daß ihm eine
3135 1837 3398 1909 einen anne
2006 1872 3093 1944 Fort#e#a des Krieges nichts einbringt. Verschiedene
3123 1888 3394 1960 muß man fi
2011 1927 2823 1992 Numn. u, aber überall derselbe Faden!
3132 1938 3400 2000 ohne Not a
2039 1967 3086 2038 Lu## Lansdownes Brief ist bei uns vielfach als die
3128 1987 3399 2064 dessen Prokl
2000 2028 3084 2091 Taube angesehen worden, die den Olzweig des Frie¬
3250 2039 3317 2097 uns
1989 2078 3084 2122 dens bringt, und der Herr Staatssekretär des Aus¬
3129 2172 3297 2242 Inbrunst
2140 2171 2990 2297 „Fink und Fliederbusch.
3123 2226 3380 2290 geborenen F
2224 2265 2839 2346 Komödie von Arthar Schnitzler.
3118 2277 3399 2336 besten, einzig
3124 2321 3398 2387 Komödie ode
2054 2315 3012 2406 Erstaufführung ih Lessing=Theater.
3116 2367 3399 2433 Wesen der 2
3113 2415 3392 2491 Heilands=M
1995 2405 3088 2490 Ichmock, der junge, geschäftstüchtige Journalist, der
3110 2468 3384 2535 sagen, wo d
1977 2457 3086 2543 rechts und links schreiben kann, fünf Pfennig die
1975 2523 3087 2588 Zeile, hat auf der ganzen Linie gesiegt. Er hat die
3111 2567 3398 2630 Fink als auch
1977 2574 3076 2630 alte Generation der Gustav Freytag, Konrad Bolz,
3250 2616 3371 2684 Eine
3108 2615 3242 2679 links.
1990 2622 3082 2676 nicht nur an die Wand gedrückt, nein, gänz¬
3109 2667 3311 2728 Schmocks
1991 2671 3082 2726 lich aus ihrem Beruf herausgedrängt und setzt sich,
3180 2713 3399 2779 Eine Leh
1989 2713 3083 2768 nicht nur als Chefredakteur, nein, auch als Zeitungs¬
3111 2756 3394 2824 vom Schmock
1983 2770 3083 2835 besitzer und Verleger auf den Thron der siebenten
3106 2811 3389 2875 Selbstverständ
1982 2817 3081 2881 Großmacht. Und unter den Federhelden und Tinten¬
3112 2862 3390 2920 in einem eb
1991 2860 3078 2911 kulis, die Arthur Schnitzler in seiner Pressekomödie
3109 2906 3388 2966 kommt es ebe
1986 2921 3079 2978 vom „Fink und Fliederbusch“ uns voragiert, befindet
3109 2956 3399 3039 wie auch das
1987 2960 3074 3040 sich auch nicht ein einziger, der nicht mehr oder
1986 3005 2576 3070 weniger ein Schmock wäre.
3117 3008 3378 3073 ihr wollt ..
2028 3063 3074 3124 Wollte Arthur Schnitzler eine Satire auf uns Zei¬
3153 3051 3400 3126 Ganz gewi
1987 3106 3076 3179 tungsmenschen schreiben, die beißendste aller Sauren,
3098 3109 3392 3166 mit Stolz un
1987 3153 3076 3204 uns so gründlich wie möglich bloßstellen, der allge¬
3102 3156 3397 3221 seinem scharf
1989 3204 3070 3270 meinsten Verachtung preisgeben? Nein, ganz gewiß
3108 3208 3398 3273 zweifeln. Das
1986 3255 3076 3306 nicht! Er ist eitel Bewunderung für diese Journalisten¬
3110 3255 3389 3320 die meisten
1991 3295 3071 3353 kraft, ihr redegewandtester Advokat und Verteidiger,
3095 3302 3399 3364 Relativismus
1988 3352 3072 3416 ein nicht genug zu schätzender, gründlich geschultester
3108 3351 3388 3413 heraus. Er kaf
1975 3399 3072 3463 Dialektiker, und an seinem großen Ernst und Eifer,
3103 3394 3387 3460 und all den Ka
1976 3446 3072 3495 mit dem er für die Krönung Schmocks als Zeitungs¬
3105 3450 3376 3512 und Gustav
1979 3492 3068 3557 könig eintritt, läßt sich gar nicht zweifeln. Mit einer
3100 3494 3397 3560 erklären und
1987 3544 3393 3615 tiefsten Innerlichkeit, ja geradezu mit religiöser zurückgehen la
