3344 4320
188 243 2101 333 27. Eink und Fliederbusch box 33/1
327 1320 619 1441 15501131
596 1335 1058 1431 Die Zei, Wies
322 1420 552 1511 B
1790 1406 1958 1493 ——
1327 1476 3290 1556 pfeift politisch, wobei man deutlich merkt, daß die Chronik meldet von keinem ähnliche
2321 1537 3286 1600 Tart pour l’art=Journalisten mehr. Tristan
1354 1530 2330 1608 ihm auf einem alten, abgespielten Vogelwerkel
609 1483 1154 1620 Feuilleion.
1356 1581 2321 1643 vorgespielt worden war, der Fink, und beileibe
2317 1583 3283 1649 Bernard hat nun vor ein paar Jahren einen
472 1612 1273 1701 Arthur Schnitzlers Lustspiel.
1351 1629 2324 1693 nicht Arthur Schnitzler. Dem ist's nur um ein
2329 1634 3280 1708 Schwank geschrieben, in dem ein Journalist
1351 1676 2331 1755 lustiges Schelmenlied zu tun. Beiden aber ist
2317 1676 3290 1757 eine solche Doppelrolle spielt und in die tolle
373 1684 1353 1746 (.Fink und Fliederbusch“, Komödie in drei
376 1717 1356 1784 Alten; Uraufführung im Deutschen Volks¬
1361 1727 2322 1795 die leidige Politik nur ein Requisit für ihre
2317 1746 3290 1802 Situation kommt, sich selbst schwer beleidigt zu
580 1761 1178 1834 theater am 14. November.)
1356 1775 2328 1844 Komödien, mit denen sie Erfolg haben möchten.
2312 1774 3288 1854 haben und sich mit sich selbst schlagen zu müssen
411 1795 1351 1891 Hell und fröhlich schmettert dieser Komödien¬
1347 1829 2330 1890 Der Fink sitzt nämlich wirklich im Fliederbusch,
2312 1832 3288 1897 Schnitzlers Einfall ist derselbe. Er hat sich, als
390 1855 1355 1936 titel. Ganz sommerlich poetisch wird einem
1350 1882 2323 1945 er ist dessen andere Seele, die sich von der
2325 1883 3287 1952 das Stück des Franzosen bei uns bekannt wurde,
387 1920 1363 1992 dabei zumute; irgendwie glaubt man den
1356 1934 2325 1989 einen trennen will. Es ist also nichts mit der
2317 1935 3282 1992 einwandfrei bestätigen lassen, daß sein Einfall
378 1979 1354 2035 Anfang eines Liedes zu hören, das etwa von
1355 1981 2331 2054 sommerlichen Poesie, Herr Fliederbusch ist ein
2328 1984 3283 2042 schon gestaltet war, ehe er das Stück Bernards
372 2015 1356 2073 Rudolf Baumbach sein könnte: „Es saß ein
1344 2023 2323 2093 junger, ach, allzutalentierter Journalist, und
2312 2026 3292 2101 kennen konnte. Aber es bleibt doch ein Pariser
378 2068 1354 2133 Fink im Fliederbusch.“ Aber hier stockt man
1346 2083 2329 2154 Herr Fink — man wird ja gleich sehen. Ein
2320 2077 3290 2149 Schwankeinfall, wenn er auch an eine Wiener
382 2125 1355 2188 schon. Es gibt nicht viel Reime auf „Busch“.
1342 2126 2329 2202 Journalistenstück also? Schnitzler glaubte
2313 2135 3293 2196 Anekdote anknüpft und von Schnitzler durchaus
383 2178 1352 2232 „Husch, husch, husch!“ heißt's im Kinderlied.
1347 2163 2320 2240 zweifellos, eines schreiben zu müssen, also auch
2330 2177 3288 2246 original ist. Deutsch wäre er erst geworden,
376 2224 1349 2287 Und weg ist der Fink, nichts singt mehr im
1348 2227 2332 2295 eines geschrieben zu haben. Kaum, weil ein
2318 2227 3298 2285 wenn der Fink die im Fliederbusch geknechtete,
378 2270 1358 2341 Fliederbusch. Ein sinniger Reimzufall. Der
1354 2279 2323 2326 Erkennen von der Zeitung und ihren Leuten
2311 2277 3291 2347 um Brot für Weib und Kind verkaufte Ueber¬
368 2322 1355 2378 Fink verträgt's nicht, daß man sich auf Flieder¬
1351 2320 2327 2397 ihn zu einem Gestalten gedrängt hätte, sondern
2316 2332 3293 2401 zeugung hinausschmettern wüs#e, wenn er als
368 2367 1102 2446 busch einen Reim macht. Schade!
1344 2372 2324 2447 weil sein Lustspieleinfall, der mehr Schwank=,
2321 2361 3287 2447 Fliederbusch oder als Fink zur Verleugnung
417 2415 1354 2480 Wir haben uns alle sehr auf ein Lustspiel
1356 2429 2310 2483 ja fast schon Possenwitz ist, dieses Milien
2310 2425 3286 2490 von Ansichten gezwungen würde, deren Ver¬
381 2471 1354 2525 von Arthur Schnitzler gefreut. Seit den Anatol¬
1344 2479 2320 2541 forderte. Es ist dazugefügt, wie eine Dekoration
2316 2479 3282 2552 kündung ihm Gewissenspflicht wäre. Das hätte
380 2517 1360 2588 Plaudereien schon, also viele Jahre lang. Auch
1354 2526 2319 2592 herumgebaut, wobei die Leinwandwände und
2320 2531 3289 2606 eine Tragikomödie werden können, um deren
1353 2575 2326 2629 die Bilder, die daran hängen, oft recht störend
2314 2562 3283 2644 Einfall und Gestaltung ein Arthur Schnitzler
373 2621 1349 2678 Tragikomödien dieses Dichters schien immer
1343 2620 2323 2677 wackeln und schlottern. Ganz von außen her
2313 2617 3279 2691 mit keinem Tristan Bernard' zu rechten hätte.
382 2668 1358 2733 wieder die Verheißung zu stecken, Schnitzler
1346 2672 2319 2743 kommt Schnitzler an die Zeitungswelt heran,
2343 2676 3280 2750 Die Geschichte der Komödie ist rasch erzählt.
373 2717 1360 2790 werde eines Tages die Mystik des erotischen
1346 2724 2308 2786 und ganz sonderbar fremd und fern in ihrer
2311 2712 3280 2801 Herr Fliederbusch, dessen Eltern in der Kleinen
371 2773 1358 2830 Gesellschaftsipieles überwunden haben und
1347 2771 2320 2836 Arbeit und ihrem Empfinden sind ihm die
2312 2768 3285 2851 Schiffamtsgasse wohnen und dessen Vater in
383 2822 2314 2884 seine Beklemmungen in das Lachen der Be= Menschen von der Zeitung, die man ihm weit
2309 2825 3286 2909 der kritischen Zeit hauptsächlich mit Hosen¬
615 2853 670 2901 110
373 2856 1349 2932 freiung auflösen. Wer ihm, solchen Beklemmun¬
1342 2867 2322 2933 vertrauter wähnte, und denen er sich wohl selbst
2309 2877 3289 2958 knöpfen handelt, ist als externer Mitarbeiter
376 2914 1349 2983 gen oder beiden, irgendwie näher stand, er¬
1341 2910 2313 2981 auch viel näher fühlte. Der Spaß gründet sich auf
2314 2930 3287 2991 des Tagblattes Die Gegenwart Parlaments¬
1349 2974 2307 3028 ein Wiener Journalistenhistörchen. Es war einmal
375 2965 1355 3037 wartete mit Ungeduld den Schnitzler=Abend, an
2307 2972 3283 3055 berichterstatter. Während man dort vergebens
373 3018 1349 3083 dem er ausrufen könnte: „Nicht mitzuliebeln,
1344 3018 2317 3085 ein journalistischer Klopffechter, der schrieb in
2311 3029 3276 3086 von ihm verlangt, daß er zu den politischen Er¬
379 3065 902 3137 mitzulachen bin ich da!“
1348 3068 2313 3130 dem einen Blat. politische Artikel nach rechts
2316 3073 3281 3141 eignissen im Sinne des demokratischen Blattes
412 3101 1342 3172 Nun, der Fink im Fliederbusch singt durch¬
1349 3121 2308 3182 und polemisierte in einem gegnerischen Blat
2295 3114 3286 3205 Stellung nehme, schreibt er unter dem Namen
372 3169 1356 3234 aus kein schönes Liebeslied, sondern versucht
1341 3159 2324 3234 gegen seine eigenen Artikel nach links. Als man
2313 3172 3286 3237 Fink in der Eleganten Welt, einem Sport¬
382 3214 1348 3279 ganz im Gegenteil ein garstiges Lied, ein
1345 3228 3280 3298 dem Manne auf sein Fregoli=Stückchen kam, und Gesellschaftsblatt, das in der letzten Zeit
376 3268 3293 3358 politisches, zu pfeifen. Wohlgemerkt, der Fink) flog er im weiten Bogen aus Wien hinaus, undpolitischen Ehrgeiz zeigt, feudal-reaktionäre
