3392 4256
1682 184 2149 292 box 33/4
208 205 1540 315 27 Einkund Fliederbusch
712 1015 1572 1130 „OBSERVER
805 1094 1497 1169 I. österr. behördl. konzessioniertes
755 1128 1533 1229 Unternehmen für Zeitungs-Ausschnitte
829 1203 1455 1290 WIEN, I., WOLLZEILE 11
906 1263 1382 1326 TELEPHON R-23-0-43
694 1366 1091 1463 Ausschnitt aus:
1406 1427 1591 1532 18
943 1438 1295 1563 Neues WIEs
1034 1518 1387 1638 31. JAN.
680 1606 847 1686 vom:
2480 1659 2637 1754 5
1610 1745 3312 1787 Rivierahotel treffen sich alle, ohne daß einer vom anderen weiß, Lola Chlud trägt bl
814 1710 1255 1865 Feuilleton.
1615 1786 3315 1846 daß er — daß sie — und warum er und warum sie — weil ersehnliche Rolle. Sie
1619 1838 3315 1893 nämlich — und einer hält den anderen für den Unrichtigen, [Grahn finden sich
1624 1874 3324 1944 und der andere hält den einen für den Richtigen. Es ist rollen. Rose Stra
2849 1939 3325 2003 auf ein ernsteres Gebie
1633 1940 2854 2010 unmöglich und auch nicht notwendig, dieses sehr lustige Durch¬
412 1886 1628 2029 Man lacht im Deutschen Volkstheater.
1634 1987 3318 2051 einander von hübschen Zufällen und Situationen zu ent= exponierten Aufgaben i
386 2022 1632 2101 „Da stimmt was nicht.“ Schwank in drei Akten
1630 2028 3317 2089 wirren. Mit mathematischer Genauigkeit funktioniert der wunderschönen Starrsin
394 2074 1631 2148 von Franz Arnold. Erstaufführung in Wien.
1620 2086 3319 2143 Mechanismus der Maschine, die Lachen erzeugt; Lachen am ihm, sie durchzusetzen. S
2838 2132 3301 2208 ihre manirierte Art zu
1625 2127 2006 2211 laufenden Bande.
953 2115 1104 2192 Vön
2850 2175 3012 2251 müssen.
1729 2154 2841 2242 Daß manche dieser guten Einfälle, die zusammen einen
764 2180 1273 2268 Alfred Grünwald.
2942 2210 3325 2289 Franz Arnold
1633 2212 2857 2291 starken Schwankerfolg ergeben, auf dem Theater schon bewährt
511 2231 1623 2314 Snobistische Maßstäbe, ästhetische Kothurne und kritische
1631 2283 2843 2346 sind, tut nichts zur Sache. Man könnte aus der Lustspielschule
2844 2271 3326 2341 gerufen. Das Publikum
410 2305 1634 2375 Bedenken sind mit den Ueberkleidern und Galoschen in der
1618 2328 2848 2388 plaudern: Zum Beispiel: Daß der elegante Lebemann, der, ohne
2847 2318 3326 2403 lachenden Werk einen l#
401 2352 1640 2414 Garderobe abzulegen. Es berührt vor allem sympathisch, daß
1638 2369 2859 2429 es zu wissen, plötzlich mit einer jungen Dame verheiratet wurde,
402 2406 1639 2470 dieses Musterbeispiel routinierter Lustspieltechnik ehrlich als
1638 2425 2856 2473 weil ein anderer auf dem Standesamt seinen Namen benutzt hat,
400 2448 1634 2517 Schwank fatiert wird, als lustiger Faschingsschwank. Für dieses
1633 2469 2870 2536 schon dem Ungarn Dregely eingefallen ist, der daraus das
407 2502 1638 2561 notwendige Bühnengenre erscheint sogar der Dialog soigniert,
1631 2506 2871 2576 scharmante Lustspiel „Der Gatte des Fräuleins“ geschaffen hat,
398 2550 1635 2623 ungesucht witzig und frisch. Daß Franz Arnolo die nicht zu
1619 2569 2877 2614 daß Alexander Engel einmal ein Feuilleton schrieb, das
407 2597 1626 2655 unterschätzende Kunst beherrscht, ein wirklich lustiges Bühnenstück
1632 2603 1986 2677 diese Geschichte
2141 2599 2585 2685 ähnlich behandelte.
1971 2614 2123 2672 ganz
2570 2611 2872 2674 Aber das
395 2648 1626 2708 zu bauen, hat er schon ungezähltemale bewiesen. Mit untrüg¬
1625 2650 2868 2723 sind so kleine Zufälle, wie sie im reichen, vielfältigen
403 2692 1630 2772 licher Witterung für die Wirkung aufs Publikum ist auch diese
1630 2710 2872 2786 dramatischen Schaffen aller Zeiten immer wieder passieren.
408 2749 1309 2835 fröhlich verwickelte Possenaffäre konstruiert.
1626 2749 2869 2826 Man denke nur an die merkwürdige Tatsache, daß Tristan
511 2784 1626 2865 Es gibt da einen Erbprinzen Leopold Wilhelm, der, ohne
1631 2795 2870 2870 Bernard und Artur Schnitzler („Fink und Fliederbusch“) ein¬
402 2855 1639 2909 es zu wissen, die Tochter eines Generaldirektors Winkler heiratet.
1638 2835 2871 2917 mal zu gleicher Zeit fast das gleiche Stück schrieben, ohne daß
1640 2900 2864 2984 einer von der Arbeit des anderen auch nur die leifeste Ahnung
402 2907 1632 2966 Diese Heirat per procura vollzieht nämlich ein Hochstapler
409 2946 1774 3004 in der irrigen Annahme, der Prinz fei noch auf einer Reise in hatte.
1721 2965 2869 3059 Das alles ändert nichts an dem großen Lacherfolg, den
414 2997 1644 3059 Amerika. Der ist aber plötzlich in Europa angekommen und hört
402 3056 2869 3101 zu seiner größten Ueberraschung, daß er soeben der Gatte des Franz Arnold mit seiner unheimlich geschickt gebauten Schwank¬
403 3078 1914 3165 Fräuleins Annelore Winkler geworden ist. Winkler wollte sich posse erzielt.
1722 3113 2870 3210 Die sehr saubere und hübsche Aufführung wird in erster Linie
410 3136 1650 3217 mit dem hochherrschaftlichen Namen des prinzlichen Schwieger¬
1631 3181 2865 3258 von Hans Olden getragen. Sein Humor und seine parodistische
408 3192 1630 3275 sohnes sanieren. Nun beginnt ein toller Wirbel von gut
1639 3233 2854 3291 Laune kommen dieser heiteren Karnevalsangelegenheit sehr zu
410 3235 1626 3299 gesteigerten Schwanksituationen. Der Prinz schlüpft in die Livree
1635 3288 2875 3346 statten. Franz Schafheitlin, Otto Schmöle und besonders:
414 3291 1636 3365 seines Chauffeurs; die Gattin des Großindustriellen Claasen,
1633 3343 2870 3403 Walter Lantzsch schaffen humorige Figuren aus dieser wieder¬
412 3334 1640 3394 mit dem sich Winkler fusionieren will — Wiwag mit Clawag —,
417 3365 2872 3463 erweist sich als die ehemalig. Geliebte des Prinzen; im großen erstandenen, modernisierten Weit der Blumenthal und Kadelburg.
