3344 4384
2158 157 2274 194 —
1694 224 2147 318 box 33/2
215 210 1540 328 27. Eink-und Friederbuscn
119 1122 1222 1180 sinst das deutsche Volk Aammen d. Chrengerun.
1380 1108 1781 1187 #r neschur dase "
2149 1109 3044 1181 mn m#mr Kune 1hs ch
114 1158 650 1227 ewußter Kathflik und Süd¬
637 1161 3057 1226 Dr. Hösch erklärte in der Verhandlung, er habe sich nur schwer ent= Bäuerin, die mit 5 Kilo Butter von L. gegen R. fuhr. Während des
112 1194 3060 1252 er im Kern recht geben: vir schlossen, den Weg der Klage zu beschreiten, aber seit Jahren sei er Ausenthaltes in einer Zwischenstation erschien eine fliegende Kom¬
612 1308 1860 1373 ein fleißiger Theatergänger, an dem mancherlei Aufgelesenes hängen
1904 1316 3054 1370 Dim unförmig aufgeblähten Stück, das nur im ersten Akt mit
116 1308 394 1405 ismus.
638 1354 1854 1415 geblieben ist. Die alte Scheuerfrau und der alte Herr, die sich in der
1837 1348 3075 1424 seinem Aufgebot von lebendigen Typen eine gewisse Frische hat, legte.
638 1396 1843 1458 fahlen Morgendämmerung einer Redoute in mystisch=symbolischer
122 1383 571 1477 und Artur Schultzler.
1855 1411 3059 1455 Szteinrücks menschenknetende Regie etwas zu viel Bedeutung bei;
632 1443 1858 1497 Unterhaltung finden und dann immer wieder an den Wendungen
1837 1445 3067 1504 so wure es noch mehr gedehnt. Aber echt waren alle die Kerle, von
114 1455 649 1539 nen, die das gleiche Problon
631 1481 1854 1550 des Dramas sich gespenstisch einsiellen, wären ohne Strindberg Bruno
1844 1483 3067 1552 dem Ckf der Gegenwart (Herrn Höfer) bis zu den Redakteuren
118 1518 650 1581 gleicher Zeit auf Münchener
633 1522 1859 1596 Frank niemals eingefallen. Dramatisch ist das Schauspiel von der
1842 1537 3043 1588 und esremen Mitarbeitern: Stettner; Jacobi, Nadler,
120 1562 652 1624 fftstellerprovlem. In den
632 1570 1844 1634 Art seines Helden; es fehlt ihm die zwingende Besessenheit. Eine
1845 1574 3053 1640 Basil, Shwanneke, Waldau. Herr Janssen war als
134 1604 648 1665 einen Fall von Gefühlskälte,
634 1604 1846 1670 [hysikalische Erklärung ist ja der horror vacni, der Abscheu
1840 1622 3051 1683 Doppeloesen Fink und Fliederbusch wie einer, der vor der Phoio¬
154 1650 1853 1711 Fink und Flieders vor dem leeren Raum, längst nicht mehr, aber es ist ein gültiges
1834 1659 3053 1717 grapheninse nicht still hält und zwei verwischte Köpfe kriegt. Herrn
121 1693 1846 1773 ligenz, der Gesinnungs= undsdramatisches Gesetz. Das Theater duldet keine leeren Stellen;
1846 1711 3062 1769 [Graumanus gräflicher Abgeordneter war zwar mehr aus dem
135 1737 656 1792 sind auch die Feinheiten im
637 1745 1642 1802 Bruno Frank vermag Zeit und Raum nicht zu füllen.
1829 1748 3059 1806 preußischen Herrenhaus als dem Wiener Abgeordnetenhaus, weniger
141 1773 651 1833 d geschliffene Dialog und die
701 1791 1870 1860 Falkenberg hat das Franksche Schauspiel mit behutsamer
1844 1797 3053 1855 schnitzleisch als sudermännisch, aber gut pointiert. Der einzigen
128 1831 656 1897 emeinsam. Für Frank wird
645 1833 1831 1895 Hand, in einem Zwielicht stiller und doppelsinniger Vorgänge, ge¬
1845 1845 3060 1907 (überflissigen) Frau des Männerstücks verschaffte Frau v. Hagen
125 1872 643 1926 weltmännisch lächelnd eine,
2851 1880 3023 1942 K. E.
643 1859 1844 1940 leitet. Man spürte überall den Einfluß einer geschmacksicheren Regie;
1841 1880 2333 1954 einige Existenzberöchtigung.
123 1896 648 1982 er bejahten Skepfie, der (nach
638 1912 1857 1981 g. B. in der zarten Würde, mit der Hany Speidel die Mutter
124 1951 249 2017 ung“.
623 1956 1854 2039 begabte. Kalsers Wesen, scheint mir, ist nicht für den Fremden
136 1999 1847 2070 in ganzes Leben von Kata=geeignet; der gefühllos gütige, kalt zärtliche Eroberer und Höhen¬
2103 1991 2755 2095 Theater und Kunst.
150 2026 645 2105 dessen Regierungszeit mit
628 2045 1861 2107 mensch ist von anderer Rasse. Die persönlich schauspielerische Leistung
116 2061 644 2145 neg endigte, der in seiner
1900 2069 3050 2158 Tleater am Gärtnerplatz. Erstaufführung: Niobe (Der
624 2089 1854 2143 darf deshalb um so weniger verkannt werden. Emilie Herd¬
124 2129 645 2189 eil erfuhr, wurde gleichwohl
623 2136 1850 2206 smengers Frauengestalten brennen in beseelter dunkler Glut. Der
1840 2126 3059 2210 steinerne Gost). Operette in drei Akten von Oskar Blumen¬
129 2170 1851 2228 Welt bewunderte seine be= Anne=Marie Seidel schwindsüchtige Kordula ist ganz verschwen¬
1840 2177 2615 2257 thal. Musik von Oskar Straus.
123 2211 644 2275 aber erörterte ein Schweizer
632 2225 1851 2273 dende Liebe. Venekendorffs alter Herr und Hans Karl
1903 2209 3061 2304 Der Einjall, auf den die neue Operette sich gründet, ist
120 2253 641 2320 ologischen Fall von Gefühls¬
631 2260 1850 2320 Müllers korrekter Syndikus waren von einprägsamer Geschlossenheit.
1834 2262 3050 2337 glücklicherweise raich erzählt. Ein amerikonischer Versicherungs¬
139 2300 649 2360 rhöhnend entlarvenden Ko¬
701 2314 1833 2372 Schnitzlers Presse=Komödie ist offenbar vor dem
1844 2317 3059 2371 direktor bewahrt in einer Nische seines Hauses für einen Mit¬
123 2332 630 2407 twickelt das Problem in der
625 2347 1844 2410 Krieg entstanden und durch den Krieg grimmig widerlegt worden.
1842 2364 3058 2430 lionär eine kostbare Antike, eine Statue der Niobe auf; zu.
116 2386 644 2452 olf — der Fremde — ist ein
625 2399 1848 2449 Dieser demokratische Fliederbusch, der als fendaler Fink gegen sich
1839 2404 3051 2454 seinem Entsetzen wird die steinerne Heroine lebendig und stürzt
122 2428 637 2491 en zufliegen. Er hat das
634 2443 1850 2491 selbst polemisiert und sich schließlich in eigener Person zum Duell
1838 2438 3050 2503 ihn, der ihre Anwesenheit vor seinen Damen plausibel machen
127 2478 641 2532 et und bezaubert, vollbringi
636 2478 1852 2540 herausfordern muß, wirkt heute ebenso seicht harmlos, wie die vielen
1829 2492 3059 2550 (er erklärt sie als die erwartete Erzieherin), ihr Verschwinden
2935 2518 2990 2569 1.
174 2517 645 2578 Er gibt sich ganz einem
632 2533 1844 2588 witzigen Spöttereien über politische Gesinnungstüchtigkeit und die
1841 2535 3050 2590 als Statue vor ihrem Besitzer verbergen muß, in die sie#hte¬
120 2532 633 2627 n, daß sie von der Schwind¬
632 2571 1833 2633 weltmännischen Sophismen über die Berechtigung jeder Meinung
1831 2582 3058 2648 lichsten Situotionen, die endlich in der Alternative gipfeln;
114 2580 639 2669 ber — das beichtet er der
622 2614 1834 2675 und das Recht, ohne Uebereugung eine Sache zu vertreten und zu
1830 2628 3056 2693 Irrenhaus oder Gefängnis, Auf diesem Gipfelpunkt wacht
123 2643 1841 2713 sie ihn um Liebe aufleht — bekämpfen. Diese flott skizzierten Journaiistentyven mögen früher
1825 2669 3059 2722 der Aermste aus seinem Angsttraum — denn als solcher ent¬
124 2694 1850 2762 n nicht lieben, er fühlt für belustigt haben. Heute wissen wir, daß die Geschäftspresse gar nicht
1828 2713 3058 2764 puppt sich die ganze Geschichte — auf. Das Hübsche an dem
125 2735 1832 2802 handelte Künstlerpfychose, die durch die zufälligen Menschen, die sie machen, interessiert, sondern
1830 2755 3053 2809 alten Einfall ist, daß die antike Dame durchaus nicht auf ihren
125 2775 1832 2853 fort Motiv künstierischer Be=als furchtbare unpersönliche Macht die Welt verwüstet, ein apokalyp¬
1831 2794 3043 2852 Charakter verzichtet (ein paarmal fällt sie natürlich doch her¬
124 2814 3057 2861 en Variation! Nach Schnitz=tisches Ungeheuer, dem nur die fanatische Leidenschaft und die geistig=aus); das Schwache, daß er viel zu lange und ohne eigentliche
122 2861 3051 2951 Leben als Sport, da es ihm moralische Ueberlegenheit eines Karl Kraus gewachsen ist. Das ist  Kraft und Tollheit ausgesponnen wird, und daß die Musik
129 2893 632 2976 tsleute oder Narren — ein
620 2920 3059 2991 ein eingefrorenes Gelächter, das zur Unzeit aufgetaut ist, diese müde gar keinen natürlichen Anknüpfungspunkt findet. Es wird ein
620 2963 3051 3015 Schnitzlerische Dialektik der Stepfis; das sind verblaßte Bilder aus bißchen Kultur=Satire getrieben, so sanft, als man es vom
120 2985 3049 3068 und Empfinden schöpft, ge¬ einer behaglichen Biedermeierzeit, in der man sich an dem schrecklich blutigen Oskar — Gott hab ihn selig — nur verlangen kann.
133 3036 3052 3123 e Worte. Aber er ist auch vorurteilslosen Seelen=Nihilismus eitel triumphierend belustigter,1. Die Musik von Straus ist ungewöhnlich fein und anstän¬
731 3114 1464 3267 Scahte
1140 3270 1670 3429 e
