3344 4320
228 213 1528 295 27. Eink-und Friederbusch
309 429 1223 547 Zeitung: Karisruher Tagblatt
301 546 1110 644 Aaresse: Karlsruhe i. Bad.
299 658 532 732 Datum:
886 655 1277 779 20. M0v. 197,
544 717 1001 824 Wiener Araufführung.
459 799 1084 869 (Von unserem Korrespondenten.)
296 802 1263 942 Miur Schniblers nene Journalistensomödie.
358 870 448 913 ink
620 883 1242 956 jederbusch'drlebte im Deu:¬
299 879 1251 983 ch###mit großem „Erse ihre
290 938 1245 1027 Uraufführung.“ Der (nicht ganz neue) (Grundeinfall
344 979 1252 1059 jemand schrefbt unter verschiedenen Namen für
280 1008 1246 1091 zwei Blätker ntgegengesetzter Richtung, wird für
282 1045 1250 1133 die eine#Aeufferung von der anderen Redaktion zur
284 1079 1249 1169 Verantwortung gezogen und soll sich schließlich mit
269 1114 686 1176 sich selbst duellieren¬
716 1140 1242 1203 ist mit überlegenem Geist
272 1153 1237 1241 bis in seine letzten lustigen Konsequenzen gesteigert.
272 1194 1249 1269 Ein starker Gestalter ist Schnitzler auch hier, wie in
261 1228 1247 1313 vielen seiner Bühnenwerke kaum, die Kunst seiner
270 1261 1237 1344 Dialogführung aber, die Echtheit der Darstellung, die
277 1293 1233 1383 Fülle von geistvollen Details ist schlechthin unüber¬
268 1329 1231 1419 trefflich." Das Werk, das zu den besten gehört, was
259 1361 1239 1452 der Wiener Dichter geschaffen, verdient eine ein¬
263 1402 1216 1500 gehendere Betrachtung, die folgen soll. Dr. O. B.
693 1767 1103 1844 -. eule Gewan.
356 1860 1542 1919 Ausschnitt ausleumalofthe Roxal IInited Sei
871 1891 1020 1934 GAUEAW
762 1919 1438 1991 netftratiren ermrikem
525 1914 757 1989 20A00 19
357 1957 528 2006 vom:
497 2116 1179 2229 Die Bombe, Wien
502 2343 1489 2427 Artur Schnitzler kann alles, aber nicht alles
392 2431 645 2505 gleich gut.
500 2463 1481 2548 Ganz köstlich schildert er das Wiener Ring¬
391 2524 1488 2625 straßenlebejüngel, welches seine eigenen Gefühle
381 2587 1499 2655 mit dem Wiener Kaffechauswitz bespöttelt, sehr
391 2657 1495 2742 gut schildert er süße Wiener Mädel und ihre Ein¬
397 2708 1510 2788 tagsliebe, und beinahe gelingen ihm noch gewisse
395 2785 708 2865 Aristokraten.
513 2806 1511 2912 Aber ernste, soziale Probleme sollte er am
397 2891 977 2978 besten unberührt lassen.
520 2934 1518 3014 „Fink und Fliederbusch“ z. B., die Novität
390 2993 1517 3089 des Deutschen Volkstheaters behandelt die
405 3053 1510 3135 Frage des Journalismus und ist nur ein Witz¬
399 3121 1523 3202 feuerwerk ohne jeden dramatischen Zug, eine
402 3185 1180 3269 breitgetretene Kaffeehausanekdote.
522 3235 1514 3319 Auch für die Schauspieler fällt in diesem
411 3305 1511 3375 Puppenspiel Wienerischen Bummelwitzes wenig ab
412 3347 1510 3441 und so mühten sich die Herren Kramer, Edt¬
413 3406 1535 3499 hofer und Fofest sowie Frl. Waldow ver¬
419 3492 678 3568 gebens ab.
400 3574 1427 3686 Sehnitzler solle sieh eine lngere nume¬
308 3654 1429 3761 pause gönnen; sein Ruhm zwingt ihn zu allzu
310 3728 809 3807 starker-Produktivität.
1683 188 2120 287 box 33/1
1880 706 2742 817 Zeitung: Breslauer Zeitung
2231 775 2615 844 Morgen-Ausgabe
2778 824 2930 875 #4
1881 828 2387 927 Adresse: Breslau
2396 865 2823 981 20. A0V 1917
1890 959 2109 1038 Datum:
1916 1035 2808 1145 Werher Schrihtere Journaistentie
2029 1136 2676 1217 „Fink und Fliederbusch“.
1751 1202 3008 1261 Das neue Stück von Arkhlr SchnlFler die dreigttige Ko¬
1700 1262 3017 1312 mödie „Fink und Fliederbusch“*), ist im Wiener Deut¬
1705 1291 3017 1352 schen Bolkstheater zur Uraufführung gekommen, während
1701 1340 3007 1378 die bishershe Stätte der Erfolge des Autors das Hofburgtheater
1694 1374 3011 1415 wan Es kst uns nicht bekannt, ob die Hofbühne auf das Stück von
1702 1414 3020 1462 vornherein verzichtet oder ob Schnitzler es dort überhaupt nicht
1696 1456 3006 1512 eingereicht hat. Athur Schnitzler ist der vepräsentativste Dichter
1694 1501 3012 1549 Oesterreichs. Sein Rame verpflichtet. Ein neues Stück von
1697 1542 3010 1601 Arthur Schnitzler: da horcht die ganze literarische Welt mit be¬
1698 1577 3016 1618 rechtigter, froher Erwartung auf. Schon der letzte Roman des
1695 1612 3011 1677 Dichters, „Doktor Gräsler, Badearzt“, brachte eins Enttäuschung,
1707 1664 3011 1709 „Fink und Fliederbusch“ eine noch stärkere. „Fink und Flieder¬
1701 1704 3031 1744 busch“, das ist ein und dieselbe Person, ein junger, zwanzig¬
1691 1737 3006 1800 jähriger journalistischer Anfänger, der als „Fink“ in einem
1696 1785 3008 1837 Salen=Wochenblatt, welches Schnitzler selbst als „Revolverblätt¬
1693 1821 2996 1862 chen“ bezeichnet, für die Feudalen eintritt und als „Fliederbusch“
1706 1860 3013 1912 in dem großen liberalen Tagblatt Die Gegenwart dieselben und
1702 1900 3020 1949 die Ansichten Finks mit rücksichtsloser Schärfe bekämpft. Die
1695 1935 3004 1991 Sache kann auf die Dauer nicht weitergehen und führt zu Kom¬
1695 1985 3007 2025 plitationen, in deren Verlaufe Fink gezwungen wird, sich mit
1689 2025 3009 2086 Fliederbusch, also mit sich selbst, zu schlagen. Es kommt natürlich
1683 2058 3006 2118 auf, daß Fink und Fliederbusch der gleiche Verfasser ist, dies wird¬
1687 2103 3001 2150 als „Spaß“ betrachtet, und die beiden Chefredakteure reißen. sich
1692 2138 3007 2192 darum, die „begabte Kraft“ zu gewinnen, die sich aber schließlich
1692 2184 3006 2243 für den hochgeborenen Grafen Niederhof entscheidet, der ein
1696 2220 2489 2275 reaktionäres Parteiblatt gründen will.
1759 2251 3011 2309 Es ist also ein Journalistenstück, in dem Schnitzler die
1683 2300 3016 2365 Zeitungsleute mit gewissen Aristokraten in einen Topf wirst.
1689 2343 3011 2387 Seine „Journalisten“ sind ein gesinnungsloses, verächtliches Pack.
1687 2389 3009 2430 Der Autor verfällt in den Fehler, der Journalisten so oft zum
2908 2426 3014 2477 der
1687 2428 2910 2477 Vorwurf gemacht wird: der Oberflächlichkeit. Wie es in
1687 2462 3008 2513 Arbeitsstätte einer großen modernen Tageszeitung aussieht,
1683 2501 3001 2557 davon hat den Dichter herzlich wenig Abnung. Dagegen scheint
1687 2545 3003 2598 #er in das Getriebe des Revolverblättchens gründlichen Einblick
1689 2579 3009 2635 getan zu haben. Glaubt Schnitzler wirklich, daß eine große
1686 2625 3011 2668 politische Tageszeitung sich in eine Polemik mit einem solchen ein¬
1692 2663 3000 2704 lassen wird? Zudem lassen die Qualitäten des Stückes zu wün¬
1689 2703 3005 2761 schen übrig. Der erste Alt, der in der Redaktion der Gegenwart
1694 2747 3011 2793 spielt, hat lebendige Szenen. Dann arbeitet aber Schnitzler viel
1691 2789 3001 2830 mit Monologen, weitschweisigen politischen Dialogen, läßt ganze
1685 2820 2999 2876 Leitartikel nicht nur vorlesen, sondern auch sprechen. Das wirkt
1697 2862 3001 2921 langwellig. Die Vorgänge eines theaterfesten Stückes müssen sich
1697 2892 3013 2971 aus der Handlung selbst entwickeln. „Fink und Fliederbusch“ hat
1756 2977 2977 3058 *) Als Buch bei S. Fischer, Verlag, Berlin, erschienen.
1685 3018 1730 3112 1
1699 3112 3012 3165 nur eine einzige Frauenrolle, die den reklamesüchtigen, mit dem
1693 3132 3010 3207 berüchtigten Wochenblatt eng befreundeten Gräfin Wendolin, von
1695 3174 3009 3250 deren Liebesabentenern uns der Dichter viel erzählt. Schnitzler
1698 3234 3010 3273 und seine Freunde werden einwerfen, daß Journalisten, die über
1703 3259 3013 3316 jedermann zu Gericht sitzen, furchtbau empfindlich werden, wenn
1698 3311 3008 3348 man sie selbst einmal mit derber Hand anfaßt. Daß aber die
1694 3340 2540 3403 Marionetten, mit denen Schnitzler spielt,
2577 3349 3015 3411 denn seine Figuren
1709 3384 3018 3450 haben weder Fleisch noch Blut — Journalisten genannt werden
1710 3420 3000 3476 dürsen, dagegen muß sich jeder ehrliche Zeitungsmensch mit Ent¬
1710 3463 3010 3531 schiedenheit verwahren. Das Publikum, welches Schnitzler, und
1702 3517 3008 3558 mit Recht, liebt, bezeigte ihm gebührende Achtung. Nach dem
1703 3549 3010 3606 ersten Akt verflachte sich das Interesse immer mehr, und am
1701 3583 3008 3643 Schlusse mischte sich in den Beifall das Zischen der Ablehnung. In
1688 3639 3010 3675 [„Fink und Fliederbusch“ hat man das liebe, vertraute literarische
1691 3672 3011 3727 Antlitz von Arthur Schnitzler nicht wiedererkannt. Hoffentlich
1700 3708 2560 3757 findet er bald aus diesem Irrweg heraus.
2327 3760 2968 3829 =Ludwig Klinenberger.
