3392 4352
1731 191 2202 298 box 33/2
272 182 1605 312 27. Einkund Fliederbusch
2866 1277 2993 1361 K
639 1295 1571 1375 indische Verbände nach Ltafrig entsandt wolden.
2274 1321 3018 1394 chiwulu dus Feid behauptete“.
3147 1349 3328 1402 TA
714 1346 1909 1423 Ungefähr Anfang Juni ds. Is. setzte eine ungeheure, gegne¬
1937 1352 3096 1443 Infolge ihrer Ueberlegenheit und durch weitere Umfassung ge¬1
3123 1377 3364 1449 wendet sich
615 1388 2069 1479 R
2354 1423 2528 1491 W
2793 1433 3000 1498 W
1880 1472 3084 1544 spielt nur eine Episode. Um die Niederträchtigkeit seines jugendlichen
879 1456 1616 1558 Fink und Fliederbusch.
3110 1492 3259 1547 Gura
1866 1511 3087 1582 Helden uns vorzuführen, die nur ein perverser Geschmack komisch
3102 1531 3196 1584 verk
753 1523 1719 1622 Komödie in drei Alten von Arthur Schnitzler.
1873 1549 3080 1622 firden kann braucht der Verfasser lähmend viele Zeit. Der ganze
3098 1576 3156 1628 94
792 1588 1687 1658 Zumersten Male im K Residenztheater.
1872 1592 3085 1646 erste Akt also ein Drittel des Stückes, geht auf, um uns das Milien
1879 1629 3070 1699 einer Redaktion zu zeigen. Nun haben zwar Stücke, die uns in den
720 1622 1837 1705 „Fink und Fliederbusch“ ist der sehr poetische Titel für eine sehr
1874 1669 3078 1740 inneren Betricb eines Theaters blicken lassen, erfahrungsmäßig beim
624 1676 1850 1748 prosaische, ja schlechte Sache. Seitdem Gustao Freytag seine „Jour¬
1869 1705 3073 1769 Publikum ziemlich viel Glück. Das Innere einer Rodaktion äber ist
622 1707 1839 1777 nalisten“ geschrieben, ist es ziemlich lange her, und wiederholt schon
3088 1732 3138 1774 4
1866 1746 3076 1820 von vornherein für jeden Dritten viel langweiliger urd uninter¬
624 1745 1851 1821 der Wunsch nach einem neueren, moderneren Journalistenstück aus¬
1857 1783 3076 1856 essanter, als uns der Verfasser glauben machen will; denn es besteht
627 1808 1834 1860 gesprochen worden, denn seithee hat sich der deutsche Journalismus
1869 1819 3079 1890 meist aus stiller Arbeit, die so garnichts theatralisch Wirksames an
628 1843 1841 1908 in einer Weise ausgestaltet, wie man es zu Zeiten Gustav Freytags
3094 1845 3282 1904 nicht viel
1865 1861 3076 1927 sich hat, während sie nach Schnitzler aus fortwährenden Explosionen
632 1869 1836 1951 nicht erwarten k#mte. Wenn aber Arthur Schnitzler mit seinem.
1857 1900 3073 1967 bestünde. Dazu kommt noch, daß man das Doppelspiel dieser iungen,
619 1900 1836 1979 Stücke recht hat, dann müßte die deutsche und insbesondere die öster¬
1869 1940 3076 2007 übelriechenden Journalistenblüte bald durchschaut, da Fink=Flieder¬
630 1946 1843 2006 reichische Presse — denn das Stück spielt in Oesterreich — in Scham
1857 1960 3080 2048 busch ja fortwährend davon spricht und sich in seiner Genialität selbst
630 1987 1834 2054 ihr Haupt verhüllen, denn in der ganzen Schnitzlerschen Komidie
1860 2015 3086 2087 bespiegelt. Gewiß iagt Schnitzler mauch treffendes die Schattenseiten
624 2025 1841 2099 tritt auch nicht ein anstärdiger Jourualist auf. Die Hardlung ist
1855 2044 3075 2125 des politischen, künstlerischen und journalistischen Lebens satirisch be¬
621 2059 1835 2129 an dieser Stelle bereits erzählt werden, als der Wiener Referent der
1850 2090 3067 2162 leuchtendes Wort, aber das reicht doch nicht aus, um ein fast drei¬
3099 2093 3242 2154 sinn die
627 2105 1840 2171 Bayer. Staatszeitung“ über die Uraufführung am Wiener Deutschen
1850 2128 3079 2196 stündiges Stück anziehend zu machen, das noch dazu im ersten Teile
3091 2134 3240 2200 einzelne
624 2124 1844 2212 Volistheater im vorigen Monat berichtete. Fink und Fliederbusch
1862 2166 3069 2233 des letzten Aktes alles mögliche zur Hinausziehung der Lösung tut.
617 2176 1844 2251 sind zwei Psendouhme eines jungen Journalisten, der unter dem
1864 2209 3071 2280 Es ist schon garnicht zu begreifen, wie man gerede jetzt ein solches
3086 2092 3201 2280 11
622 2211 1842 2290 einen Namen in einer Zeitung das bekämpft, was er selbst unter
1851 2241 3064 2322 Stück schreiben kann, denn ich irre mich wohl nicht, wenn ich an¬
3087 2249 3194 2307 ist an
617 2254 1827 2323 dem anderen Namen in einer Wochenschrift geschrieben hat. Nach
1853 2266 3064 2348 nehme, daß Schnitzlers Komödie in dieser Kriegszeit entstanden ist,
3091 2293 3178 2356 wiss
606 2290 1833 2367 bürgerlichen wie auch nach allen ehrenhaften journalistischen An¬
1853 2324 3056 2389 Schnitzler gehört ja zu jenen wenigen heutigen Theaterschriftstellern,
616 2339 1829 2403 schauungen ist dieser Narlamentsberichterstatter Fliederbusch also ein
1844 2364 3061 2435 die, wenn sie ein Stück fertig haben, nicht lange auf die Aufführung
3093 2338 3175 2424 ihr
612 2374 1838 2442 schlechter Kerl. Der Eindruck wind nur dadurch gemildert, daß seine
1859 2400 3056 2471 zu warten brauchen. So viel ich sehen kann, hat „Fink und Flieder¬
3092 2410 3169 2461 sitze
609 2410 1842 2484 Ehrlosigkeit und besonders sein Raffinement bei seiner Jugend und
1847 2434 3067 2511 busch“ sowohl in Wien wie vorgestern in Berlin neben einigem
610 2454 1833 2518 bei seinem Anfängertum reichlich unwahrscheinlich sind. Der an¬
1851 2477 3055 2536 Veifail auch vielen Widerspruch erfahren. Auch der Beifall der
617 2487 1834 2540 gebliche Witz des Stückes besteht nun darin. daß Fink gezuungen
1853 2512 3064 2595 Münchener Aufführung schien mehr der Darstellung als dem Stücke
3083 2530 3172 2578 führ
615 2522 1831 2586 wird, sich mit seinem Gegner Fliederbusch zu schlagen. Zum Schlusse
1855 2555 3059 2641 selbst zu geiten, wenn auch einzelne gute Einfälle des Verjassers
3082 2565 3161 2611 The
617 2567 1821 2631 stellt sich bei dem unter schweren Behingungen vereinbarten Duell
1853 2583 2262 2659 gern belacht wurden.
611 2604 1831 2674 natürlich beraus, daß Fink und Flicherbusch ein und dieselbe Person
1917 2627 3063 2711 Unter der Regie des Herrn Steinrück, der — fast ein Kurio¬
3074 2641 3152 2694 un
614 2637 1824 2711 sind. Anfanas über solche kaum dagewesene Frechheit starr, fangen
1847 2667 3053 2734 sum für sich — diesmal nicht einmal selbst mitsvielte, war nahezu
3076 2682 3165 2729 auth
612 2681 1835 2743 die Chefredakteure der beiden feindlichen Blätter sofort auf dem
1849 2703 3053 2782 das ganze Herrenpersonal beschäftigt. Die verschiedenen Redakteure
3079 2710 3173 2772 ziem
608 2721 1828 2770 Duellplatze noch an, sich gegenseitig zu überbieten, um diesen ge¬
3002 2759 3056 2816 7
1838 2747 3029 2821 und Mitarbeiter der demokratischen Tageszeitung „Die Gegenwartt“
3084 2759 3175 2807 müss
612 2760 1829 2830 rissenen Jungen je für ihr Blatt zu gewinnen. Sie gehen eber
1848 2784 3058 2846 unter ihrem Chef Herrn Höfer hießen Stettner. Jacobi,
3074 2797 3174 2846 sonen
604 2797 1826 2864 beide leer aus, denn Fink=Fliederbusch verkauft sich einem Dritten,
1842 2827 3062 2897 Nadler, Basil, dessen kleine Rolle in der gestrigen ersten Wieder¬
3068 2834 3179 2893 komn
613 2839 1829 2915 einem gräflichen Abgeochneten, der ein drittes, neues Blatt gründen
1850 2863 3059 2935 holung, der ich anwohnte, Herr Trautsch übernommen hatte. Die
599 2873 748 2936 will.
3075 2872 3179 2924 gebor
1834 2902 3051 2959 Doppelrolle des Fliederbusch spielte Herr Janssen gewandt und
3068 2915 3184 2963 licht
691 2914 1814 2982 Wenn das neue Stück einen Vorzug vor den früheren und be¬
1838 2925 3055 3012 elegant. Wenn man diesem unrahrscheinlich miserahlen Subjekt
3074 2948 3185 3000 beme
610 2947 1818 3024 rühmteren dessellten Verfassers voraus hat, so ist es nur der, daß
1842 2979 3053 3048 irgerd eine Sympathie zubilligen konnte, so ist es das Verdienst dieses
3076 2986 3178 3039 allme
601 2997 1818 3068 es nicht Sernalprebleme behandelt, wie wir es bei Schnitzler seit
1840 3017 3056 3086 Darstellers. Herr Schanneke war in einer Reporterrolle, die
3069 3033 3199 3078 wiesen
612 3036 1819 3108 seiner „Liebelei“ gsspohnt sind, welche das Prototyp für die meisten
1832 3050 3052 3129 dem berühmten Schmock Gustav Freytags stark nachempfunden ist,
3072 3062 3198 3133 Farbe
604 3067 1811 3132 seiner späteren Stücke geworden ist. Von Liebe ist überhaupt in
1837 3077 3057 3162 ohne sie aber je zu erreichen sehr drollig. Die Redukteure des kon¬
601 3113 1822 3189 dem ganzen Stück keine Rete: es ist ein einseitiges Männersück,
1845 3127 3056 3211 servativen Wochenblattes „Die elegante Welt“ wurden unter der
3145 3149 3204 3205 tem
607 3158 3214 3261 und die einzige Frau darin, die Fürstin Priska Wendolin=Ratzelurg, 1 Führung des Herrn Lützenkirchen von den Herren Alten, 1 Sidney
2329 3235 3085 3443 Do Gech
3218 3197 3313 3265 Lee
3326 3196 3382 3262 I97
