3344 4320
233 194 2122 281 27. Einkund Fliederbusch box 33/1
669 1075 1717 1134 on zwingender Noblesse und Haltung, aber auch er
678 1120 1680 1163 äßt zu wenig von dem innerlichen Hochmut des ge
670 1152 1712 1212 cheiten Aristokraten spüren, für den alle leidenschaft¬
667 1195 1718 1261 ichen Kräfte des Lebens nur auf Einbildungen be¬
677 1235 1733 1284 uhen und der das Sportliche auf die Politik!
668 1279 1716 1330 benso wie auf alle Daseinsbetätigung anwendet; er
680 1312 1722 1377 st mehr ein Graf Trast in einem Drama „Ueber¬
885 1368 1710 1422 Vortrefflich Herr Thaller als der in
673 1363 880 1426 zengung“.
678 1403 1711 1459 vurnalistischer Anonymität untergegangene Offizier,
663 1443 1716 1481 ortrefflich Herr Forest als Kajetan — eine pracht¬
672 1472 1733 1542 volle Meisterkarikatur, lästig, schnurrend, hastig alles
664 1525 1726 1581 igentliche versäumend; Herr Fürth als Sportblatt¬
662 1573 1718 1616 redakteur und Herr Homma als oportunistischer
1708 1602 1775 1647 D
670 1613 1704 1664 Feuilletonist. Die Herren Klitsch, Kutschera,
663 1648 1087 1707 Ranzenhofer,
1079 1649 1717 1709 Götz und Aslan. Warum
673 1691 1719 1749 für die kleine Rolle einer eleganten, liebenswürdigen,
670 1737 1707 1780 noch immer schönen Wiener Fürstin Fräulein Wal¬
671 1772 1717 1837 dow, diese scharfe, spitzige, sehr sichere und gar nicht
673 1805 1743 1886 elegante Parodistin gewählt wurde, ist nicht leicht zu
660 1853 876 1928 erklären.
841 1879 1715 1957 Monomane oder Sportsman. „Fink und
668 1913 1719 1991 Fliederbusch“ ist in seiner verwegenen Beurtur, feiner
669 1979 1695 2028 kecken Heiterkeit die mit allen „Grundsätzen“ des
666 2011 1703 2070 Lebens ironisch Fangball spielt, in seiner oft aeflissent¬
673 2055 1705 2116 lich die Grenzen des Lustspielhaften überfliegenden
672 2105 1707 2156 Freude an Ornament und Groteske beinahe auch eine
675 2143 1705 2197 Sportleistung. Aber wenn Arthur Schnitzler wieder¬
675 2186 1707 2237 kommt, wird er uns als „Monomane“ lieber sein.
671 2222 1703 2276 Als Monomane seiner wunderschönen Menschlichkeit,
673 2267 1719 2308 seiner lebenspendenden, atmende Geschöpfe bildenden
671 2306 1714 2361 Dichterkraft, seiner überlegenen Geistigkeit; und vor
672 2340 1728 2401 allem seiner Güte, von der man in der merkwürdig
669 2382 1733 2452 bitteren Fröhlichkeit dieses Spiels kaum einen Hauch!
679 2427 841 2493 spürt.
1327 2428 1724 2501 Richard Specht.
811 2501 1725 2575 e Vereinigung der Düsseldorfer und
667 2549 1721 2608 Duisburger Stadttheater. Man schreibt uns aus
677 2599 1017 2657 Düsseldorf:
1130 2593 1728 2658 Stadttheater von Duisburg
668 2636 1726 2699 und Düsseldorf sind miteinander zu einem Betriebe
669 2676 1687 2730 vereinigt. Da gegenwärtig die Verlängerung de
672 2725 1474 2773 Vertrages mit dem jetzigen Theaterleit
675 2751 1469 2809 Zimmermann, zur Erörterung stan
666 2800 1473 2852 die Stadtverordneten, eine gewisse Trenni
682 2847 1484 2895 Schauspiel und Oper in der Art vorzun
673 2877 1517 2946 künftig der Schwerpunkt des Schauspiels n
674 2918 1540 2979 burg verlegt werden soll. In dem Duisbn
668 2969 1561 3028 erbauten Theater steht den Schauspielern ei
665 3012 1565 3063 Probebühne zur Verfügung, während die
671 3050 1724 3095 des Schauspiels in Düsseldorf durch die Oper stark
668 3082 1724 3135 behindert sind. Es wäre zu wünschen, daß diese Re¬
678 3131 1683 3178 gelung im Laufe ihrer Entwicklung dazu führte, das
674 3155 1722 3222 überhaupt eine Scheidung zwischen den Stadttheatern
2229 3179 2742 3263 —.—.—
677 3197 1977 3257 von Düsseldorf und Duisburg erfolgt, daß das bis¬ „
672 3217 2760 3291 herige Düsseldorfer Stadttheater nur noch Operi sene harmlosen Neckereien. Musik und Tanz um¬
676 3296 2759 3339 bleiht und daß das Düsseldorfer Schauspielhaus von schweben als freundliche Amoretten den willigen
674 3298 2768 3381 Luise Dumont und Gustav Lindemann die Hörer. Der Kritiker soll diese reizende Joylle nicht
677 3382 2765 3428 finanzielle Unterstützung erhält, die bisher das knarrend stören, es genügt ein fröhliches Augurn¬
1597 3394 2766 3461 der zwinkern, wenn Norina=Jvogün aus Don Pas¬
672 3414 1460 3470 Schauspiel des Stadttheaters genießt.
672 3431 2755 3490 Oper tritt insofern eine Aenderung ein, als der bis= quale von Donizetti singt: „Ich kenne schon die
1445 3467 2812 3553 , ein fein= Schlingen, ins Netz sie einsubringen, sie fühlen dann
673 3487 1362 3552 herige erste Kapellmeister Fröh
1722 3523 2743 3587 so Lust als Schmerz, nein!)! mir entgeht kein Herz.“
680 3534 1707 3593 sinniger Musiker, selbständiger Leiter der Oper wird.
1824 3560 2837 3617 lie Beda Duttlinger ist eine tüchtige —
1718 3599 2766 3671 Geigerin mit großem Ton, solidem Musikempfinden
1728 3642 2752 3710 und Sinn für äußere Kontraste Rhythmische Frei¬
1006 3654 1406 3732 Theaterkalender.
1710 3670 2838 3767 heit ist noch anzustreben, die Klarheit des empfin= 10
733 3693 1720 3752 Königl. Bühnen. Eingetretener technischer Hinder¬
1725 3720 2751 3779 dungswarmen Spiels durch Ausmerzen von Neben¬
675 3749 1715 3792 isse wegen ist eine Verschiebung einzelner Vorstellungen
1713 3766 2758 3826 geräuschen beim Ansatz noch zu verbessern. Technik
679 3779 1727 3838 der laufenden Woche notwendig geworden. Der Spielplan
2735 3795 2801 3853 150
1716 3796 2612 3879 und Intonation sind gut, die Grundlagen
680 3822 1712 3865 lautet nunmehr: im Overnhaus am Donnerstag, den
1722 3855 2829 3929 deihliche Weiterentwicklung gegeben. Am Klavier1
683 3858 1720 3920 22., „Fidelio“, am Freitag, den 23., Neueinstudierung
685 3894 1720 3963 der „Jüdin“, am Sonnabend, den 24., „Rappel¬
1725 3879 2315 3957 Meisterbegleiter W. Scholz.
671 3928 801 3981 kop
812 3934 1716 3982 und im Schauspielhause am Donnerstag,
1773 3907 2765 3992 Der Männerchor des Beethoben=Quartetts
683 3974 1710 4009 den 22., „Die Räuber“ und am Freitag, den 23., „Die
1714 3955 2743 4015 pflegt in keinem diesjährigen Konzert mit gutem Er¬
682 4002 1709 4045 Journalisten“. Die im Vorverkauf bereits verkauften
1712 4004 2817 4074 folg den Kammerstil und belebt das Interesse durch g
690 4030 1725 4084 Eintrittskarten behalten ihre Gültigkeit für dieienigen
1715 4050 2833 4109 ausschließliche Aufführung von Choren lebender!8.
679 4065 1724 4124 Werle (nicht Abende), zu welchen sie gekauft sind.
686 4085 2748 4161 Die Karten werden auch an der betreffenden Theaterkaffe Berliner Tonsetzer: Fr. E. Koch, Robert Kahn,
684 4119 2856 4197 zum Kassenpreise zuzüglich des amtlichen Aufgelbes zu- Karl Kämpf, Otto Taubmann, Georg Schu=192
2346 4161 2499 4228 hurnieiit
