3392 4320
551 55 1626 161 .
398 133 1630 198 Standpunkt ein wenig fraglich. Es gilt von ihnen,
396 184 1626 260 was ein Kunstkritiker unlängst über die Ausstellung
394 230 1620 299 der Marinebilder gesagt hat: Die allzugroße Gegen¬
400 279 1614 340 ständlichkeit verschiebt die Grundsätze, nach der die
389 339 1617 415 Wertung solcher Bilder erfolgt und der das Hand¬
391 374 1608 450 werkzeug beherrschende Fachmann wird in der Er¬
393 434 1621 523 fassung des Details weit Besseres leisten, als der
387 486 911 548 unbefangene Künstler.
511 528 1612 626 Schnitzler hat von vornherein keine klare
388 586 1612 683 Position bezogen. Zu wenig Zeitungsfachmann, um
382 658 1618 733 aus den Einzelheiten des Berufslebens allein seine
375 702 1612 781 Komödie aufbauen zu können, mußte er sich ent¬
372 741 1602 845 schließen, seine Handlung durch eine Idee zu stützen.
378 798 1610 884 Der Anfang ließ etwas anderes vermuten, als tat¬
384 852 1606 925 sächlich geschieht. Naheliegend wäre, es gewesen, als
385 903 1612 988 Person des Dramas den Beruf des Journalisten
371 948 1603 1041 selbst auf die Bühne zu stellen, zu zeigen, welche
378 1016 1605 1082 Veränderungen dieser mit seinen Dienern vornimmt.
376 1073 1606 1144 Das Hasten von einer Minute zur andern, das
375 1113 1598 1191 Bewußtsein, nie Ewigkeitswerte zu s chaffen, das
367 1155 1606 1258 Sich=verlieren in Fragen des Tages, die innere
361 1214 1594 1288 Unfreiheit, die sich aus dem Allen ergibt, der ver¬
372 1272 1588 1344 änderte Maßstab, den man sodann den Dingen jen¬
372 1314 1596 1397 seits des Rotationspapieres beilegt, dies Alles wären
371 1383 1594 1446 sehr naheliegende Fragen gewesen: der Kampf gegen
355 1444 1605 1509 das eigene Ich, daß man im Dienste des Kleingelds
356 1478 1586 1564 der Literatur nicht auch seine Ueberzeugung in Klein¬
358 1529 745 1596 geld umwechsle
983 1549 1589 1617 doch halt! Kritikers ind
359 1583 1596 1664 selten gute Dichter und so wollen wir denn hier in
354 1636 1588 1714 der Ausmalung der vorhandenen Möglichkeiten ab¬
866 1701 1313 1737 ——
346 1763 1600 1878 brechen und nur feststellen, daß Schnitzler keine von
355 1841 788 1917 ihnen benützt hat.
477 1898 1579 1980 Was er bietet haben wir, was die Problem¬
353 1955 1579 2019 stellung anlangt schon in der „Causa Kaiser“ und was
357 2017 1587 2090 ihre Durchführung anlangt schon in Raimunds
371 2071 1581 2135 „Alpenkönig und Menschenfeind“ gesehen. Nur war
348 2110 1580 2192 Raimund vorsichtiger als Schnitzler. Er schloß vorher
346 2169 1587 2245 einen Bund mit der Geisterwelt und konnte daher
350 2215 1439 2293 am Schluß diese zur Beseitigung des alter
1435 2238 1570 2297 ego
351 2271 1583 2333 heranziehen. Schnitzler vermag die Frage: wie liefere
342 2330 1580 2393 ich mir selbst ein Pistolenduell? mit irdischen Mitteln
348 2383 1584 2439 nicht zu lösen. Wir halten es als dramatisch nicht
346 2425 1572 2507 sehr richtig, einen Knoten zu schürzen, von dem man
342 2487 1578 2545 im Vorhinein weiß, daß man ihn nicht wird lösen
353 2543 1563 2607 können. Fliederbusch und Fink sind zwei Leben in
348 2599 1562 2656 einer Person. Eines davon mußte verschwinden
348 2630 1570 2701 und keinem war die Möglichkeit dazu gegeben. Das
353 2692 1178 2762 ist ein schwerer Fehler im Aufbau.
462 2745 1570 2804 Schnitzler wollte einerseits die Relativität poli¬
346 2796 1566 2854 tischer Ueberzeugungen, anderseits aber einen an
355 2844 1561 2910 sich wirkenden Schwank schreiben. Das sind unver¬
353 2907 1568 2969 einbare Dinge und so zeigt denn auch das neue Werk
354 2955 1556 3019 des Dichters keinen einheitlichen Stil und kann sich
359 3005 1563 3057 an literarischem Wert keineswegs mit früheren
351 3058 1571 3133 Bühnenwerken des Autors messen. Und dennoch! Ein
355 3110 1561 3182 so glänzender Beherrscher der Feder, wie Schnitzler
345 3160 1561 3232 es ist, läßt sich nicht so schnell besiegen, auch nicht durch
345 3213 1561 3284 sein eigenes Thema. Form und Inhalt fast sprengend,
356 3271 1566 3322 jagt ein köstlicher Einfall den andern und wir müssen
355 3322 1571 3386 herzlich lachen und die Virtuosität des Dialogs dort
353 3384 1567 3443 rückhaltslos bewundern, wo wir im Uebrigen fühl
349 3423 1562 3486 bleiben. Auch die Gestalten, die auf die Bühne
347 3483 1562 3543 gebracht werden, sind nicht ehen neu. aber im Ein¬
350 3537 1566 3592 zelnen prächtig dem Leben abgelauscht. Uns steht es
350 3583 1563 3648 aber wohl kaum zu. mit Professorengründlichkeit, den
347 3637 1564 3699 Rotstift in der Hand lediglich die Fehler anzustreichen.
348 3685 1558 3742 Gelang es dem Antor über sie hinweg zu siegen. so
346 3731 1546 3797 muß ihm dies nur umso höber angerechnet werden.
343 3793 1553 3847 Er schlug die Schlacht fast mit den gesamten Kräften
342 3831 1556 3905 des Volkstheaters und einen hervorheben, hieße den
338 3892 1554 3960 andern Unrecht tun, denn es wurde durchwegs Treff¬
336 3942 1556 4015 liches geleistet. Das Publikum war besondens nach
1282 3990 1466 4071 D. M
338 3996 1159 4072 dem zweiten Aufzug beifallfreudig.
2344 1237 2603 1334 HNOUIR
2074 1408 2866 1524 Senn- u. Miontags Zeitung, Wian
2926 1572 3341 1645 logischen Reiz gewi
2088 1555 2628 1676 Feuilleton.
2921 1617 3332 1689 hat mit der Zweisee
2915 1670 3341 1738 sinnung, mit Nacken
1956 1679 2726 1793 Deutsches Volkstheater.
2913 1712 3323 1787 Dinge alle heißen,
2916 1758 3307 1831 Art, zu reagieren,
1823 1747 2864 1848 „Fink und Fliederbusch“ von Artur Schnitzler.
2911 1812 3340 1885 stimmend und gleich
1871 1829 2906 1900 Im Verlaufe der Handlung sagt der Held einmal:
2916 1859 3333 1930 Angriff oppositionell
1773 1898 2906 1965 „Eigentlich eine klägliche Sache, das Ganze.“ Das ist
2918 1907 3333 1974 liche und die Reaktie
1767 1940 2898 2001 nuch der erste Eindruck, den man bekommt, aber man
2911 1954 3340 2035 gend und unbewußt
1769 1990 2893 2064 wird doch nachdenklich, wenn man sich des Autors er¬
2908 2004 3329 2082 kritischen Intellekts, vi
1763 2040 2892 2111 innert. Vor allem ist in der technischen Aufmachung
2904 2050 3345 2139 sprache. Diese Thes
1757 2084 2904 2166 mauches, was in einem krassen Mißverhältnis zum
2905 2101 3329 2170 vertreten will, und
1757 2132 2898 2199 Rontinier Schnitzler steht. Es muß ganz ausgeschlossen
2897 2155 3342 2219 herauszukristallisteren
1768 2181 2885 2264 sein, daß es dem bekannten und beliebten Wiener Dichter
2910 2191 3344 2272 doppelt reaktionsfühl
1758 2230 2901 2306 ploß um einen öden, nichtssagenden Schwank zu tun ge¬
2900 2243 3337 2323 Fliederbusch in einer
1758 2276 2886 2376 wesen sein sollte, um die Vermehrung seiner Stücke zwecks
2901 2292 3081 2359 sichtlich
3083 2296 3325 2366 — links lie
1765 2319 2468 2399 Ausnützung der Theaterkonjunktur.
2905 2343 3341 2430 mechanistische Erklärn
1873 2355 2881 2450 Die Komödie ist auch zweifellos wesentlich mehr;
2907 2391 3275 2459 werden könnte;
1763 2417 2882 2503 es ist eine beinahe blutige Auseinandersetzung des Ver¬
2897 2437 3270 2513 die Fliederbusch
1755 2473 2890 2547 fassers mit dem Wesen des Journallsmus, eine psycho¬
2894 2484 3331 2569 rechts zu schreiben,
1750 2526 2887 2597 sogische Studie von selisamer Art und ganz erstaunlichen
2903 2540 3312 2609 seinem Drang, der g
1755 2564 2881 2639 Ergebnissen. Man wird freilich die Frage aufwerfen
2900 2584 3331 2655 nach Karriere und G
1755 2613 2894 2689 bürien, ob ein Theaterstück die richtige Form für die
2889 2637 3314 2706 steckt auch keinerlei
1763 2654 2884 2748 Uintersuchung, und ob die Bühne das entsprechende Forum
2901 2679 3330 2758 ethische Hemmung; d
1754 2707 2880 2776 für den Vortrag sozialwissenschaftlicher Thesen ist; man
2903 2733 3322 2799 stellen, die man dem
1749 2760 2878 2845 darf auch Zweifel darüber aussprechen, ob die angestellte
2887 2788 3333 2846 macht, die aber bei nä
1748 2795 2880 2896 Durchleuchtung einwandfrei, ohne gehässige Voreingenommen¬
2895 2834 3338 2899 am Platze sind, offenb
1745 2845 2881 2933 heit geführt, und ob das Resultat ausreichend sundiert ist.
2884 2877 3341 2960 wertigkeit des eingesü
1745 2900 2880 2985 Aber das alles kommt erst in zweiter Linie in Betracht,
2889 2923 3347 2995 sich selbst sagt, ist —
1746 2952 2881 3027 und des beweist nur außerordentlichen Mut und großes.
2894 2971 3344 3043 stupid und ganz fern
1751 2999 2882 3079 Seibstbewußisein des Dichters Schnitzler, daß er mit so
2892 3019 3333 3092 Ganz vorzüglich ist
1739 3036 2880 3133 tühnem Griff ein Wespennest in Aufruhr gebracht hat,
2888 3070 3345 3138 Talente braucht oder
1743 3100 2881 3177 dessen Bewohner sehr wohl in der Laze und, wie man
2885 3119 3339 3188 braucht, und insbeson
1746 3148 2871 3222 gesehen hat auch sofort gerne bereit waren, sich durch
2883 3166 3326 3233 grundtiefe Salire, das
1728 3196 2271 3268 bestigste Stiche zu rächen.
2889 3222 3340 3290 hören glaubt, die auf
1857 3224 2876 3320 Doch möchte man sofort fragen: Wozu der Lärm?
2998 3260 3340 3338 Die Vorzüge d
1732 3290 2869 3352 Wa# stelt den Herren zu Diensten? Schnitzler behauptet,
2878 3287 3333 3379 Mängel; deshalb kon
1727 3342 2876 3417 haß ner der der richtige, der geborene, der gesuchte
2876 3357 3291 3424 sames Bühnenweik
1738 3387 3351 3493 Sonenalest ist, der befähigt erscheint, auf jeden psycho=] Menschliche ist ihm s#
2977 4045 3126 4156 u
