3436 4320
274 180 2210 295 27. Eink und Fliederbusch box 33/3
983 933 2328 1017 der „fackel' macht der niederreißende Kiraus die Schalek Schalek leben¬
977 1000 2339 1047 diger als auf hundertsechsundfünfzig Seiten der schaffende Schnitzler
974 1045 2338 1127 ihre kiollegenschaft. Er braucht unsre Hilfe. Der atemlos galoppierende
984 1097 2344 1166 Interjnif kiajetan, der seine Beziehung zur Dresse benutzt, um den
991 1151 2343 1208 Bühnen seine Kamschware anzudrehen, dieser spuckende „fapresto des
992 1185 2335 1269 Literaturgeschäfts, ein Allumfasser, der sich Zeilenhonorar und Tan¬
982 1232 2344 1308 tiemen gleich leicht erschmiert: der wird uns nur deshalb ein bißchen
980 1290 2335 1353 greifbarer, weil wir wissen, daß Rudolf Lothar gemeint ist. Und damit
999 1344 2335 1412 fink und Fliederbusch seine Bleichsüchtigkeit verliere, führe ich ihm das
988 1396 2338 1451 Blut des begabten Journalisten zu, der vor dem lirieg eine demokratische
993 1436 2341 1501 und eine alldeutsche Wochenzeitung versorgte, und dem zehn Jahre Heit
983 1486 2341 1558 vergönnt wurden, fern von Berlin darüber nachzudenken, warum das
993 1533 2333 1615 schlimmer ist, als was manche unsrer Musikkritiker unangefochten treiben.
1081 1596 2343 1650 Schnitzler findets nicht schlimmer, ja, überhaupt nicht schlimm. Er
991 1652 2344 1704 stellt die Pilatus-frage und antwortet: Alles ist wahr — aber das
982 1678 2337 1742 Gegenteil ist auch immer wahr. Was ist Gesinnung, was Ueberzeugung
980 1730 2338 1794 Ists nicht Beschränktheit, auf einer einzigen zu kleben? Sieht man nicht
991 1769 2351 1845 heute die Dinge anders als gestern, und hat nicht jedes Ding hundert
985 1839 2318 1897 Seiten? „In mir geht ein halbes Dutzend Sergiusse ein und aus —
994 1873 2337 1946 welcher von diesen sechsen mag der richtige sein?“ darüber grübelt der
981 1933 2343 1989 Offizier Sergins in den „Belden“ von Shaw, dem der skeptische Schnitzler
987 1970 2345 2047 hier so nahe kommt, wie die kiluft zwischen ihnen irgend gestattet. Shaw
1000 2024 2338 2090 ist nämlich imstande, seine „figuren fortwährend um ihre Achsen zu
984 2069 2355 2135 drehen und in allen ihren „farben schillern zu lassen, während Schnitzler
992 2124 2337 2186 gezwungen ist, seine Auffassung, daß das Weltbild genau so von den Seh¬
994 2167 2341 2230 mängeln wie von den Sehkräften des Betrachters bestimmt wird, daß eine
987 2213 2340 2295 Wahrheit die Spitze von Lügenppramiden und die höchste Tharakterfestig¬
985 2252 2340 2324 keit im Grunde die höchste Tharakterlosigkeit ist — Schnitzler also muß
990 2307 2345 2372 diese seine Auffassung teils einem Grafen für ein viel zu gescheites
994 2361 2337 2449 feuilleton, teils seinem Doppelbelden für ein paar Monologe unter¬
992 2406 2340 2483 schieben. Dabei erfolgt ein Dreh: der Majoratsherr übertrifft an Zynis¬
994 2455 2352 2516 mus bei weitem den Zeilenschinder; und wenns nicht zu spät wäre, könnte
997 2499 2347 2561 ein neues Stück beginnen, das den Gegensatz von Sportsmann und Mo¬
997 2540 2361 2612 nomane als zwei Typen der Menschheit zum Inhalt hätte. Bis dahin
991 2591 2343 2656 wird auf Wienerisch aus der Schule geplauscht. Alles in allem so harm¬
1003 2645 2358 2705 los, daß nicht einmal, wer sein Geheimnis verraten fühlt, böse ist. Ein
1009 2687 2094 2780 Zwischenspiel. „für Schnitzlers Verhältnisse gar zu dünn.
1079 2721 2357 2796 Unterhält man sich wenigstens ausreichend? Nach der Lektüre er¬
993 2774 2353 2861 widert man: Aein. Nach der Aufführung unsres Lessing-Theaters: Ann
1004 2829 2350 2910 ja, vielleicht, allenfalls, zum mindesten ganze Strecken lang. Es ging
997 2885 2361 2968 nach Möglichkeit flink und lustig zu. Die Journalisten kriegten Gesichter.
1001 2918 2351 3006 Der Graf war Bonn, der immer gewinnt, wenn er seine heimische Mund¬
1000 2965 2359 3041 art sprechen darf. Unter den tabakbraunen Männerorganen tat die
1010 3020 2360 3096 lichte frauenstimme der Grüning besonders wohl. Götz, der nicht ge¬
1003 3065 2363 3145 nügend jüdische liajetan, sehnte sich nach der Titelrolle. In dieser ver¬
1008 3120 2360 3209 stärkte Bassermann den Widerspruch zwischen seinem ernsten, reifen, bedeu¬
1013 3164 2361 3247 tenden Brutus=Gesicht und der Windbentelhaftigkeit des doppelläufigen
1005 3213 2356 3301 kiarrieremachers zunächst noch durch den Ton eines ungezogenen Jun¬
1010 3291 1140 3367 570—
985 3304 2340 3419 zen. Er strebte Naivität als Entschuldigung an. Aber je mehr heraus
988 3381 2325 3477 kam, daß Schnitzler garnicht moralisiert, sondern dieses Chamäleon pfr¬
980 3417 2347 3533 chologisch begriffen wissen will, desto reizvoller und gewichtiger wurde
992 3462 2396 3571 Bassermanns Spiel, das sich die größten Verdienste überall da erwarb.
986 3541 1742 3629 wo dem Dichter nichts eingefallen war.
2102 3499 2357 3645 —
