3344 4352
256 219 1541 290 27. Einkund Fliederbusch
750 1086 1565 1183 Volksstimams, Magüsburg
515 1146 921 1208 Husschnitt aus:
973 1212 1252 1285 14.APZ 1974
476 1246 1607 1316 Der fruchtbare und erfolgreiche Wiener Dichter Artur
401 1304 1615 1350 Schnitzler (der auch einen lebendigen Gegenbeweis gegen
398 1345 1607 1390 Hamiin den Verdacht des Plagiats gekom¬
392 1393 1602 1433 men. Er hat nämlich ein Journalistenstück geschrieben,
395 1423 1609 1476 das große Aehnlichkeit in Motiv und Durchführung mit Tristan
386 1461 1612 1504 Bernards politischer Journalistenkomödie Die beiden
383 1497 1618 1536 Enten hat, die zurzeit das Zugstück einer Pariser Bühne bildet.
387 1537 1608 1584 Da ist ein Journalist, der, wie es auch bei uns vorkommen soll,
388 1602 1616 1624 gleichzeitig rechts und links zu schreiben weiß und seine Feder
390 1617 1607 1664 zwei feindlichen Parteien zur Verfügung stellt. Er geht in eine
386 1656 1620 1708 Provinzstadt, macht Karriere, indem er die Frau eines Druckerei¬
387 1707 1619 1753 besitzers poussiert und eine radikale Zeitung gründet, die beson¬
389 1736 1617 1773 ders einen feudalen Junker scharf angreift. Der gründet eine
392 1769 1615 1834 konservative Zeitung und engagiert seinen Gegner als Redakteur,
384 1829 1616 1860 ohne daß dieser sein radikales Blatt aufgibt. Schnitzler, dessen
397 1859 1620 1905 noch ungetaufte Komödie natürlich speziell österreichische Verhält¬
388 1888 1611 1930 nisse aufs Korn nimmt, erfuhr durch ein Wiener Theater, wie
389 1922 1618 1973 da wieder mal der böse Zufall gespielt habe. Um einem der in
391 1971 1624 2015 letzter Zeit sehr beliebt gewordenen Plagiatsprozeß aus dem Wege
399 2013 1626 2062 zu gehen, hat er beim Notar feststellen lassen, daß seine Komödie
389 2038 1621 2100 schon vor der Pariser Premiere der schlimmen beiden Enten fa#tig
395 2079 1633 2120 dax. Was haben die geplagten Bühnenautoren doch für Eergen
398 2127 1253 2189 und Mühen, ehe das Gold im Kasten klingt!
1747 197 2103 273 box 33
2070 647 3080 741 Wue f. Uepene
2488 878 3062 971 IISeite 2
1994 1017 3103 1093 des im Ruhealtar verborgenen Allerheiligsten Sakramen¬
2106 1069 3103 1126 Sühn=Anbetungsstunde: 9—10. 2. Karfreitag: ½6
2008 1090 2101 1144 tes;
2008 1109 3104 1178 Uhr kleine Horen, 7 Uhr Passion, Kreuzverehrung, vor¬
2014 1153 3113 1216 geheiligte Messe, Vesper, 4 Uhr nachmittags: hl. Kreuz¬
2016 1187 3122 1259 weg, Verehrung und Kuß der hl. Kreuzpartikel; ½7 Uhr
2014 1223 3122 1296 abends: hl. Rosenkranz, Miserere, Engel des Herrn und
2024 1260 3126 1329 Gesang: Heil'ges Kreuz, sei hoch. Gegen 8 Uhr nochmals
2012 1318 3114 1367 eine kurze Kreuzwegandacht. Beichtgelegenheit den ganzen
2023 1342 3110 1412 Tag, so lange die Kirche offen ist. 3. Karsamstag: ¼6 Uhr
2026 1378 3123 1451 früh, kleine Horen; 6 Uhr Weihe des hl. Feuers. Preis
2020 1413 3123 1487 der Osterkerze (Exultet), Allerheiligen=Litanei, etwa um
2024 1461 3126 1531 348 Uhr feierliches Hochamt, Kommunion der Ordens¬
2024 1517 3118 1572 familie und der Gläubigen, Prozession mit dem Aller¬
2023 1539 3122 1607 heiligsten in der Kirche und der Wiederbeginn der feier¬
2029 1572 3128 1653 lichen Aussetzung. 4 Uhr nachmittags: Auferstehungs¬
2022 1621 3147 1686 predigt, Gesang: Christus ist erstanden, feierlicher Segen,
2025 1660 3123 1729 Gesang: Großer Gott, wir loben dich. ¾7 Uhr abends:
2037 1701 3135 1770 hl. Rosenkranz, feierlicher Segen. 4. Ostersonntag: 10 Uhr
2036 1740 3140 1813 feierliches Hochamt. 4 Uhr nachmittags feierliche Anbe¬
2041 1788 3137 1848 tungsstunde zur Wiederkehr des Jahrestages der 1. Aus¬
2030 1846 2199 1900 setzung.
2254 1914 2896 2037 Theater und Kunst.
2029 2007 2147 2090 □0
2119 2020 3138 2090 „Fink und Fliederbusch.“ Der liebenswürdige,
2035 2060 3132 2129 leichtlebige „Wiener“ Schnitzler mit seiner Galerie von
2049 2100 3145 2167 Einattern, Novelleratur gewor¬
2050 2138 3149 2210 den, was der Sekt dem Diner bedeutet; und doch nicht
2050 2181 3131 2242 leichte, wohlfeile Ware — letzteres auch von Sekte gilt —
2059 2208 3148 2286 denn in seinem Drama „Liebelei", dem großen Wurf,
2053 2262 3140 2330 spricht er ernst zu uns. Ergreifend und rührend zeigt der
2048 2296 3147 2371 Dichter wie eine leichtsinnige und gedankenlose Liebelei
2047 2345 3153 2406 einem jungen, tiefer fühlenden Menschenkinde das Herz
2057 2375 3152 2447 bricht. Er ist beinahe wie Hermann Bahr eine Proteus¬
2054 2416 3157 2486 natur, die alle Wandlungen der Literatur begeistert mit¬
2063 2460 3154 2527 macht. Sein leichter, flotter Ton, besonders seine sprü¬
2062 2494 3168 2565 hende Lebenslust, wie in „Anatol“ die liebenswürdigste
2057 2553 3162 2614 Unmoral, sein pointierter Witz und reizende Causerie,
2059 2574 3159 2644 erobern im Sturme das sprödeste Philister= oder Rezen¬
2284 2614 3160 2673 — Die beiden Begriffe sollen des öfteren ver¬
2067 2637 2288 2693 sentenherz.
2464 2654 3161 2713 (Anmerkung eines schlecht rezensier¬
2418 2671 2466 2712 —
2053 2674 2421 2732 wandt erscheinen!
2059 2681 3172 2768 ten Literaten. In „Fink und Fliederbusch“ betritt Arthur
2064 2731 3167 2809 Schnitzler den Boden der Komödie, und mit Erfolg. In
2058 2779 3169 2845 die Redaktions= und Journalistenwelt führt er uns ein,
2065 2826 3170 2891 und mit harmlosem Geplauder erschließt er uns die
2068 2852 3176 2932 Pforten des Heiligtums des Herrn Chefredakteurs. Zeigt
2065 2893 3167 2967 uns die Doppelnatur des Parlamentsberichterstatters in
2070 2929 3173 3005 satirischem Lichte, wärmt alte Witze mit Geschmack auf,
2075 2981 3170 3042 bringt reichlich neue — und schmunzelt mit dem dank¬
2073 3014 3169 3082 baren Publikum, versechtet eifrigst zwei verschiedene
2069 3052 3177 3120 Standpunkte, um einen dritten mit homerischem Geläch¬
2069 3091 3169 3167 ter, das heißt mit einer urwienerisch vertrakten Zoten¬
2083 3125 3170 3204 miene, als sein Lebensziel zu bezeichnen. Als Fink und
2071 3166 3176 3244 Fliederbusch, das Hintertreppengenie, Herr Götz, der die¬
2386 3207 3182 3276 pardon! — Pistolenjournalisten zugleich
2084 3234 2387 3288 sen Revolver —
2085 3252 3181 3333 schmissig und fahrig, vorlaut mehr als dezent, kurzum,
2087 3288 3179 3359 echt schnitzlerisch, spielte. Ein amüsanter Kerl, an dem man
2088 3327 3171 3407 seine helle Freude hatte. Die Tageszeitung „Die Gegen¬
2074 3376 3185 3449 wart“ ebenso gut vertreten wie die Redaktion der „Ele¬
2091 3402 3190 3488 ganten Welt“. Leuchter, als Chefredakteur der ersteren,
2088 3441 3187 3530 Herr Hartberg, Redaktion des lokalen Teiles, Pirk, in
2085 3488 3191 3569 gutem Wienerdialekt, Füllmann, der Politiker, Herr Zei¬
2082 3524 3189 3598 sel, der wahre Lachsalven hervorzaubert, Odendorfer,
2744 3558 3187 3625 und der „renitente
2093 3582 2734 3642 Feuilleton, Herr Maluschinsky,
2086 3604 3183 3685 Theaterkritiker“. Abendstern des Herrn Teller. Der
2093 3643 3189 3733 große Dichter Kajetan, nebenbei der erterne Mitarbeiter
2144 3684 3185 3769 umgekehrt gilt gleich — Herr Eisner, der ebenfalls
2496 3710 3191 3783 Leodegar Satan in der „Eleganten
2088 3749 2465 3800 sein Bestes hergab.
2096 3762 3187 3838 Welt“ Herr Lenoir, Egon sein Sohn Herr Walter, beide
2095 3802 3205 3881 gut, ebenso wie der verkrachte Sture des Herrn Stolfa und
3055 3841 3194 3897 halt;
2089 3850 2975 3915 Wölbl des Herrn Strauß. Echt aristokratisch
2097 3880 3189 3956 dann wäre er ja unmöglich gewesen, Herr Recke, der
2100 3916 3200 4004 seinen Grafen und Abgeordneten ganz vorzüglich spielte.
2905 4080 3114 4161 neu
