3344 4320
1872 93 2901 169 in seiner Altentasche (ebichte. Mon geit.
1870 152 2904 212 Stücke, Nekrologe im Vorrat, schweiswedelnde Entre¬
1863 192 2913 253 filets über aristokratische Veranstaltungen, zu denen
1873 238 2913 293 er die Festspiele schreibt und auch sonst alles, was es
1858 277 2900 332 gibt und noch etwas mehr hat.) Unwirklich die eigent¬
1870 308 2907 368 liche Handlung, in der Herr Fink=Fliederbusch durch
1877 356 2919 406 die „sportlich=ritterlichen“ Redakteure der „Eleganten
1868 404 2918 448 Welt“ gezwungen wird, seinen Widersacher, also sich
682 366 1693 491 ADOLF SCHUSTERMANN
1875 436 2915 490 selber, zum Duell zu fordern und die dieses Duell, das
1880 480 2910 528 schließlich auch nur ein Symbol für die seelische Dis¬
623 489 1730 570 ZEITUNGSNACHRICHTEN-BUREAU
1868 520 2918 570 position des „Helden“ ist bis zu seinem fast possen¬
1877 555 2924 611 haften Ende fuhrt: die Chefredakteure überlizitieren
805 553 1580 639 BERLIN SO. 16, KUNGESTR. 22-24.
1882 599 2924 646 sich, um die freche Begabung des jungen Mannes an
1881 638 2926 688 sich zu fesseln, der schließlich doch keinem von beiden
682 624 1615 738 Zeitung Berliner Börsen-Gourier
1872 680 2922 731 folgt, sondern seinem „Gegenspieler“ dem sehr welt¬
1045 725 1450 787 (Morgen-Ausgabe)
1871 720 2923 780 klugen, sehr frivolen, ganz leidenschaftlosen zeitung¬
1871 758 2911 809 gründenden Abgeordneten Graf Niederhof, der in
680 721 1134 869 Adresse, Berlin
1875 793 2922 851 einer Szene, wie sie so durchgeistigt, überlegen mit
1872 842 2917 891 unvergleichlicher Grazie und Ruhe ins Wesentliche der
1111 831 1511 929 2 O. N0U 1010
1873 885 2918 943 Dinge greifend, heute kaum ein anderer als Schnitz¬
686 889 913 966 Datum:
1143 895 1268 976 7—
1861 929 2924 978 lek schreiben kann, all die vermeintlichen Wichtigkei¬
1869 969 2917 1024 #ten dieser kleinen Welt ihres Scheins entkleidet. Die
1862 1000 2925 1062 Begriffe von Ueberzeugung und Gesinnung all ihres
1870 1037 2925 1102 Unwahren oder ihres Zufälligen, aus Erziehung,
821 1049 1843 1149 Schnitzlers „Fink und Iliederbusch“.
1872 1080 2919 1140 Milieu oder Vererbung verständlichen, aber eben des¬
1868 1126 2926 1176 halb nicht diese großen Namen rechtfertigenden be¬
908 1118 1849 1200 Uraufführung im Wiener Deutschen
1186 1162 1564 1221 Volkstheater.
1868 1163 2924 1216 raubt und an ihre Stelle nur die Veranlagung setzt,
903 1181 1883 1254 Von Zeit zu Zeit scheint es Arthur Schnitzler
1871 1204 2931 1261 die zu der Entscheidung zwingt, oh man Sportsman
850 1250 2934 1299 zu gelüsten, zum Puppenspieler zu werdetl. Er ist soder Monomane sein will — ein drittes gibt es nicht.
849 1290 2923 1350 des trockenen Tons der Wirklichkeit satt und löst sie Was gewiß nichts schlechteres nur etwas wesentlich
850 1341 2932 1366 in Geistigkeit und Spiel auf. Die Realitäten des All. anderes bedeutet. Und sicherlich wird ein Sportsman
856 1380 2925 1414 tags sind ihm gleichgültig geworden; er will das We= wie der Graf, dem es nur an der jeweiligen Höchst¬
863 1403 1890 1468 senhafte des menschlichen Treibens in höherem Sinne
1885 1411 2930 1459 leistung, aber nicht an ihren Motiven liegt, einen
853 1454 2927 1514 zeigen und sublimiert es zu komödienhafter Mario=#lederbusch, der bis zuletzt ihm gegenüber an der
859 1497 2925 1549 nettenleichtigkeit. Im „Einsamen Weg“ hat er ein= Fiktion des Duells und an der Pose dessen festhält,
853 1529 2927 1593 mal gesagt: „Wenn Sie im Mittelpunkt der Erdel#er bereit ist, für seine „Ueberzeugung“ gegebenen¬
858 1566 2930 1633 wohnten, wüßten Sie, daß alle Dinge gleich schwerfalls zu sterben, nicht die Tür weisen, sondern ihn als
1087 1613 2933 1670 Und schwebten Sie im Mittelpunkt der zwertvollen Mitarbeiter für die Zwecke seiner reak¬
853 1621 1015 1680 sind
857 1658 2934 1715 Welt, dann ahnten Sie, daß alle Dinge gleich wichtigstionären Partei benützen. Freilich scheidet man von
846 1695 2928 1744 sind.“ Heute würde er vielleicht sagen: „. dab alle lkall den wunderlich geistreichen Szenen, deren glanz¬
849 1737 2928 1791 Dinge gleich leicht sind und gleich unwichtig sind.“ voll sprühender, funkelnder Dialog auf Schnitzlers
849 1771 2949 1831 Was, nebenbei gesagt, auch nur eine Art sein mag, voller Höhe steht und bei dem man immer sofort das
852 1821 2932 1875 vor dieser Zeiten Schwere und Wichtigkeit und nicht Gefühl hat in bester geistiger Gesellschaft zu sein, mit
845 1855 2934 1914 zuletzt vor sich selber und den eigenen feelischen Be= einem Gefühl das irgendwie unbestimmt und ohne
854 1894 2928 1957 drängnissen die Flucht ins Reich des Scheins zu er= Endgültigkeit ist. Man könnte vom Auter des Stücks
1892 1946 2935 2002 ungefähr sagen, was er zu seinem Helden sagen läßt:
861 1942 1888 1999 greifen. Für den Dichter, dem jeder Anlaß gleich
1887 1996 2934 2041 „Wissen Sie was Sie haben? Sie haben ad absur¬
848 1983 1888 2043 wertvoll wird, um zur Gestaltung und zum Aus¬
1885 2023 2933 2063 dum geführt. Ich weiß zwar nicht was, aber Sie
851 2013 1877 2077 sprechen seiner inneren Welt zu reizen, mag das
1895 2060 2945 2117 haben.“ Worauf er freilich mit demselben Helben
853 2064 1882 2116 immerhin ein Vorteil sein. Für den Leser und
862 2106 1497 2164 Hörer ist es nicht immer einer.
1881 2098 2926 2166 antworten könnte: „O, Sie Pedant! Muß denn alles
922 2137 1887 2194 Jedenfalls berührt es seltsam, wie wenig schwer
1888 2143 2933 2197 erledigt werden? — Kann irgend etwas erledigt
1890 2186 2925 2243 werden? . . . Bin ich auf die Welt gekommen, um
854 2171 1883 2243 und wichtig Arthur Schnitzler auch in seiner neuen
1895 2224 2935 2282 etwas zu erledigen? Dazu sind andere da!“ Es
851 2229 1882 2276 Komödie „Fink und Fliederbusch“ seine Menschen,
857 2266 1886 2321 ihre Probleme, ja das Leben überhaupt nimmt. Es
1883 2269 2941 2313 wird aber nicht wahr sein. Gerade der Dichter ist
857 2308 1887 2368 ist alles wie von einem anderen Planeten aus ge¬
1887 2303 2449 2373 dazu da. Das Leben nicht.
858 2347 1890 2401 sehen, mit einer still lächelnden, ein wenig anteillosen
1946 2331 2934 2401 Merkwürdig übrigens, wie wenig sich das Publi¬
862 2385 2936 2447 Weisheit, die hier etwas sehr Kühles, Feines und bei¬ kum für die internen Angelegenheiten des Zeitungs¬
853 2432 2932 2491 nahe Herzioses hat; vielleicht gerade durch den Reiz, wesens interessiert; auch hier haben viel weniger die
849 2461 1889 2531 der darin liegt, all die allzumenschlichen Widersprüche
1885 2468 2924 2535 zuständlichen Schilderungen, als die blitzenden Spie¬
855 2516 2926 2575 zu einer höheren Einheit verbunden zu sehen nur gelfechtereien dieser köstlichen Schnitzlerschen Dialog¬
858 2560 1885 2612 mehr die Essenz der Wirklichkeit statt ihrer selbst zu
1893 2553 2922 2613 kunst gefesselt. Vielleicht aber nur, weil doch noch
858 2592 1893 2655 empfangen. Den Anlaß zu seinem Lustspiel war ihm
1895 2581 2932 2653 niemand den Versuch gemacht hat, einmal zu zeigen,
856 2639 1893 2694 ein Vorfall, der sich in Paris und auch in Wien er¬
1884 2646 2921 2687 wie viel ernste Arbeit, Gewissenhaftigkeit, Kenntnis,
860 2676 2937 2723 eignet haben soll: daß ein Zeitungsschreiber in zwei Selbstverleugnung und geistige Kraft verbraucht
850 2709 2929 2780 Blättern von sehr entgegengesetzter politischer Rich=wird, bis so eine Zeitungsnummer zustande kommt,
860 2766 2932 2804 tung während langer Zeit unter verschiedenen Na= die dann behaglich und unter Invektiven beim Früh¬
863 2804 1889 2851 men Artikel schrieb, in denen er gegen sich selbst und
1881 2801 2933 2848 stück gelesen wird. Schnitzler jedenfalls hat hier eine
859 2849 1880 2896 gegen die da und dort vertretenen Ueberzeugungen
1889 2845 2926 2902 sonderbare Fremdheit dem Zeitungsmilieu gegenüber
865 2876 2926 2933 auf das heftigste polemisierte. Fink und Fliederbusch gezeigt und hat sich eben durch die der Wirklichkeit
855 2924 1895 2985 sind in Schnitzlers Stück die beiden Pseudonyme, un¬
1886 2912 2936 2980 nur wenig entsprechende Darstellung der technischen
1884 2963 2929 3013 Arbeit, des wirklichen Verkehrstons der Kollegen, der
858 2963 1896 3020 ter denen ein ganz junger, sehr netter und gar nicht
1884 3002 2934 3055 manchmal höchst belustigenden Nebenfiguren des Re¬
860 3010 1890 3057 unsympathischer Mensch das gleiche tut; in der libe¬
865 3045 2931 3099 ralen Tageszeitung „Die Gegenwart“ und dem feu= portergewerbes und des spezifischen Arbeitsjargons
849 3082 1896 3142 dal=reaktionären Sportblatt „Die elegante Welt“ be¬
1885 3088 2932 3151 innerhalb der Redaktionen um eine Reihe der besten
855 3120 1884 3182 kämpft er mit Talent und Enthusiasmus seine eigene,
1886 3125 2928 3177 Wirkungen gebracht. Wobei es doch auch wunder¬
858 3169 1890 3210 tags zuvor geäußerte Meinung, aber gar nicht in „Ge¬
1904 3170 2933 3217 nehmen muß, daß er unter all dem Gewimmel nicht
855 3203 1900 3269 sinnungslumperei“, wie ihm vorgeworfen wird, son¬
1890 3207 2945 3259 auch eine starke Persönlichkeit zeigt — die es nämlich
859 3250 2925 3304 dern in der wirklichen Ueberzeugung des Moments, dabei auch gibt — oder die tragische Erscheinung des
852 3293 1897 3347 die freilich wechselt,eil er „ein Spiel von jedem
1888 3293 2933 3337 Mürbegewordenen, dessen Wertvolles zur Rontine
853 3333 1893 3376 Druck der Luft ist“ leicht entflammbar und suggestibel
1897 3337 2932 3384 und dessen Anständigkeit durch schlechte Nerven zer¬
850 3356 2939 3426 durch fremde Empörung oder Begeisterung und den stört worden ist oder die des Aufrechtgebließenen
861 3414 1885 3461 jeweiligen Tatsachen höchst beweglich wenn auch na¬
1902 3412 2929 3482 und Wissenden, für den all das eben auch wieder zum
851 3442 1895 3497 türlich ohne eigenen inneren Halt hingegeben. Was
1887 3452 2934 3497 Spiel wird. Jedenfalls haben diese neuen „Journa¬
861 3494 1898 3551 von vornherein gar nicht so unbedingt verächtlick,
1894 3496 2931 3545 listen“ so wie sie nun einmal gezeigt sind, das Publi¬
851 3528 2928 3583 oder hassenswert zu sein braucht, wenn zwei Eigen= kum nicht sehr für sich gewonnen; der Beifall, herz¬
857 3584 2928 3634 schaften da sind: Temperament und Phantasie müssen lich einsetzend, zum Sturm gesteigert, als Schnitzler
865 3623 2934 3678 die Komponenten solchen seltsamen Hin= und Wider=erschien, zerflatterte schließlich. Woran die fleißige,
860 3660 2932 3712 spiels sein, um es erträglich zu machen. Aber gerade von Dr. Schulbaur sorgsam inszenierte, aber am
863 3696 2935 3758 sie beide fehlen dieser Figur, die etwas sonderbar Ge= Wesentlichen oft vorbeispielende Aufführung wohl mit
1900 3740 2927 3786 die Schuld trug. Edthofer ist ein reizender
864 3743 1886 3801 staltloses hat, wie ein Abstraktum, wie das Schema
1901 3777 2928 3834 Schauspieler füx aller gerade, einfache, herzlich junge;
868 3776 1911 3836 des Urjournalisten, von Schnitzler gesehen (so wie
868 3819 2935 3882 Goethe das Schema der von ihm innerlich gesehenen für den Fliederbusch fehlt ihm das Schillernde, fehlt
1217 3867 2935 3914 Eine Auffassug, gegen die man Temperament und Phantasie, mit der er die Figur
869 3862 1225 3921 Urpflanze gab).
860 3898 2921 3960 streiten müßte, wenn nicht auch les andere so we= beschenken müßte; das Seifenblasenhafte, gaukelnde
860 3942 2934 3986 nig „wirklich“ wäre, daß nicht an eine eigentliche Sa= und dabei irgendwie bestrickende fehlt und es wird
864 3983 2933 4043 tiere, nur an ein selbstherrlich vergnügtes Spiel mit wohl erst Bassermann vorbehalten bleiben dieses
861 4009 2925 4084 munteren Drahtpuppen gedacht werden könnte, von glitzernde Nichts zu zeigen. Kramer ist als Graf
