3392 4384
1724 204 2191 306 box 33/3
262 217 1598 330 37. Einkund Frjederbusen
1659 1527 3363 1583 des Zeitungswesens verliert er aus den Augen. Nur die gänger. Die einschlag
791 1543 1378 1637 Tessing=Theater.
1684 1548 3377 1616 Geschichte des „Schmock“, der nach Freytag erst links dann Man sieht zu, wie ger
1678 1591 2927 1646 rechts, bei Schnitzler als „Fliederbusch“ liberal und konser¬
2905 1600 3368 1670 nicht los. Die getäu
485 1632 1657 1721 Arthur Schnitzler: „Jink und Kliederbusch“.
1669 1636 2910 1716 vativ zugleich schreibt, eben diese Steigerung des Themas
2902 1640 3372 1720 seuchtes Tuch über die
1672 1683 1916 1772 reizt ihn.
2887 1692 3368 1768 beabsichtigen Feuers
821 1691 1347 1774 Erstaufführung.
1761 1723 3366 1804 Aber immerhin: Diese „Fliederbusch“=Gestalt hätte erlöst dem Ende entg
535 1752 3350 1869 Das beste an Arthur Schnitzlers#ournalisten= Symbol werden können für ein Demokratentum, das un= kenntnig reicher, d
454 1805 1390 1878 Komödie „Fink und Fliederbusch“
1448 1814 3356 1888 t der un¬ sicher, ungefestigt im politischen Ideenkreis hin und her „Winterballade“ ein
458 1859 3378 1953 geschriebene Teil. Schon Freytag packte in seinen „Jour= pendelt. Diese Trgaikomödie der begabten, aber nicht durchsersatz in Dichterware
453 1901 1698 1971 nalisten“ nicht den Kern. Auch Schnitzler greift daran vor¬
1680 1927 3376 1993 Herkommen gefestigten Persönlichleit würde der Bearbeitung; Die neue Gesteration
458 1946 1696 2026 bei. Er bringt mehr eine Komödie über die Zeitungsleute,
1681 1971 3378 2040 wert sein. Schnitzler hat diesen lockenden und lohnenden unbehelligten Tumm
457 2000 2927 2081 als von ihnen. Schon die Namengebung wirkt gesucht: Vorwurf auch erkannt. Nur verziert er ihn mit dem Gerank
2904 2013 3159 2091 Publikum.
456 2044 2918 2129 „Leuchter“ ist der Ehefredatteur, „Füllmann“ der Politiker, einer etwas papiernen Komik und vergißt beim Zurecht¬
452 2087 1701 2142 „Abendstern“ der Theaterkritiker. Das ist nicht befonders
2975 2095 3366 2178 Die Aufführung
453 2096 2922 2182 geistooll. Aber auch die Grundidee, daß der demokratische stutzen den Leitgedanken zu vertiefen. So'wirkt der „Fink¬
462 2162 3363 2236 Parlaments=Berichterstatter „Fliederbusch“ zugleich als Fliederbusch“ als psychologisch nicht endgültig ausgebaut. gewöhnlich sorgfältig y
1692 2204 3323 2263 Eine gleiche Fehlschöpfung ist der Gegenspieler dieser Figur, Fliederbusch gab A
454 2224 3382 2272 „Fink“ an einer konservativen Wochenschrift tätig ist, klingt der klerikal=konservative Graf. Der ist innerlich durch und wirkungsvolle Gestalt
444 2261 3367 2349 an eine schon vorhandene literarische Behandlung des durch gefestigt, kulturell organisch verankagt, politisch ein= fälle, mit Schmiß und
451 2301 3389 2407 gleichen Themas durch den Franzosen Tristan Beruard an, deutig bestimmt. Aber Schnitzler sieht ihn wieder nur als Strebertum, aber auch
454 2351 3377 2440 Aber das ware zu verwinden. Doch übersieht Schnitzler die Repräfentant enger Wiener Kreife, die vielfach durch Inzucht glücklich war gleichfalls
450 2391 3377 2440 feinen Möglichkeiten, die sich ihm verschämt darbieten. Da bei aller Gegründetheit doch grundsatzlos und überzeugungs=seine eindentige, jestum
452 2443 3383 2553 ist das Motiv: Der Feuiletonist. Ein Idealist. Ein frei sind. Dieses Abbiegen der Tupenli# ie in der Figuren= auch plastischer Prägun
442 2472 1712 2561 Künstler. Ein verständiger, gerechter Kopf. Nur langt es
1689 2515 3349 2576 zeichnung verwirrt das Bild. — Mag auch sein, daß es aus fals „Füllmann“, Jo
448 2541 3387 2643 nirgends. Was er angreift, muß er unfertig aus der Hands österreichischen Erlebnissen heraus auf deutsche Verhältnisse Satan, Sternberg
453 2581 1695 2647 legen. So herrscht er in „oberen“ Sphären und hat doch
1678 2576 2603 2685 nicht zugeschnitten, noch ihnen angepaßt ist.
2903 2607 3303 2680 Abendstern gab E
441 2625 1690 2676 nur Berechtigung im „Dorf“. In diesem aber macht er die
2903 2648 3373 2710 Rahmen des Lessing=T
451 2664 1703 2726 Leistungen anderer mundgerecht. Kaut vor. Und so ihn
2902 2695 3383 2768 nicht geringer Bedeuti
445 2701 1701 2774 die Erkenntnis seines Mißgeschickes niederwirft, zerfasert er
1745 2700 2928 2789 Bleibt also die vergnügliche Komödie des Darüber¬
2786 2738 3377 2824 Im des Abend war der G
449 2755 2779 2829 das Können der anderen. Eine Tragikomödie, die dann hinweg=Plauderns. Etwas Oberdorf=Kollegenschaft.
2905 2783 3382 2854 nand Bonn. Er ha
456 2806 3368 2882 auf das Allgemeinmenschliche übergreift. Einer in diesem ersten Akt läßt Schnitzler den Fliederbusch seine liberalen Nur zuweilen griff sie
448 2846 2919 2909 Kreise ist geborener Journalist: der Fliederbusch=Fink. Den Blüten treiben. Einige matte Einfälle malen den Re¬
439 2878 2169 2955 treibt es, drängt es, quält es. Der kann alles gleich gut,daktionsbetrieb. Im
2161 2890 3279 2960 zweiten kommt der entwicklungs=im ganzen wies
446 2930 807 3009 gleich flüchtig.
879 2895 3383 3005 findet er sich plötzlich in der Zange. hungrige Fink zur Geltung. Er will auf den Fliederbusch zuweilen den Edelman
451 2967 3389 3054 Zwischen links und rechts. Das wäre ein Thema. Doch los. Aber der Sohn des rechtsgerichteten Hauptleiters for¬ datte. Endlich sei aush
2899 3009 3362 3086 Männerspel gedacht:
449 3024 2924 3114 Schnitzler läßt es sich entgleiten. Vollends aber die Satire dert Duell=Austrag. So sendet der Fink dem Fliederbusch
2969 3052 3391 3129 ihrer unvergleichti
442 3065 3390 3159 auf die Zeitung, die nur Augenblicks=Meinungsäußerung die Kartellträger. Der dritte Alt bringt die Enthüllung: Aufgabe reizvoll hera#
439 3116 2911 3206 ist und ostmals als endgültige Wahrheit genommen wird, Fink gleich Fliederbusch. Und der Journalist hat einen
2877 3139 3383 3221 Viktor Barnowskys ha
439 3155 1691 3210 die namenlos persönlich und dabei ohne persönlich zu sein
1670 3162 2890 3226 Feierrag seiner anerkannten Geschicklichkeit, Gewandtheit.
449 3202 1694 3276 doch einen Namen hat. Hier gäbe es Anlässe zu ergötzlichen
1752 3190 3368 3253 Endlich das Technische der Komödie. Es könnte ent= züge des Werkes mit (
439 3242 3387 3313 Lehren. Aber so tief reicht wieder Schnitzlers Künstler=schädigen. Aber es fehlt dazu an Schwung, an Geistigkeit, wesentlichen Anteil am
2894 3279 3385 3362 auch von Widerspruch
441 3283 755 3349 messer nicht.
742 3289 1419 3361 Er bleibt beim Hautritzen, wo
1480 3304 2914 3369 rFleisch=Nicht einmal die Verknüpfung, Verwicklung ist gelungen.
444 3337 2938 3433 schnitte vornehmen sollte. Die Berufstragik, die Groteskei Es pufft und pafft einige Make auf. Aber doch nur Blind¬
