3392 4352
1337 85 2278 164 nansen mann
1323 145 2306 210 gewordene Erstlingsdrama „Verführung“ des
418 146 1119 260 K Schauspiel=Bilunz.
1316 201 2309 260 jungen Pragers Paul Kornfeld, die feine, dank¬
434 236 2307 303 Vor einer Woche zog F. A. an dieser Stelle bare „Madame Legros“ von Heinrich Mann.
1321 272 2305 341 Nens Schicheles kluges Elsässerdrama „Han¬
342 285 1328 354 die Bllanz der verflossenen Opernspielzeit, wo¬
1330 330 2308 381 im Schnackenloch“, Sorges „Bettler“ Goeringe
356 337 1323 400 bei er die Gelegenheit ergriff, die Abhängig¬
1325 354 2306 427 „Seeschlacht", Barlachs „Der arme Vetter“ ein
352 373 1333 441 keit des Opernspielplanes von dem hier in
349 422 2309 480 Mode gekommenen Startum zu besprechen. früheres Werk von Fritz von Unruh oder Karl
347 458 2299 521 Wenn ich mich heute der undankbaren Aufgabe Hauptmann, Wilhelm von Schalz oder Arno
1322 500 2301 551 Nadel. In Deutschland beginnt ein neues Dra¬
350 522 1326 573 unterziehe, das abgelaufene Prager Schauspiel¬
1325 545 2294 613 ma sich aus tastenden Anfängen freizuringen
344 558 1320 623 jahr auf Herz und Nieren zu untersuchen, muß
1323 588 2297 641 Wenn unser Theater in den Kammerspielen
354 584 1335 656 ich zunächst bedauernd feststellen, daß dem
347 638 2293 686 Schauspiel ein Star nichts geschadet hätte. Die nur einmal monatlich zeigen würde, daß ee
1328 677 2302 752 mit der neuen Jugend jung sein will, wäre die
355 681 1333 754 Abende, an denen ein Stay gastierte, waren
1327 722 1805 775 Spielplanfrage gelöst.
338 737 1319 808 die besten, das Gastspiel Liany Moissi der
1400 740 2292 824 Wer das vor dem Krieg einem Theater
354 773 1335 831 Glanzrunkt der Saison. Dem Engaßle gehörte
1327 801 2293 859 direktor gesagt hätte, wäre belächelt worden
350 818 1319 890 eine Reihe von sehr begabten Schauspielern an,
1331 852 2300 901 Idealist! Aber jetzt haben es die Theaterdirek
345 865 1326 914 aber dadurch, daß wichtige Posten unbesetzt
1332 898 2301 962 toren so bequem, daß sie nicht mehr aus Idea
347 912 1316 963 blieben, war der Spielplan in enge Grenzen
1337 934 2291 1010 lismus Idealisten sein müssen. Idealismu¬
348 955 1327 1013 verwiesen. Darunter litten insbesondere die
1330 978 1553 1038 ist das
1549 975 2283 1049 beste Geschäft geworden. De
347 989 1328 1062 Klassikeraufführungen. Wir hatten beispiels¬
1326 1025 2298 1087 Münchner Theaterdirektor, der an hunder
336 1044 1320 1100 weise keine Sappho. Wie wichtig das wäre,
1320 1072 2297 1141 Winterabenden Shakespeare spielt, hat keine:
348 1093 1324 1142 geht daraus hervor, daß eine kleine Bühne wie
1323 1109 2288 1168 Heller Tantiemen zu zahlen. Das nenne ie
347 1131 1318 1185 die Münchner Kammerspiele fünfzigmal in
1326 1150 2298 1231 einen einträglichen Idealismus. Freilich mu
348 1169 1317 1234 einer Spielzeit bei ausverkauften Häusern das
1326 1202 2300 1252 der Shakespeare danach sein. Wenn die Leut
338 1221 1315 1285 „Wintermärchen“ geben kann. Einen solchen
1326 1251 2286 1310 sogar die Klassikervorstellungen stürmen, wer
341 1270 1300 1339 Erfolg hatte bei uns nicht einmal das —
1307 1290 2293 1343 den sie gewiß auch für die Jüngsten zu habe
341 1307 695 1388 „Extemporale“.
1322 1339 2279 1386 sein, womit ich allerdings nicht jedem Milck
433 1347 1312 1408 Wie das neue Schauspielensemble beschaf¬
1325 1383 2285 1448 bart das Wort reden will, bloß weil es ei
338 1400 1320 1451 fen sein wird, weiß man noch nicht. Gastspiele
1322 1424 2279 1487 Milchbart ist. Nur los von der aufgeplusterte
338 1451 1317 1504 auf Anstellung gab es heuer nicht, so daß
1324 1471 2291 1530 Burgtheaterlangweile! Los von der wohlten
347 1487 1323 1541 Publikum und Presse bei Beginn der nächsten
1325 1518 2274 1572 perierten Talmiromantik! Los von den g#
337 1537 2280 1597 Spielzeit vor vollendete Tatsachen gestellt sein stempelten und gekrönten Talentlosigkeiten
340 1574 1336 1650 werden. Hoffentlich wird jede Lücke, die heuer
1317 1608 2279 1663 Wo die Talente offene Tür finden, braucht nie
344 1628 1325 1684 störte, ausgefüllt sein: erst dann könnte eine
1320 1649 2285 1709 mandem um die Würde des Theaters bang
332 1662 1320 1724 Neubelebung des Spielplanes in Angriff ge¬
333 1709 2279 1758 nommen werden. Daß es nicht allzuschwer ist. zn sein, mag sich der sunge Most noch so absur
1768 1742 2280 1806 Ludwig Winder.
347 1743 1559 1816 jeden Monat mindestens ein interessantes neues geberden.
348 1794 1525 1870 Stück herauszubringen, haben im verflossenen
345 1853 1333 1897 Jahre selbst die kleineren reichsdeutschen Thea¬
340 1896 1340 1959 ter gezeigt. Städte wie Mannheim, Darmstadt.
336 1939 1339 2002 Düsseldorf konnten sich mit je fünfzehn bie
341 1979 1339 2050 fünfundzwanzig Uraufführungen brüsten. In
331 2031 1329 2072 Prag gab es bloß wenige Uraufjührungen.
1845 2020 2534 2117 Vessischeeiung, Berlin
337 2058 1345 2130 Außer der neuen Komödie des heimischen
2618 2049 2870 2150 Schh
332 2125 1337 2179 Autors Anders und Demetz' Festspiel „Die gol¬
344 2159 1335 2220 dene Geige“ wurde nur Rudolph Lothare
2088 2156 2549 2259 28.0H1 1912—
331 2208 1356 2268 „Metternichpastete“ aus der Taufe gehoben,
1860 2222 2516 2311 A 550
340 2250 1341 2307 ein Stück, das vielleicht einem literarisch un¬
2738 2174 2971 2339 Bei
344 2297 1333 2352 verwöhnten Kriegsgewinnergaumen behagen
1771 2289 2323 2362 Dienstag (Abend)
350 2331 1343 2398 nag, das aber bestimmt mit Kunst nicht viel
2274 2342 2336 2413 1
349 2384 1341 2454 zu tun hat. Der beste Abend der Kammer¬
352 2421 1333 2479 piele war Strindbergs „Rausch,“ während¬
353 2475 1332 2538 er Kriegsschwank „Der „Floh im Panzer¬
1869 2404 2814 2568 Fink und Fliederbusch.
349 2508 1340 2585 aus“ wohl nur bei schlechter Bewachung in
360 2564 1351 2620 ie Kammerspiele gelangen konnte. Die drei
1809 2548 2830 2644 „Direktor“ Moschell — ein Spitzel für alle.
358 2608 1336 2665 lasanova=Einakter von Greeven, die man in
1751 2622 2934 2716 Ein Lustspiel von Schnitzler „Fink und Fliederbusch“, vor ein
357 2657 1346 2717 en Prager Kammerspielen zum erstenmal
1719 2689 2929 2748 paar Jahren in Wien Uräusgeführt, zeichnet einen Journalisten¬
362 2702 1336 2759 ih, erwiesen sich als schwächliche Klügeleien
1723 2725 2930 2796 Helden, der als Fink rechts schreibt, als Fliederbusch links, der als
359 2753 1335 2810 ines nicht einmal technisch sattelfesten Litera¬
1718 2782 2934 2844 Fnk Fliederbusch, als Fliederbusch seinen Kollegen Fink in den
364 2788 1352 2849 en. Daß sich die Burgtheater= und Volksthea¬
1724 2828 2930 2879 Boden verreißt, beleidigt, beschimpft, bis der eine den andern, bis
361 2830 1340 2891 erstücke aus Wien in Prag nicht durchsetzen
1722 2861 2927 2939 Fink Fliederbusch, bis der Doppelseitige sich solbst, vor seine eigene
360 2885 1339 2943 ießen, ist kein Wunder. Die Wiener Theater¬
1724 2919 2204 2976 Pistole fordern muß ...
364 2926 1346 2991 irektoren haben das wunderbare Talent.
1766 2937 2931 3018 Aber dies ist kein Lustspiel, keine Operette; ist Tatsache, nachweis¬
350 2972 1337 3033 inter tausend eingereichten Stücken auf den
1731 2998 2933 3067 bare Begebenheit, geschehen im Oktober 1919. In der Schrift¬
351 3008 1340 3072 rsten Blick den ärgsten Kitsch herauszufinden,
1720 3036 2934 3104 leitung eines Berliner Blattes erscheint ein Mann: „Baron La
356 3063 1339 3122 er selbstverständlich sofort angenommen und
1731 3085 2932 3143 Roche .!“ — „Sehr angenehm.“ — „Ich möchte Ihnen einen
352 3101 1343 3171 lufgeführt wird. Zu diesem Kitsch, der auch
1730 3129 2934 3185 Aufsatz schreiben über den berüchtigten Spitzel Moschell, den
351 3146 1342 3199 en Pragern nicht erspart blieb, gehörte
1733 3178 2915 3236 Betrüger, den Lügner. Ich habe ausgezeichnetes Material ...“
352 3197 1343 3260 Schnitzlers neuestes Lustspiel „Fink und Flie¬
1744 3202 2941 3272 — Und er schreibt; er hat wirklich ausgezeichnetes Material. An
352 3245 1339 3298 erbusch.“ Feketes „Panik der Herzen.“ „Her¬
1727 3264 2933 3310 Herrn Moschell bleibt kein ehrliches Haar. Der Aufsatz erscheint.
351 3286 1342 3358 zegs „Blaufuchs,“ den die Konstantin nach
1729 3306 2938 3360 Dann erscheint ein Freund des Blattes in der Schrifkleitung, teilt
357 3326 1326 3380 Prag schleppte, Fuldas „Verlorene Tochter,“
1726 3346 2937 3418 mit, daß Herr Baron La Roche kein anderer als Herr Moschell
344 3366 1344 3436 Stücklens „Straße nach Staynaich“. Wertvol¬
1729 3401 2451 3460 selbst ist! Fink und Fliederbusch.!
358 3420 1349 3472 ierer Aufputz des Spielplans waren drei
1752 3427 2930 3509 Aber Herr La Roche spricht noch einmal vor; ob er nicht noch
355 3464 1336 3520 Stücke: Stuckens prachtvolles wenn auch eis¬
1715 3486 2931 3542 einen Artikel schreiben solle, er hebe neues Material ... Das ist
338 3505 1341 3583 kaltes Drama „Gawan“ Kysers „Charlotte
1711 3536 2933 3599 zuviel der Frechheit. Herr La Roche wird verhaftet; das Reichs¬
351 3555 1341 3607 Stieglitz" und Rittners anmutiger, aber kraft¬
1706 3572 2591 3628 wehrgruppenkommando sucht ihn seit langem.
350 3604 1353 3669 loser „Garten der Jugend.“ Kurz vor Tor¬
1752 3614 2930 3676 Denn Herr Moschell war schon immer sehr vielseitig: seit der
344 3638 1219 3709 schluß noch Wedekinds „Kammersänger.“
1714 3654 2933 3716 Revolution bespitzelte er alle Parteien, einmal die U. S. P. D.,
426 3690 1342 3753 Das ist nicht viel. Wenn man sich fragt,
1714 3705 2942 3760 dann die Deutsch=Nationalen. Je nachdem, wer ihm mehr bot.
346 3741 1332 3787 was möglich gewesen wäre, fällt einem man¬
1713 3746 2946 3815 Dem General Biskupski, Vertreter einer „Westrussischen Regie¬
347 3761 1343 3848 cherlei ein. In den Kammersoielen hätte man
1726 3776 2940 3847 rung“ in Berlin, hat er sich als Abgesandter des amerikanisihen
341 3827 1334 3884 nach Wedekinds Tod einen kleinen Wedekind¬
1711 3830 2933 3896 Bankhauses Morgan vorgestellt; einen Vertrag mit ihm abge¬
347 3855 1348 3930 Zyklus versuchen können. Nicht bloß den allzu¬
1726 3871 2945 3930 schlossen. Man weiß nicht einmal, ob sein Name Moschell echt
336 3909 1341 3970 populären Kammersänger, sondern außer Früh¬
1719 3918 2943 3975 ist, oder nur ein Pfeudonym für seine erstaunliche Vielseitigke.t.
350 3957 1348 4019 lings Erwachen etwa noch Franziska, Erdgeist
1720 3967 2934 4016 Vielleicht enthüllt das eingeleitete Verfahren noch mehr seiner
344 4001 1342 4059 und die Tragödie „Musik“, die jetzt in vielen
1724 4006 2945 4074 Talentstücke. Aber sein Gastspiel in dem Berliner konservativen
337 4037 1340 4103 Städten täglich auf dem Spielplan steht. Man
1721 4072 2778 4121 Blatt dürfte er selbst nicht zu überbieten vermögen ...
343 4092 1339 4162 hätte gern Hauptmanns „Winterballade“ gese¬
2232 4110 2489 4189 eneeregichen
