3392 4352
242 173 2167 274 27. Fink und Fliederbusch box 33/3
575 966 1581 1083 Zeitung: Die Welt am Montag
583 1090 1044 1194 Adresse: Berlin
1044 1163 1397 1282 0. 857.1977
571 1232 809 1310 Datum:
1993 1285 2250 1363 Zeitung:
2239 1296 2851 1425 Reichs-Anzeiger
439 1367 1454 1462 TCheater und Minsin.
1989 1397 2237 1482 Adresse:
2842 1387 3010 1502 —
2482 1404 2768 1507 Berlin
563 1439 1283 1522 Frigur Schnitzler: „Fink und Fliederbe¬
1014 1453 1385 1541 Gehe erge wee e est A :
720 1522 1222 1582 (Lessing=Theater.)
2496 1501 2844 1596 3. OEZ. 1917.
1987 1511 2236 1592 Datum:
437 1550 1578 1610 Der Reiz, mit sanrischer Laterne den Sumpfscharclierloser
357 1598 1576 1649 Zeitungsmache gbziegchten, muß doch ern einen Küdern packen,
370 1641 1580 1695 ## einen nur is anerhand Ohersähcflichkeiten Mlenosen Wiener
370 1681 1570 1729 Anspielfabrikanten, wenn riwas Krassvolles dgraus werden soll.
2260 1666 2769 1750 Theater und Musik.
371 1714 1578 1769 Jumerhin durfte sinn von eisen Schni#te#wenigstens etwas
2322 1732 2705 1806 Lessingtheater.
382 1750 1570 1819 Intergaltsamts Garten; und wenn er auch nur mit einigem
1973 1768 3133 1851 Die hiesige Erstauffübrung von Arthur Schnitzlers drei¬
375 1790 1587 1859 zutzen das Abschedkende Bild findiert hälte, das der „Fackel“
385 1834 1582 1902 kraus in ichreigeger suhtiler Arbeit mit tausend Einzelheiten von
1901 1822 3130 1889 aktiger Komödte Fink und Fliederbusch“ brachte gestern am
393 1889 1584 1928 #em Wiener Blaite zeichnels. so waren wohl mancherlei geinreiche
1906 1864 3149 1918 Schluß der Vorstellung im Lissingtheäker elüige erregbare jugendliche
389 1904 1582 1968 witzen in dieser Komödie sichtuaf geworden. Allein es zeigt sich.
1903 1906 3139 1963 Gemüter in Wallung. Beifallsgetöse und grelle Pfiffe ließen sich
389 1961 1580 2008 aß der Dichter, der es umernahm, sozusagen eiue Idealisiexung
1900 1959 3134 2002 vernehmen. Die Bedächtigeren wohnten diesem Schauspiel nach
385 1989 1573 2048 es unsterbsichen Schmock fertigzubringen, nie so pon allem weist
1912 1983 3137 2049 dem Schauspiel gelassen bei, denn es war im Grunde
382 2029 1718 2096 erlässen wär, als hier, wo ei seiner am dringendsten bedurfte.
1903 2015 3139 2079 doch nur viel Läim um nichts. Schnitzler beschäftigt
393 2060 1579 2112 on Schmock, der da kann schreiben rächts und kann schreihen lints.
1907 2072 3131 2130 sich in seinem jüngsten Werk mit der Zunft der Tagesschriftsteller,
390 2109 1564 2154 sten wir ugrrene der erci Akte. die sius erst durch eine „bema¬
1914 2094 3143 2168 und der Vergleich mit Freytags „Journalisien“ der sich von selbst
392 2143 1583 2191 atssche“, dani durch eine „christlich=konservativs“ Redaktion
1907 2133 3132 2210 aufdrängt, fällt zu seinen Ungunsten aus. Sein Stück müßte, wenn man den
385 2194 1583 2243 ihren, glaubest, daß er ein Hans Naspus sei; er hat. als Fink.
1914 2181 3143 2247 gleichen Maßitab anlegen wollte, zu leicht befunden werden; darum nimmt
390 2220 1571 2281 ne siggtserhalsende Paule in dem einen Batte verfaßt, gegen
1913 2225 3133 2278 man es auch besser ganz leicht, nur als das, was es ist, als einen
399 2257 1585 2315 eker dänn, als Fliederbusch, in dem andern Blatte nicht'schlecht
1909 2246 3147 2321 bloßen Spaß. Fliederbasch, ein Nachfahr von Freytags Schmock, hat es
386 2294 1575 2357 sschimpft. Denn — sagt Schnitzter — der Jüngling ist ein
1908 2297 3140 2351 in der Kunst des Rechis= und Linksschreibens so weit gebracht,
985 2330 1584 2391 daß Fink sich mit Fliederbusch
391 2336 985 2397 alent. Der Verlauf der Sache
1912 2343 3141 2397 daß er unter dem Decknamen Fink in einem hochkonservat ven Wochen¬
389 2371 1587 2431 hießen soll und auf dem Düellplatz der Schwindel berauskomit,
1920 2372 3139 2437 blatt die Leitaufsätze heftig bekämpft, die er als Fliederbusch in der
392 2412 1604 2468 m dem talentvollen Schmock die begeisterten Glückwünsche der,
1915 2417 3148 2478 demokratischen Tageszeitung „Die Gegenwart“ verfaßt hat. Die
386 2455 1574 2509 olsegen beider Parteien einzutragen, hätte sich vielleicht zu einer
1924 2460 3139 2513 Gegensätze in den beiden Blättern spitzen sich so zu, daß man im
395 2489 1578 2542 übschen Groteske entwickeln lassen, wenn erstens der ganze Wit
1910 2489 3149 2551 konservaltben Lager Fink veranlaßt, seinen Widersacher Fliederdusch wegen
390 2526 1583 2579 icht so überaus dünn rieselte, und wenn außerdem nicht noch das
1914 2519 3155 2605 Beleidigung zum Zweikampfe herauszufordern. Erst auf dem Kampsplatze
398 2554 1584 2633 inglich versehlte Experiment vorangestellt wäre: einen Grofen,
1920 2566 3153 2639 gibt sich der Doppelschreiber zu erkennen und wird nun nicht etwa
386 2607 1596 2662 er nach Pferae= und sonnigem Sport es nun auch mal mit der)
1914 2609 3150 2676 von den anwesenden Leitern der beiden feindlichen Blätter ent¬
391 2643 1572 2697 selitil als Spart versucht, als einen abgeklärten Zeitgenossen die
1918 2658 3144 2712 lassen, sondern diese suchen vielmehr durch gegenseltiges Ueberbieten in
390 2686 1548 2736 olitischen Gegensätze „versöhnen“ zu lassen. Diese an den Haar##
1917 2684 3153 2757 der Gehaltserhöhung ein solches Talent dauernd an sich zu fesseln.
387 2719 1575 2783 erbeigezogene Geschmacklösigkeit bräche der Komödie das Genich
1921 2732 3145 2799 Fliederbusch aber schließt lächelnd mit einem Dritten ab, de ihm noch
388 2773 1591 2826 uch wenn sie sonst billigen Ansprüchen an Geist und Witz genügte,
1929 2778 3151 2839 größere Vorteile bietet. Ein Körnchen bitierer Wahrheit liegt gewiß
393 2803 1039 2873 das, wie gesagt, nicht der Fall int.
1920 2831 3151 2868 auch in dieser Spöttelei über mangelnde Ueberzeugungstreue,
444 2834 1579 2903 Herr Barnowzli, der mit der Annahme dieser Unzuläuglich¬
1922 2862 3156 2917 aber der ganze Gegenstand ist denn doch zu kraß und oberflächlich
395 2877 1588 2944 eit keinen geschickten Geiff tat, hal wahl das Pubeikum damit ein¬
1921 2881 3148 2953 behandelt. Die Gestalten der einzelnen Tagesschriftsteller sind
397 2936 1590 2974 ingen wallen, daß er die Rolle des Fink, die einem jugendlichen
1922 2921 3151 2989 verzerrte Witzblattzeichnungen, insbesondere Fliederbusch selbst, der
392 2969 1587 3024 Lindhund zulommt. z. B. seinem Max Adalbert (dem freilich
1921 2959 3148 3028 durchaus nicht den Findruck des überlegenen Spaßvogels macht, son¬
922 3014 1582 3066 Herrn Bassermann überlrug.
386 3006 859 3069 as Wranerische gogeht),
1925 3012 3149 3062 dern eines Einfaltspinsels, den das sprichwörtliche Glück der Dummen
402 3048 1588 3097 amit komßit pollends eine böse Dissohanz in das Stück, die
1924 3047 3151 3107 begünstigt. Bassermann spielte ihn wenigstens gestern so und überzeigte;
397 3076 1595 3137 lassermann noch verstärkt, indem er den Fink aus dem Naiven
1922 3088 3156 3149 es ist auch fraglich, ob es geraten wäre, die Rolle anders, d. b. einster
392 3113 1590 3190 is Gerissene hin und her pendeln und den armen Schlucker
1934 3139 3156 3183 anzufassen. Auch sonst war gegen die im flottesten Zeitmaß sich ab¬
385 3149 1592 3206 bendrein im modernsten Taillenrock und mit Mönokel sich
1937 3171 3154 3224 spielende Aufführung nichts einzuwenden. Die Herren Wallauer,
393 3185 1598 3241 immeln läßt. Die Bassermann=Gemeinde versetzte das in Ent¬
1923 3206 3159 3265 Licho, Götz, Landa, Schröder, Schroth und andere gaben
394 3242 1592 3297 üchen, — doch blieb ihr Peifall am Schluß nicht unbestrikten, denn
1930 3238 3157 3303 die einzelnen Schriftleiter im kartkierenden Witzblattstil. Schlicht und
379 3269 1439 3339 Ffehlte nicht an vernähmlichem Zischen und — Pfeisen.
1924 3283 3155 3346 liebenswürdig spielte Ferdinand Bonn einen politisierenden Grafen und
458 3311 1590 3379 Die stattliche Schar der übrigen Darsteller war redlich
1933 3322 3157 3385 Ilka Grüning desgleichen die einzige weibliche Rolle seiner sich nur
386 3366 1591 3414 emüht, aus dem dürftig heiteren Dialog herauszuhelen, was nur
1932 3355 3158 3432 für Thealer und Wohltätigkeitsveranstaltungen interessierenden Schwester.
394 3394 1589 3452 nöglich. Die Herren Licho, Lind, Felix, Landa, vor
396 3433 1587 3480 llen Herr Güß, schufen ergötliche Typen. Herr Bonn, in der
402 3480 1588 3534 kolle des polityierenden Sportmanns, nahm seine Sache etwas
391 3511 1599 3578 ahrig und befriedigte nur äußerlich. Scharmänt, wie immer, war¬
393 3537 1562 3615 Frau Grüsing, diesmal als leutfelige Aristokratin. W.—r.“
