3392 4320
252 171 1550 280 27. Einkund Fljederbusch
448 1148 687 1241 —
946 1214 1148 1304 7l
372 1247 590 1336 70 HONTS
600 1280 1315 1392 WIENER CARICATUREN
450 1306 773 1479 71
452 1588 1333 1684 „Fink und Fliederbusch“ von Artur
370 1657 1337 1737 Schnitzler haf-einen originellen Einfall
368 1725 719 1796 als Grundlage.
435 1796 1336 1870 Ein charakterloser Journalist schreibt
350 1851 1333 1935 für zwei Blätter entgegengesetzter Richtung,
345 1913 1336 1981 führt Polemik mit sich selbst und ist dann
337 1967 1331 2052 gezwungen; sich selbst zum Duell zu
340 2026 1329 2103 fordern. „Alles das sehr geistreich aber
706 2116 832 2193 4
325 2172 1306 2243 nicht dramausm. Deppelmenschen sind
324 2221 1310 2314 nicht die richtigen Helden eines Dramas,
321 2272 1316 2377 besonders wenn sie die jüdische Neigung
318 2333 1307 2425 zur Selbstironie haben, die eigentlich allen
318 2391 998 2475 Schnitzlerhelden anhaftet.
404 2458 1297 2543 Die Künstler des Deutschen Volks¬
308 2527 1302 2607 theaters konnten mit aller Mühe keinen
307 2576 1298 2665 vollen Erfolg für die allzustark kon¬
285 2630 948 2707 struierte Sache erstreiten.
1704 173 2157 269 box 33/1
2054 856 2594 944 Wien, .. —
2096 944 2934 1084 2c uav . Der Humorist. Wien
2027 1080 2931 1206 Theater und Kunst.
1923 1186 3144 1249 (Deutsches Volkstheater.) Ein praktischer Dichter und ge¬
1799 1248 3115 1293 lernter Arzt, wie Arthur Schnitzler, weiß, daß geschwundene Potenz —
1797 1306 3145 1359 auch geistige — ein Merkmal des Alters ist. An diesen Maßstab
1805 1349 3136 1407 gehalten, erscheint die Komödie „Fink und Fliederbusch“ greisen¬
1813 1396 3152 1446 haft. Schnitzlers Liebelei mit seiner Muse ist auf einen Tiefstand¬
1809 1444 3158 1501 geraten, der bereits nach dem Abschiedsouper ruft. Der Autor ist
1805 1503 3154 1553 diesmal nicht nur von allen guten Geistern, sondern auch vom
1809 1545 3147 1604 guten Geschmack und Takt verlassen. Eine Nachdichtung der
1821 1601 3139 1651 „Journalisten“, aktuell verbrämt, entspricht keinem Herzensbedürfnis.
1813 1641 3149 1704 Und Schnitzler ist gewiß der Letzte, der sich erlauben darf, in die
1813 1688 3149 1745 Redaktionsschüsseln, aus denen er stets die fettesten Bissen bekam,
1818 1731 3144 1794 zu spuken. Es ist nur gerechte Vergeltung, wenn die Kritiker der
1808 1782 3134 1839 Tagesblätter, ohne Unterschied der Parteistellung, an dem Ver¬
1810 1838 3143 1884 fasser des „Fink und Fliederbusch“ Vergeltung üben. Man sagt,
1813 1879 3150 1947 daß es an dem Widerstande der Regie lag, den Chefredakteur
1809 1933 3149 1998 Leuchter nicht in der Maske eines kürzlich verstorbenen führenden
1815 1979 3144 2056 Zeitungsmannes auftreten zu lassen. Vor Toten braucht niemand
1821 2039 3144 2095 Respekt zu haben, behauptet Schnitzler zynisch durch den Mund
1805 2083 3139 2138 einer Figur in diesem Stücke. Bei dem Fürsten Niederhof, der in
1813 2133 3135 2180 der Maske eines ehemaligen Ministers und böhmischen Statt¬
1808 2183 3148 2238 halters herumwandelte, wurde leider die dramatische Leichen¬
1811 2217 3153 2299 schändung nicht verhütet. Ueberfluß an Talent könnte fehlenden
1816 2281 3143 2336 Anstand entschuldigen; im gegebenen Falle (bald hätte ich gesagt
1805 2336 3143 2391 Durchfalle) ist dieser mildernde Umstand nicht vorhanden. Es
1813 2374 3135 2431 wird entsetzlich viel breitmäulig und langatmig von den Personen
1807 2428 3141 2475 auf der Bühne herumgeredet. Auf drei Dutzend Sentenzen kommt
1811 2473 3142 2536 höchstens ein Gedanke. Und welche Technik! Seit auno Kotzebue
1819 2529 3143 2582 monologisiert man in keinem modernen Lustspiel; der muniere
1814 2574 3140 2631 Held „Fink und Fliederbusch“ aber kann sich an Selbstgesprächen
1822 2620 3145 2673 nicht genug tun. Die burleske Lizitation um den doppelläufigen
1815 2674 3129 2730 Schmock ist, mit Verlaub, schon Wurstelprater und nicht Deutsches
1809 2723 3136 2779 Volkstheater. Die ganze Aufdeckung der Kochtöpfe in einem Zei¬
1809 2771 3131 2825 tungsbetriebe ist mehr unappetitlich als anregend. Kein Wunder,
1813 2821 3139 2867 daß statt der Pauken und Trompeten, mit denen sonst der Ruhm
1809 2871 3145 2929 eines neuen Schnitzler begleitet wurde, verstummte. Man hörte
1819 2922 3148 2992 nur ein Zügenglöckchen für den aufgegebenen Geist, als Begleitung
1808 2966 3131 3026 zu dem wehmütigen Liede: Scheint die Sonne noch so schön,
1816 3016 3137 3072 einmal muß sie untergehn. Daran änderte die Tatsache nichts,
1804 3065 3148 3112 daß Heinrich Glücksmann (hier ein Unglücksmann) das fatale
1806 3114 3142 3166 Zwischenakts=Weihrauchfaß schwang. Daran änderte auch nichts
1812 3165 3135 3226 das Aufgebot der besten Schauspielkräfte. Den Bemühungen Edt¬
1809 3212 3148 3277 hofers, Kramers, Thallers und Forests wurde gebührend Dank
1805 3267 3144 3339 und Anerkennung gezollt. Die bezahlte Claque tat das gleiche für
1794 3305 2111 3372 den Verfasser.
2926 3310 3071 3396 (I. D.
2938 4054 3224 4166 B
