3344 4352
1709 211 2177 299 box 3372
250 189 1574 320 27. Eink und Fliederbusch
233 1066 390 1132 —
1937 1175 3105 1229 mag, wenn er sich freilich auch wohl in anderen Ländern fin¬
781 1181 1930 1231 handeln, benutzt ihn aber augenfällig nur als Figur in seinem
135 1179 766 1236 #t gegen Fliederbusch polemisiert,
1944 1202 3105 1267 det. Die Figur dieses äußerlich wie innerlich hochkultivierten
770 1223 1938 1285 Komödienschach; er hat eben das untrügliche Gefühl daß die
150 1211 766 1279 selber annehmen muß, das fast
1949 1255 3113 1313 Feudalen, der sich selbst ohne Grundsätze und Ueberzeugung,
779 1252 1936 1310 Naivität seines Helden eine notwendige Begriffskonstruktion
139 1247 777 1316 die groteske Gipfelung des lusti¬
1943 1303 3115 1358 weiß und darum alle Grundsätze und Ueberzeugungen leugnet,
773 1297 1937 1359 ist, die der Figür ihre Existenz in der Komödie ermöglicht
158 1304 778 1351 , der dem Dichter vielleicht aus
1947 1336 3107 1384 ist die wertvollste und menschlich lebendigste Gestalt der Ko¬
768 1326 1932 1388 und vom Abgleiten in den Schwank verhindert, in dem ihr
126 1336 776 1399 nis in der Wiener Zeitungswelt
1951 1372 3100 1434 mödie, ist darüber hinaus vielleicht eine der gelungensten
782 1376 1928 1431 Toppelspiel zu einer bewußten Gaunerei würde und die tiefere
139 1364 771 1433 taugt sowohl für einen Schwank
1949 1400 3106 1469 Charakterschöpfungen Schnitzlers überhaupt. Ein gültiger
778 1412 1931 1474 Bedeutung für Schnitzlers Dichterphuosophie verlöre. Sie
132 1413 774 1471 ls Schwank ist er auch schon ein¬
784 1439 1926 1509 verliert natürlich bei der Unmöglichkeit, ein solches Doppel¬
1945 1451 3095 1507 Repräsentant vergangenen, ja jüngst. vergangenen Staats¬
136 1448 778 1519 ler, durch den Franzosen Tristan
782 1492 1931 1547 spiel jenseits bewußter Erkenntnis anzunehmen, jede Lebens¬
1943 1478 3118 1554 mannstumes scheint diese, ideallose Geist zu sein, der mit;
148 1505 772 1560 Schnitzler mußte ihn als Ko¬
771 1526 1928 1580 wahrscheinlichkeit und wird damit zur Groteske, zur
1944 1530 3119 1584 lächelndem Skeptizismus alle Standpunkte mit einer sie im
143 1538 771 1587 zu einer heiteren, aber nicht ge¬
785 1573 1927 1621 symtolischen Verkörperung seelenloser Technit, geistusen
1945 1578 3113 1640 Grunde beleidigenden Weitherzigleit geiten läßt; dem Ueber¬
147 1582 771 1630 Grunde bitter ernsten Komödic
776 1613 1926 1658 Metiers. Damit lommt freilich ein großer Sprung in die
1948 1618 3105 1673 zrugungen nur fixe Ideen, Idealisten Monomanen der Ideen,
145 1612 776 1677 Dichters bedingt. Niemand kann
778 1653 1935 1704 künsuerische Stilreinheit des Stückes, da der groteste Held
1952 1653 3113 1707 sympathische Narren sind. Ein fatalistischer Freigerst von:
131 1647 774 1714 treten. Die Gestalt des Ueber¬
776 1687 1925 1734 in einer ziemlich realistisch, wenn alch nicht ohne vergrobernde
1951 1684 3119 1753 scheinbar fast nihilistischer Ungebundenheit, der aber innerlichst,
138 1696 777 1754 dankenkreisen Schnitzlers zu sehr
769 1722 1926 1784 Uebertreibungen gezeichneten Umgebung steht und deshalb
1949 1722 3113 1777 doch dem dunklen Zwang belächelter, doch zwingender Tradition
146 1730 773 1799 icht zu gedanklichster Vertiefung
775 1756 1936 1813 dem flüchtigen Blick des Beschauers irrtümlich als Reprasen¬
1951 1777 3116 1835 folgt. Die (Reaktion in sanfteste: Ueberredung, die die „An¬
148 1779 779 1834 Dichterauge hat stets das weite
774 1801 903 1854 tant
898 1811 1928 1862 des Kreises seiner Berufsgenossen erscheinen
1943 1816 3103 1877 ziehungskraft der aristoktatischen Sphäre auf das bourgeoise
135 1812 781 1871 ihrer ständigen Lüge und unend¬
781 1837 926 1895 kann.
908 1848 1938 1910 Einer solchen Verwechselung braucht sich der
1950 1848 3117 1913 Pack der Snobs sehr verstandsich macht. Wenn aus solchem:
135 1859 770 1919 onihrei Chamäleon= und Pro¬
774 1879 1928 1934 anständige Journalist beim Publiium nicht ausgesetzt zu
1947 1888 3115 1953 Mund die lechnisch sportliche Auffassung und Wertschätzung
133 1889 768 1954 ergeist hat je und je den ewigen
778 1924 1924 1974 fühlen, und so wird Schnitzler sicher gerade auch fast alle
1945 1936 3106 1990 gepriesen wird, so findet das Thema Fink und Fliederbusch!
145 1932 773 1990 n, Wahrheit und Lüge, Wirklich¬
786 1966 1921 2010 Männer von der Presse unter den Lachern auf seiner Seite
1951 1973 3123 2024 sein Echo auf verwandter Gegenseite, so wird der feudale Nihi¬
144 1985 767 2036 n, und ist gern auf den Grenz¬
780 2004 1923 2062 haben. Die herbe Ironie, mit der das Milieu der demokra¬
1958 2009 3111 2072 list zum Zwillingsbruder des ueberschmocks und es erfüllt sich)
147 2021 782 2082 neinander übersließen und wo es
784 2045 1929 2088 tischen Redaktion als kettenrasselndes Zeitungsbagno mit
1933 2050 3112 2110 wieder die Identität der Gegensätze. Man kennt das Gegen¬
154 2064 778 2132 Meisters bedarf, um Spiel und
782 2058 1928 2134 Wiener Lotalfarben ausgematt ist, könnte allerdings wohl in
1946 2096 3103 2139 spielerpaar der Komödie von manchem Trama Schnitzler her:
148 2099 318 2164 uschen.
781 2124 1942 2183 der Heimatstadt des Dichters Mißstimmung erregen, und es
1948 2131 3116 2194 stets steht dem sicheren einheitlichen Tatmenschen der schwan¬
149 2135 631 2215 der Traum und Wachen,
779 2159 1925 2214 ist dem fernerstehenden Beurteiler unmöglich, zu erkennen,
1942 2172 3113 2226 kende Grübler gegenüber, aus dessen Munde zum guten Teil:
156 2194 624 2241 Sicherheit ist nirgends.
790 2189 1925 2251 ob hier rein künstlerische Satire oder die Schärfe eines ver¬
1951 2217 3112 2270 der skeptisch müde Geist des Dichters selber spricht: hier hat
156 2224 671 2303 n anderen, nichts von uns.
788 2239 1934 2295 letzenden Schlüsselstückes vorliegt. Schnitziers Journalisten¬
1940 2238 3115 2319 er diese Kontrastierung in höchst geistreicher Weise variiert,
782 2274 1932 2327 spiegel blickt zwar trüb aber weiß er sich nicht selber auch zum
1947 2292 3104 2340 indem er den Tatmenschen (Finl=Fliederbusch) zum äußerlich
788 2322 1934 2372 Besten zu halten? Mit wahrhaft lustiger Selbstironie zeigt
1940 2329 3116 2396 zwiespältigen, und den innerlich zerrissenen (Grafen) zum
147 2312 778 2395 d Fliederbusch fragt sich in allem
790 2356 1933 2410 er, daß er von dem beinahe marottenhaften Zwange weiß, mit
1933 2369 3101 2434 äußerlichen Bilde des männlichen Aristolraten machte. Wie
132 2357 774 2440 ntlich Fink oder Fliederbusch sei.
786 2381 1936 2452 dem er sich an seine antithetischen Gedankenkreise wie Tod
1946 2410 3110 2468 zum Ersatz des gräflichen Gegenspielers, der am Schluß der
142 2400 770 2469 legentlich juckt, einen Fink zu
786 2429 1932 2488 und Leben, Traum und Wirklichkeit gebunden weiß: in einem
1944 2449 3104 2494 Komödie in seinen Zwillingsbruder übergrht, ersteht dem
143 2448 778 2508 Fink, der nur durch einen Ireium
777 2470 1934 2536 Reporterjournalisten, Dr. Kajetan, führt er den Affin seiner
1943 2477 3111 2542 Ueberschmock ein neuer.Gegenspielet, ein Ueberläufer aus dem
149 2493 773 2548 erbusch auf die Welt gekommen
783 2506 1936 2578 selber vor, der stets mit solchen Antithesenpaaren um sich wirft
1947 2532 3118 2588 konservativen Lager, der zu dem demokratischen Blatte über¬
150 2526 782 2587 Formung des Dichters kein be¬
787 2543 1944 2620 und ein epochales Werk über die Identität der Gegensätze
1944 2567 2775 2631 geht und gerade Fliederbusch ersetzen wird.
140 2563 779 2617 ein wahres Gesicht eine Maske
780 2591 980 2662 verheißt.
138 2608 787 2666 gling, der in der Entwickelung zu
1993 2619 3106 2673 Der grüblerische Schnitzler der dramatischen Phantasie¬
140 2647 782 2694 der Redaktion der demotratischen
1953 2648 3103 2706 spiele hat in dem Journalistenstück mit dem neueren Schnitzler!
833 2642 1936 2709 Schnitzler müßte nicht der grüblerische Gestalter sein, der
145 2683 780 2740 heren Hafen gelandet glaubt, als
1942 2695 3102 2757 des sozialtritischen Milieudramas („Professor Bernhardi")
781 2710 1945 2761 er ist, wenn ei seinem Helden die gradlinige Eindeutigkeit !
140 2719 789 2777 s journalistisches Talent entdeckt
1945 2727 3106 2799 einen eigenarligen Bund geschlossen; ein Männerstück wie
781 2734 1949 2803 bestimmter Prägung gegeben hätte. Sein Fint schlägt nicht
143 2767 785 2817 er seine Meinung aber instintliv
1947 2776 3122 2834 dieses verengt die Komödi ihre Wirtung vielleicht noch mehr
783 2788 1926 2837 mit der hellen Stimme des lustigen Vozels, sein Fliederbusch
150 2792 781 2853 er sich bei dem Herausgeber des
1956 2817 3109 2879 auf jenen schmalen Kreis Gebildeter, die durch die Aeußer=)
786 2812 1918 2880 blüht nicht in klare Luf: hinein. Die Gedankenfäden des. Dich¬
128 2832 788 2903 attes von der aristokratischen
1956 2857 3113 2911 lichkeit von Scherz, Satire und Frenie zur tieferen Bedeutung;
796 2846 1942 2918 ters überspinnen ihn mnt einem nebelgrauen, Netz begrifflicher
135 2876 785 2938 enso freundlich ausgenommen
1955 2893 3108 2948 finden.. Aber auch- diese werden die heitere Hoffnungslosig¬
797 2906 1943 2957 Symbolik: er hat nicht nur als Verkörperung seelenlosen
136 2912 785 2983 eugung findet er, in ihrer letzten
1948 2915 3123 2981 leit lächelnd bedauern mit der der Dichter am Schluß seine)
796 2928 1942 3011 Handwerkertums, sondern auch als Vertreter des pölitischen
131 2965 777 3019 In, als er die Bekanntschaft eines
1956 2958 3113 3027 Marionetten abtreten läßt, und sie werden sich erinnern, daß!
794 2981 1940 3043 Snobs zu gelten; „dieser kläglichen Mischung von Lakaien,
130 2995 775 3056 acht der sich auf dem Weg zur
1945 3012 3113 3067 er im „Einsamen Weg“ zu dem herben Urteil über seine!.
791 3020 1945 3085 Feiglingen und Renegaten“, dieser „unentbehrlichen Bundes¬
147 3027 786 3098 schaftsblatt mit Kauf= und Neu¬
1945 3048 3098 3116 eigene müde Generation die ahnende Hoffnung gefügt hat:
783 3059 1944 3132 genossen des Feudalismus“ Unter diesem Gesichtswinkel hat
138 3066 776 3136 nd dabei das schreibfertige Hand¬
1956 3073 3117 3157 „Es scheint mir überhaupt, daß jetzt ein besseres Geschlecht:
796 3097 1946 3163 der Dichtet auch den Vertreier der Aristokratie gezeichnet:
152 3105 791 3179 Verwandlungskünstlers, schätzen
1948 3108 2866 3199 heranwächst, mehr Haltung und weniger Geist.“
792 3133 1945 3198 einen klerikalstenservativen Grafen, der seinen spörtlichen
151 3158 786 3214 wei Ueberzeugungen hat also im
786 3187 1955 3249 Ehrgeiz in der Mitte des Lebens in die Politik hinüberträgt
152 3194 798 3258 esinnungslump ist eigentlich jeder
2003 3197 3109 3270 Es ist schon berichtet worden, daß das Publikum der
784 3223 1949 3279 und den Typ des blasierten Amateur=Staatsmannes darstellt,
147 3232 793 3292 hter vermeidet beflissen, ihm Ge¬
168 3271 3105 3350 rzulegen, läßt ihn vielmehr nur l einen Typ, der Schnitzler aus seiner Heimat vertraut sein 1 Frankfurzer Premidre das Stück nach dem zweiten Akt
1527 3315 1646 3382 Auruain
736 3332 843 3413 0
1481 3341 1664 3423 4
1787 3342 1947 3430 4
1945 3360 2255 3457 R
