3344 4352
270 189 1595 281 27. Finkund Fliederbusch
487 1043 1644 1116 steine Kenkinis hat, und daß die Nachricht von einer
488 1100 1639 1167 Verhaftung des Msgre. Elkas vollständig erfun¬
481 1122 687 1202 den ist.
488 1255 1645 1295 der die lustigen Verwicklungen brachte, mit freundlichem Bei¬
488 1294 1647 1349 Ifall aufnahm, während der Schlußakt weniger wirkte. (Der
493 1336 1644 1388 Erfolg der Wiener Uraufführung, die vor einigen Tagen statt¬
483 1377 1645 1432 lfand, soll ungefähr ähnlich gewesen sein.) Die Aufführung
488 1410 1641 1471 des Neuen Theaters unter der fleißigen Regie Direktor
494 1458 1636 1507 Hellmers, dessen rührigem Geist die Neuheit wie so
492 1490 1647 1555 manche interessante Première der letzten Zeit zu danken war,
488 1545 1652 1590 thatte mancherlei für das Werk getan, ließ aber doch die Ein¬
487 1574 1640 1623 twirkung der Kriegsverhältnisse auf die Darstellungsmöglich¬
496 1607 1645 1665 (keiten erkennen und zeigte auch einige Fehlbesetzungen.
494 1647 1653 1705 Immerhin bot sie im großen und ganzen ein zutreffendes
497 1695 1652 1741 Bild der dichterischen Absichten, namentlich in der Titelrolle,
502 1734 1643 1785 die Herr Graetz mit der angemessenen natürlichen Einfach¬
491 1776 1644 1816 theit spielte. Herr Brückner als Graf war äußerlich von
493 1811 1650 1862 (durchaus weltmännischer aristokratischer Haltung, jonglierte
494 1852 1649 1902 aber mit den geistigen Gewichten der Rolle, als wären sie von
494 1892 1649 1943 Papiermaché, was namentlich den dritten Akt um manche
484 1926 1643 1987 #tiefere Wirkung brachte. Die tragikomische Figur des
485 1967 1644 2027 deklassierten Aristokraten, der ins demokratische Lager über¬
488 2005 1656 2056 geht, charakterisierte Herr Klöpfer mit zwingender Aus¬
491 2049 1646 2095 drucksweise, nur äußerlich etwas zu salopp. Die ver¬
500 2085 1647 2133 schiedenen Journalisteneypen kamen bei den Herren Lobe.
497 2128 1646 2181 Schwartze, Reimann zu recht guter Wirkung. während
496 2165 1658 2211 sie bei anderen Darstellern unter derber Vergröberung oder
492 2211 1658 2265 ungeeigneter Besetzung litten. Der in Gesellschafts=Wohl¬
494 2252 1647 2299 tätigkeit herrschenden Wiener Fürstin lieh Frl. Sangora
499 2288 1652 2321 scharmante Fraulichkeit und schöne Toiletten, doch etwas zu
485 2317 1644 2373 wenig fürstliche Würde. Den wienerischen Ton brachte außer
490 2366 1651 2408 ihr und Herrn Brückner nur noch Herr Grüning heraus,
490 2403 1651 2466 und auch in anderem Aeußerlichen merkte man nicht immer
492 2438 1004 2507 Wiener Weltstadtmäßiges.
1469 2446 1620 2514 r. b.
558 2506 1647 2581 = (Akademische Nachrichten.! Der Ordinarins für Philosophie
485 2564 1651 2616 in Heidelbera. Dr. Heinrich Rickert erhielt, wie uns mitge¬
497 2603 1644 2645 teilt wird einen Ruf an die Wiener Universität als Nachfolger des
492 2640 1656 2675 v. Professors Friednich Jodl. — Der Privatdozent an der Universität
490 2669 1658 2732 München Dr. H. Vogels hat einen Ruf auf den Lehrstuhl der
504 2707 1644 2755 neutestamentlichen Exegese in Straßburg angenommen. — Der o.
493 2739 1649 2781 Professor für Deutsches Recht in Göttingen Dr. Konrad Beyerle
492 2773 1654 2818 hat einen Ruf nach Bonn auf den Lehrstuhl für deutiches bürger¬
498 2809 1653 2853 liches und Kirchenrecht als Nachfolger des o. Professors Ulrich Stutz
502 2844 1662 2895 erhalten. — Wie nus aus Bern gemeldet wird ist der o. Professor
499 2867 1656 2912 für Mathematik Dr. E. Ott dort gestorben. — Der französische Philo¬
498 2905 1652 2970 loph Emile Durckheim. Professor an der Pariser Universität
497 2940 1033 3007 ist, wie wir erfahren, gestorben.
556 2969 1656 3034 = Aus den Frankfurter Theatern 1 Die Direktion des Neuen
491 3024 1660 3079 Theaters gibt belggnt: Das Programm des geistlichen Kou¬
494 3056 1643 3098 zerts am 21. d. letzt sich wie folgt zusammen: Kammersänger van
499 3088 1654 3132 Rooy singt eine Kanigte von Mozart, fünf biblische Gelänge von
500 3125 1645 3171 Dvorak „Liebster Herr Jesu und „Todessehnucht“ von Bach, sowie die
499 3159 1648 3203 Allmacht" und „Litanet“ von Schubert. Herr Rebner spielt die
498 3181 1655 3226 Sonate C moll von Hiber sowie das Andante C-dur und Präludium
497 3215 1655 3290 Edur von Bach. Die Begleitung hat Herr L. Matossi übernommen.
1699 197 2188 290 box 33/2
2838 1012 3301 1084 —ni.
1662 1047 2805 1120 Armee Djemal Pascha ihren Hauptwiderstand in eine Linie
2836 1059 3353 1122 Schwäche, von einem Nachl
1669 1108 2807 1171 südwestlich von Jerusalem (Hebronlinie) verlegt. Die an¬
2837 1118 3346 1170 zu seinem guten Ende fort
2829 1151 3325 1205 wenn die Engländer in
1667 1151 2817 1208 dauernde Flankierungsgefahr von der See her und im Küsten¬
2825 1185 3342 1238 Wälle stürmen? Hat in die
1671 1202 2804 1255 abschnitt veranlaßte offenbar den türkischen Befehlshaber
2826 1233 3344 1287 Reichstags ungünstig eingen
1665 1241 2806 1296 seinen rechten Flügel noch stärker zurückzubiegen. Daduich
2839 1272 3341 1320 Geschlossenheit fester gewese
1673 1286 2805 1336 wurde den Engländern der Marsch nach dem Küstenplatz
2843 1311 3345 1365 siegesfreudiger als je zuvor
1672 1330 2817 1377 Jaffa freigegeben. Nördlich davon sollen sich neue türkische
2842 1354 3353 1403 Streitpunkte zurückgestellt“
1671 1362 2820 1429 Verteidigungsanlagen besinden. Die Gefahr eines konzen¬
2836 1388 3353 1445 die Frage des Verständi
1668 1418 2809 1463 trischen Vormarschs (von Westen und Sücwesten) gegen
2834 1430 3322 1497 der Verständigung muß
1671 1452 2818 1523 Jerusalem liegt im Bereich der Möglichkeit. Die Hebronlinie
2831 1466 3162 1531 standes sein.“
1678 1506 2816 1561 scheint noch Stand zu halten. Die türkische Heeresleitung wird
3202 1524 3354 1615 Zwei
1674 1552 2818 1613 aber zu energischen und durchgreifenden Maßregeln schreiten
1672 1586 1847 1655 müssen.
2886 1587 3353 1669 Der Stellvertretende Ko
2857 1634 3343 1716 tin ersucht uns um Aufna
1715 1671 2757 1738 Die japanisch-amerikanischen Verhandlungen.
2907 1695 3340 1764 „In Nr. 302 der „Fran
1727 1731 2813 1803 Tokio, 18 Novbr. (W. B.) Meldung des Reuterschen
2833 1738 3344 1809 1017 ist in der Korresponde
2841 1795 3352 1849 tin u. a. folgendes behau
1671 1792 2816 1849 Bureaus. Amilich wird gemeldet, Japan sehe sich genötigt,
2889 1837 3347 1893 Als die Vaterlandsparte
1672 1843 2815 1898 die Verhandlungen über ein Abkommen mit den Ver¬
2841 1865 3352 1930 versammlung „Ausweiskarte
1677 1881 2818 1950 einigten Stauten, wonach Japan eine Viertelmillion
2845 1926 3352 1974 mitglieder ausgab, sah sich
1669 1941 2818 1996 Tonnen Schiffsraum gegen Lieferung von 175 000
2835 1958 3354 2015 Kommandierende General
1666 1993 2810 2046 Tonnen Stahl stellen sollte, abzubrechen. Japan sei
2829 2003 3351 2060 dings auf das im Vorjahre
2838 2037 3353 2101 die Polizeiverwaltungen da
1678 2044 2814 2107 nicht imstande, Amerikas Forderungen bezüglich der Alters¬
2848 2077 3352 2138 dieser Befehl „unter allen
1677 2090 2601 2155 grenze der Schiffe und des Preises anzunehmen.
2894 2120 3342 2176 Dies ist insoweit unwah
1830 2147 2661 2228 Amerika und der Ententekriegsrat.
2844 2158 3348 2226 ral seine Verfügung vom 19
2848 2212 3353 2269 Einspruch, der gar nicht vor
1731 2211 2819 2278 4 Haag, 19. Novbr. (Priv.=Tel.) Reuter meldet aus
1671 2261 2820 2310 London: Oberst House erhielt ein Telegramm vom Präsi¬
2834 2289 3337 2354 partei als auch der Vater
1660 2294 2817 2347 denten Wilson, in welchem dieser mit Nachdruck erklärt, daß
1676 2338 2810 2389 die Regierung der Vercinigten Staaten die Einheit der Pläne
2843 2339 3351 2400 Generalkommando die Abha
1667 2369 2820 2429 und die gegenseitige Kontrolle zwischen allen Alliierten und
2843 2387 3352 2440 Versammlung verboten, die
1671 2415 2824 2473 den Vereinigten Staaten für notwendig hält, um einen dau¬
2845 2419 3347 2500 gegen ausdrücklich gestattet
1667 2465 2818 2505 ernden Frieden zu erlangen und die Hilfsquellen der Vereinig¬
3001 2473 3343 2545 Der Stellvertrete
1664 2497 2825 2551 ten Staaten aufs Vorteilhafteste auszunützen. Der Präsident
1678 2539 2829 2582 ersucht House, mit den Staatsoberhäuptern der alliierten Re¬
3227 2526 3353 2595 Frhr.
1667 2571 2830 2634 gierungen zu konferieren, um die Zusammenarbeit zustande zu
2957 2578 3341 2668 Die Reschstags-
1672 2613 2819 2663 oringen. Außerdem ersucht er ihn, der ersten Zusammenkunft
1676 2648 2819 2697 des Obersten Kriegsrates beizuwohnen in Gemein¬
2881 2639 3329 2717 N Berlin, 19. Novbr.
1676 2691 2817 2741 schaft mit General Bliß, dem Chef des Stabes der amerika¬
2846 2698 3340 2756 v Tirpitz die Kandidatun
1665 2732 2814 2792 nischen Armee. Man hofft, daß die Zusammenkunft vor dem
2844 2739 3351 2795 als Kandidat der antisemi
1684 2771 2607 2823 Ende dieses Monats in Paris stattfinden wird.
2849 2782 3347 2836 tische Glasermeister Wetzl
2845 2819 3347 2868 der Rechten die Erwartung
1721 2846 2822 2910 t Haag, 17. Novbr. (Priv.=Tel.) Gestern begann vor aus
2834 2860 3351 2904 mehr der Burgfrieden wied
2839 2904 3351 2944 einzige Kandidat zu betra
1675 2895 2816 2949 verkauftem Hause die von dem Elberfelder In endanten von
2837 2938 3353 2996 schreibt der „Vorwärts“: D
1678 2936 2801 2989 Gerlach veranstalteten deutschen Opernauffüh
2847 2981 3352 3033 schlagen, denn die Sozialist
1678 2972 2818 3028 rungen im Haag mit den „Meistersingern". Richard
2840 3013 3346 3068 laß, etwa ihre Kandidatur
1680 3017 2818 3067 Strauß dirigierte. Die mitwirkenden Kräfte, wir Urlus
2841 3054 3342 3121 Kriegstreibers zurückzuziehe
1681 3062 2830 3114 als Walter Stolzing Frau Hafgren=Waag als Evchen, Paul.
1678 3091 2832 3154 Bender als Hans Sachs, Heinrich Schuz als Beckmesser und
1670 3134 2827 3184 Walter Hente als David waren ausgezeichnet. Die Blätter
2908 3124 3352 3193 w Stuttgart, 16. Novb
1671 3174 2818 3234 rühmen ausnahmslos die Vorstellung, zum Teil mit begeister¬
2843 3174 3339 3232 rung bewilligte mit Rücksich
1678 3207 2829 3263 ten Worten. Das Amsterdimer Konzert=Gebruw lieh der Aufs
2842 3218 3352 3271 rung den Staatsbeamten e
1671 3253 2826 3302 führung seine Kräfte Auch die Inszenierung, besonders die
2841 3256 3344 3307 von 200 Mark und den st
1650 3278 3346 3363 Dekoration von Alt=Nürnberg, fand den lebhaftesten Beifall, 1 der täglichen Kriegszulagen
