3344 4320
192 201 2113 287 27. Einkund Friederbusch box 33/1
189 1063 979 1268 Karlsruher Tagblatt
204 1235 883 1375 e Karlsruhe i. Bad.
472 1351 906 1467 2 2.900.191)
1441 1421 1567 1505 —
1255 1491 3294 1549 Es hätte dieser Vorsicht nicht bedurft. Was Ueberzeugungen für Humbug erklärt und das das H#
3137 1527 3285 1585 schon
2183 1543 3154 1587 ganze Leben nur vom Sport=Standpunkt wertet.
1222 1527 2176 1601 Schnitzker schreibt, ist viel zu persönlich prägnaut,
2181 1583 3284 1629 Wie nun der wahre Protz der Gesinnungslosigkeit Fabe:
1231 1584 2195 1635 als daß selbst ein Zusammentreffen zufälliger
473 1534 1045 1656 Der neue Schnitzler.
3145 1612 3278 1663 Man
2183 1611 3147 1665 gegenüber jenem Spötter und Verächter für die
1223 1614 2188 1676 Stoffgleichheit seinen Wert irgendwie herabsetzen
3139 1641 3282 1708 einer
2186 1650 3147 1703 Sache der Ueberzeugung eintritt, das ist mit
334 1639 1167 1718 (Uraufführung im Deutschen Volkstheater
1226 1656 2194 1718 könnte. Und gerade diesen Journalistenstoff hat
3133 1684 3263 1743 ben.
2182 1692 3146 1745 einem wahrhaft insernalischen Hohn gesehen und
1224 1699 2184 1748 der Dichter mit besonderer Liebe angefaßt. Mit
623 1704 884 1782 in Wien.)
3145 1729 3292 1783 Grade
2185 1734 3145 1783 wiedergegeben. Zum Schluß muß sich der Jour¬
1223 1745 2187 1799 Liebe — nicht mit Wärme. Vielmehr hätte nie¬
3145 1756 3295 1828 Anato
2189 1756 3149 1821 nalist mit dem Januskopf freilich selbst demas¬
300 1758 1146 1833 Dies Komsdie „Fint und Fliederbulc“
1233 1777 2183 1833 mand dem sonst so reichen und konzilianten Dich¬
2175 1801 3154 1866 kieren. Denn auf dem Kampfplatz erscheint nur
3138 1812 3303 1868 komm
262 1788 1234 1855 Artur Schnitzter, über deren warme Aüf¬
1228 1823 2195 1877 ter solche Krafi der Satire, so ätzende, unerbiti¬
3145 1848 3292 1905 mit na
2179 1836 3140 1900 ein Duellaut, der sich nach rechts als Fink, nach
260 1851 1239 1905 nahme im Jeutschen Volkstheater ich schon kurz
1241 1857 2037 1923 liche Härte der Beobachtung zugetraut.
3136 1882 3279 1940 Aber
2180 1886 3140 1942 links als Fliederbusch vorstellt. Aber die Ent¬
264 1888 1239 1954 berichtet habes gehört zu den gelungensten Arbei¬
1270 1878 2184 1947 Sein Held ist ein junger Zeitungsmensch ohne
2181 1923 3146 1976 larvung verläuft unerwartet gemütlich. Die bei¬
3148 1927 3292 1997 würdig
251 1926 1237 1984 ten des bedeutenden Wiener Dichters. Spricht es
1227 1923 2195 1994 jede Ueberzeugung — als die eine, möglichst rasch
2192 1965 3149 2016 den Chef=Redakteure trachten sich den witzigen
262 1977 1212 2024 schon für seinen künstlerischen Ernst, daß er —
1224 1973 2196 2034 und günstig hinauszukommen. Da ihm das bei
2192 1986 3149 2059 Mitarbeiter förmlich ligitando gegenseitig abzu¬
3141 1975 3292 2062 wbgrte
259 2010 1219 2066 ungleich dem vielleicht größeren Schönherr —
1229 2008 2201 2062 der „Gegenwart“, einem politischen Tagblatt farb¬
2190 2036 3144 2100 jagen, der Graf bietet ihm die selbständige Lei¬
3138 2031 3292 2103 elegan
260 2035 1231 2100 sein Stoffgebtet unablässig zu erweitern bemüht
1232 2041 2193 2106 loser Richtung nicht in der erwünschten Weise ge¬
2181 2087 3149 2134 tung einer nenzugründenden konservativen Zei¬
3138 2080 3300 2148 nalisti
265 2091 2200 2148 ist, daß er nach der rein erotischen die Gesell= lingt, kokettiert er unbedenklich mit der Gegen¬
3133 2123 3291 2191 der in
263 2128 1242 2175 schafts= und psychologische Komödie ausdauernd
1231 2130 3148 2191 richtung. Die Gelegenheit ergibt sich, der Graf tung an und — ladet die ganze Gesellschaft zum
2197 2165 3139 2220 Frühstück ein. So geht alles in schönstem Wohl¬
3148 2165 3296 2223 spiele
265 2170 1237 2228 gepflegt, nach reizvollen Abstechern ins Versstück
1229 2161 2197 2228 Niederhof ein aristokratischer Sportsmann und
2188 2205 3145 2259 gefallen aus und nur die — spärlichen — Fana¬
3137 2206 3288 2257 diese
265 2193 1244 2260 schließlich mit „Professor Bernhardi“ Neuland be¬
1240 2203 2190 2262 nebstbei Politiker, hat eine selbst vom fendalen
2187 2240 3294 2315 tiker der Gesinnung schnauben Haß und Rache. — stische
262 2242 1247 2305 treten und nun das höchst zeitgemäße Milieulust¬
1233 2249 2197 2298 Standpunkt brutale Rede gehalten, worin er die
2212 2279 3159 2330 Es ist klar, daß es Artur Schnitzler um
268 2287 1251 2343 spiel des Journalismus geschaffen hat, so zeigt
1235 2286 2203 2338 Erschießung eines Knaben bei einem Arbeiterauf¬
2186 2320 3143 2374 diese Handlung, gegen deren Einzelheiten sich
3146 2314 3300 2393 von
262 2326 1248 2382 dieses neueste Werk, was sehr erfreulich genannt
1241 2324 2198 2382 stand als belanglosen Zwischenfall bezeichnet. Der
2190 2364 3154 2413 manche Einwendungen vorbringen lassen, nicht
3145 2354 3288 2419 schen!
265 2366 1243 2421 werden muß, keineswegs ein Ermatten seiner
1238 2367 2199 2420 Artikel erregt in der pfeudo=liberalen Redaktion
2196 2380 3150 2451 in erster Linie zu tun war. Das Wichtigste blieb
3153 2396 3297 2470 den T
270 2397 1246 2461 Gestaltungskraft. Im Gegenteil — kaum je hat
1233 2411 2179 2464 der „Gegenwart“ Entrüstung, Fliederbusch — so
3145 2443 3281 2508 logs.
266 2448 1227 2500 diese reife Meisterhand so sicher und überlegen ge¬
1240 2441 3154 2498 heißt der Vielgewandte — wagt einen Meister= ihm der Hauptcharakter, dieser samose Fink=Flie¬
3164 2465 3300 2535 Das
1238 2472 3159 2544 streich. Er verfaßt eine höchst aggressive Entgeg=derbusch. Ich glaube nicht — wogegen sich einige
277 2477 1238 2537 formt. Man glaubt es fast zu spüren, mit welcher
2184 2509 3141 2571 Kritiken der Tagespresse entrüstet verwahren —
3150 2525 3301 2575 genen
266 2513 1244 2582 stillen Freude Schnitzler diesmal an seine —
1222 2523 2201 2592 nung auf einen Artikel, den er selbst (unter dem
1233 2550 3157 2638 Namen Finkl in der reaktionären Wochenschrift daß der Dichter in seinem Helden etwa einen
3146 2562 3293 2616 sonder
261 2556 943 2629 dankbare — Arbeit gegangen ist.
2188 2591 3149 2652 repräsentativen Vertreter des modernen Jour¬
3137 2592 3292 2656 lachte
1246 2608 2206 2662 „Die elegante Welt“ untergebracht hat. Diese
313 2603 1245 2661 Bekanntlich sind ihm Gustav Frentag und
2191 2623 3301 2701 nalismus zu konterfeien beabsichtigte. Die Licht=tungs¬
1241 2646 2195 2697 Wochenschrift ist im Begriffe, unter der Patronanz
268 2643 1250 2705 Augier („Le fils de Giboyer“ = „Pelikan“) bei
2194 2679 3147 2731 seiten fehlen neben der düsteren Hauptgestalt ja
3140 2672 3302 2734 des jo
1242 2682 2210 2742 des schon genannten Grafen Niederhof in ein
277 2689 1255 2743 Behandlung des Milieus vorangegangen. Daß
3151 2710 3305 2777 die glc
270 2690 3140 2779 Freytags vielgespieltes Lustspiel unsäglich ver= Tagesblatt umgewandelt zu werden. Als der nicht ganz. Siehe den fanatischen politischen Re¬
3156 2766 3274 2812 nene
1244 2755 3150 2817 Fliederbuschische Angriff erscheint, hält man es in dakteur der „Gegenwart“, der lieber den Zorn des
268 2774 1250 2822 altet ist, bedarf wohl keiner weiteren Beweisfüh¬
3149 2800 3307 2854 Aktual
1238 2790 3152 2856 diesen Kreisen für unerläßlich, daß sich „Fink“ mit Hochmögenden auf sich nimmt, ehe er gegen seine
280 2803 1251 2865 rung. Im „Pelikan“ ist der eigentliche Journa¬
3140 2839 3283 2893 Graf
1239 2821 3150 2895 dem Verfasser des persiden Angriffs schlagen muß. Ueberzeugung schriebe. Aber freilich — der Haupt¬
267 2847 1245 2908 listentypus nur evisodisch, da allerdings mit einer
2196 2865 3299 2929 grundzug der Komödie ist unleugbar tief pessimi= zeln di
1254 2870 2201 2940 Fliederbusch geht belustigt darauf ein. In der
274 2884 1256 2947 gewissen Großartigkeit gestaltet. Der Stoff kann
1247 2928 3282 2975 „Gegenwart“ freut man sich, den Autor des stisch, boshaft, unbarmherzig und doch durch ein dere,
269 2927 1262 2989 gleichwohl beinahe als jungfräulich gelten. Wenig
2196 2964 3295 3015 Uebermaß an Geist und Witz, wie es unter den einen
1238 2961 2216 3012 Artikels nennen zu können, weil der allseits ver¬
273 2974 1244 3018 bekannt ist, daß Tristan Vernard vor dem
2193 2992 3158 3044 lebenden Dramatikern nur Schnitzler zur
3152 2995 3299 3050 Akt b
1255 3001 2209 3056 haßte junge Streber seinerzeit erklärt hatte, für
279 3003 1247 3074 Kriege eine — sogar in Wien gespielte — Komödie
2197 3029 3147 3085 Verfügung steht, angenehm gemildert. Vor allem
3152 3032 3298 3089 Herzli
1240 3035 2197 3096 jedes Wort mit seiner Person einzustehen. Flie¬
288 3033 1252 3102 „Les deux canards“ verfaßte die sonderbarerweise
2194 3055 3151 3125 jedoch — das Ganze ist, von einzelnen Uebertrei¬
1242 3079 2206 3138 derbusch=Fink erlebt vor seinem Ehrenhandel noch
286 3076 1257 3141 den gleichen Grundeinfall hatte, wie Artur
1242 3110 3156 3173 einen kleinen Flirt mit Fürstin Priska, für die bungen und Unglaubwürdigkeiten vielleicht abge¬
3148 3105 3299 3182 gut, a
288 3127 1241 3180 Schnitzlers eben dargestelltes Werk, eine
2201 3137 3165 3200 sehen, verblüssend lebenswahr, und sichtlich von
1241 3158 2209 3214 er erst durch sein bevorstehendes Duell interessant
288 3148 1263 3223 Tücke des Zufalls, gegen die sich der Dichter da¬
280 3218 3172 3254 nals durch notarielle Feststellung der Prioritätlwird, und hat eine äußerst interessante Unter= den edelsten Absichten des Satirikers getragen, die
1234 3211 3183 3308 redung mit dem Grafen Niederhof, der alle Hand beffernd auf Wunden zu legen. Allerdings,
288 3245 881 3310 seiner Arbeit zur Wehr setzte.
