3392 4320
1775 159 2218 254 box 33/4
305 166 1607 268 27. Einkund Fliederbusch
1323 791 1967 884 Dr. Max Goldschmidt
1320 874 1963 945 Büro für Zeitungsausschnitte
1153 931 1425 1009 BERLIN N4
1690 934 2136 1009 Telefon: Norden 3051
1260 1128 2019 1226 Die Welt am Montag, Berlin
1608 1212 2018 1314 A Anril 1927
1003 1320 2086 1458 Der Oberbürgermeister
1647 1428 2248 1549 als Schmock.
1088 1538 2236 1598 Gustav Freytags Schmock kann schreiben rechts und
1041 1579 2249 1650 schreiben links. Schnitzlexs Herx Fliederbusch polemi¬
1037 1624 2237 1682 siert als Herr Finkim oratt der feindlichen Partei so heftig
1019 1665 2249 1738 „gegen sein eignes Ich, daß er sich schließlich selbst zum Duell
1036 1723 2248 1777 herausfordern muß. Wer amüsiert sich nicht über diese
1037 1753 2242 1808 armen Teufel aus der Journaille, die ihr bißchen Gesin¬
1032 1793 2242 1862 nungslumperei treiben, um zu ein paar Groschen oder zu
1043 1840 2239 1899 einer kleinen Karriere zu kommen! Wer aber käme auf
1039 1891 2248 1942 den Gedanken, daß die Schmock= und Fliederbuschmethoden
1031 1931 2244 1987 jemals von einem Manne gehandhabt werden könnten, der
1030 1975 2243 2033 das hochrespektierte Amt eines Oberbürgermeisters
1030 2015 2254 2061 von Regensburg bekleidet und sogar mehrfach schon
1040 2060 2253 2119 für den Posten des bayrischen Ministerpräsi¬
1038 2115 1811 2171 denten in Aussicht genommen war!
1094 2153 2240 2206 Dieser Dr. Hipp hat es lange Zeit hindurch fertigge¬
1040 2193 2255 2252 bracht, das Blatt seiner Partei, den bayrisch=volkspartei¬
1038 2239 2247 2294 lichen „Regensburger Anzeiger“ zu inspirieren und gleich¬
1037 2272 2242 2332 zeitig das Oppositionsblatt, das stramm=republi¬
1045 2318 2248 2381 kanische, freigeistige „Regensburger Echo“ mit scharf stili¬
1034 2374 2242 2428 sierten Beiträgen zu versorgen, die natürlich ohne seinen
1043 2405 2243 2478 Namen erschienen. Es war überaus neckisch, wenn er dann
1037 2461 2240 2507 seine eigenen Parteigenossen in den Rippen kitzelte
1032 2494 2248 2559 und seinem bürgermeisterlichen Kollegen eins
1007 2544 2250 2601 „auswischte; oder wenn er auf eine zureichende Wohnung
1042 2587 2246 2642 für den „Stadtöbersten“, wie er sich selbst schalkhaft
1038 2639 2249 2688 benamste, mit warmen Worten plädierte. Er fingerte das
1036 2680 2252 2730 so geschickt, daß kein Mensch dahinterkam; und erst, als er
1042 2707 2258 2765 mit dem „Regensburger Echo“ gelegentlich einer Polizei¬
1041 2771 2242 2813 affäre in Konflikt geriet und seine ehemalige Zuflucht durch
1045 2810 2240 2856 ein Beschlagnahmeverfahren drangsalierte, brach das Ge¬
1034 2839 2242 2904 schwürchen auf: das „Echo“ gab die Tatsache, daß der Herr
1034 2883 2240 2947 Oberbürgermeister sein eifriger und zielbewußter Mit¬
1035 2925 2242 2979 arbeiter gewesen war, preis und veröffentlichte sogar
1042 2975 2248 3037 einen besonders reizvollen Beitrag aus seiner geschätzten
1037 3025 1475 3085 Feder im Faksimile.
1089 3066 2250 3115 Was nun? Das Parteiblatt Dr. Hipps ist in schwerer
1039 3104 2244 3163 Verlegenheit; es sucht den Stadthäuptling mit seiner „be¬
1019 3153 2247 3207 Greiflichen Nervosität“ zu entschuldigen. Wie schwächlich,
1034 3201 2251 3247 solche Ausflüchte zu machen! Sollte man sich im bayrischen
1042 3242 2238 3290 Vaterlande, wo die Gesinnung stark, die Begabung aber
1044 3279 2247 3347 meist recht schwach zu sein pflegt, nicht glücklich preisen, daß
1046 3322 2235 3375 man einen so talentierten Mann sein eigen nennt?
1038 3365 2247 3411 Er wäre der geborene Pressechef; sogar in Berlin
1023 3404 2240 3462 könnte man ihn brauchen. Man übte bei uns nur zeitweise
1042 3455 2248 3510 den plumpen Brauch, einzelne Blätter durch Geldzuwen¬
1046 3505 2244 3548 dungen „offiziös“ zu machen; man pflegte ihnen dann
1040 3542 2233 3592 an der Nase anzuseh'n, daß sie gekauft waren. In die
1034 3577 2236 3641 gegnerische Presse hineinzukommen, das ist das Kunst¬
1048 3626 2253 3684 stück: auf zwei Instrumenten gleichzeitig virtuvs zu
1037 3677 1223 3730 spielen!
1094 3721 2250 3765 Dem Dr. Hipp blüht eine Zukunft. Und das eine, was
1045 3756 2226 3795 ihm bisher noch fehlte, wird er jetzt wohl gelernt haben:
1035 3801 2254 3847 daß man sich, wenn man dieses Handwerk treibt, nicht zur
1922 3842 2146 3906 Kieker.
1042 3847 1727 3913 Unzeit mausig machen darf!
