3344 4320
1651 193 2169 287 box 33/1
238 157 1570 293 27. Einkund Frjederbuscn
1156 1305 1291 1383 —
331 1363 3245 1413 „Der Tell“ heißt die Oper, und ist des Kom= politik der letzten Vorkriegszeit schreiben wollte, die Neue Wiener Bühne leitete ihn durch eine
327 1390 1302 1459 ponisten hundertstes Werk (Klavierauszug bei
1298 1414 3237 1460 und ist ein viel zu gescheiter und vornehmer] Matinee ein, in der Blei recht scharf loslegte, wor¬
338 1449 1295 1501 Hug). Seine erste Oper „Der Bundschuh“, Worte
1306 1456 2267 1516 Mensch, als daß er es mit einer Satire versuchen
2260 1451 3235 1523 auf Werfel mit seinem gewaltigen Temperament
329 1486 1315 1568 gleichfalls von Morold=Millenkowitsch, kam unter
1308 1489 2276 1560 würde, die aus guten Gründen gleich im Anfang
2258 1500 3233 1554 Verse las. Auch vieles andere wurde geboten;
328 1525 1303 1592 Mahler an das Hosoperntheater; Millenkowitsch hat
1307 1523 2271 1587 stecken bleiben müßte. Diese anständige Schwank¬
2266 1548 3237 1598 leider gingen herrliche Gedichte von Trakl in der
323 1574 1302 1640 als Musikkritiker Wagnerschen Glaubens seither die
1307 1585 2271 1655 fremdheit macht es Schnitzler schwer. Was hätte
2254 1583 3247 1648 Flut unter. Das erste Stück des Zyklus, Georg
146 1606 1301 1681 poche hatf Gläubigen in Wort und Schrift für Reiter zu ge¬
1304 1611 2261 1690 aus dem talentvollen Schmöckchen Fliederbusch,
2259 1618 3238 1684 Kaisers „Bürger von Calais“, wirkte stark
146 1649 1305 1727 hen muß winnen gesucht. Ein „Joseph Reiter=Bund“ wirkt
1298 1671 2262 1735 das in dem samosen „demokratischen Organ“ nach
2257 1673 3243 1731 und echt. Nur die Art des Neuen sprach sich nicht
163 1704 1300 1749 so sehr für den bescheidenen Meister; Vorsitzender des
1302 1695 2256 1769 links und zu gleicher Zeit als Fink in einem kon¬
2250 1709 3236 1784 deutlich aus; doch war die Aufführung eine der
141 1726 1304 1811 des hätte Bundes ist abermals Morold=Millenkowitsch. Sein
1299 1757 2260 1818 servativen nach rechts schreibt, Fink gegen Flieder¬
2256 1766 3235 1825 besten, die wir hier seit langem sahen, und die
150 1786 1301 1837 Burg= „Tell“ nun beruft sich auf die alten Spiele der
1299 1797 2263 1851 busch, Fliederbusch gegen Fink, sonst alles werden
2251 1800 3230 1861 Kunst des Regisseurs John Gottowt, der bei Rein¬
147 1822 331 1883 rechen —
324 1823 1303 1897 Schweiz. Aber ich glaube, daß diese Spiele nur
1302 1840 2260 1899 können! So aber kommt es nur zu einem Duell,
2254 1829 3240 1911 hardt viel gelernt hat, leuchtete daraus hervor. Ein
145 1864 1297 1938 kt zweiet noch in der Schweiz und für Schweizer schaffens¬
1300 1882 2253 1933 das Fink mit Fliederbusch ausfechten muß, und
2260 1890 3235 1956 wahrer Schwall von „literarischen“ Stücken: Rilke,
136 1901 338 1971 e Toch¬
321 1929 1296 1983 lebendig sind. Woher diese ihre Kraft dort heute
1289 1922 2265 1987 die herbeiströmenden Chefredakteure der beiden
2255 1934 3241 1979 Strindberg und Jungnickel ergoß sich des Nachmit¬
137 1949 328 2017 falles ge¬
323 1953 1298 2022 noch rührt, das hat Gottfried Keller so schön ge¬
1303 1966 2271 2016 Blätter reißen sich um den smarten Kerl, der das
2264 1979 3243 2034 tags auf die Hörerschaft der Kammerspiele: unge¬
143 1995 331 2054 Stück in
322 2009 1293 2064 zeigt. Von außen aber tritt Morold an seine
1295 2011 2266 2058 zuwege gebracht hat. Fliederbusch erreicht vom
2251 2017 3233 2074 mein anregend, gewiß aber zu viel für die Fas¬
150 2038 330 2092 das Be¬
326 2051 1298 2105 Quelle heran. Und so gelingt ihm nur eine Nach¬
1293 2050 2265 2118 Fleck weg eine gewaltige Gage. Aber ein dritter,
2264 2059 3229 2113 sungskraft eines einzelnen Menschen, der leider
148 2078 321 2142 efühlter
330 2087 1301 2155 ahmung des alten Spiels und seiner Formen.
1289 2099 2260 2148 ein aristokratischer Sportliebhaber und Zeitungs¬
2262 2096 3226 2168 nicht zu allen Tageszeiten der Kunst folgen kann.
144 2113 320 2182 te somit
318 2129 1297 2197 Tell ist ein braver, nicht sehr bedeutender Mann,
1293 2140 2262 2203 gründer ersteht den Mann, der es so gut verstan¬
2250 2146 3229 2204 Abends wüten die Konzerte: Dann war Max
148 2164 328 2228 gt man
325 2175 1300 2222 und ist der Mann seiner Frau. Frau Tell und!
1286 2181 2258 2236 den hat, gar keine Ueberzeugung zu haben. Ein
2255 2181 3237 2245 Pallenberg da, spielte (an der Volksbühne) durch¬
152 2208 327 2267 kommt
324 2220 1306 2264 Geßler, dieser, hal, ein dämonischer Verführer, sie
1288 2224 2263 2288 üppiges Frühstück versöhnt alle Streiter von rechts
2258 2233 3229 2284 aus den Napoleon und sein kriegslieferantisches
205 2256 329 2309 “ ein
328 2261 1307 2324 sind die eigentlichen Helden eines Spiels mit!
1284 2274 2259 2348 und von links. (Und das Stück ist vor dem Krieg
2257 2270 3239 2331 Widerspiel in einem schlimmen Schwank an einem
147 2286 330 2354 s Buch
319 2307 1294 2361 Apfelschuß, Musik und Alpenglühen. Und auch ein
1284 2303 1569 2374 geschrieben!)
2258 2318 3237 2366 Abend, am andern aber — und dieser andere wie¬
146 2338 331 2399 fentlicht.
317 2350 1289 2403 Regenbogen wölbt sich einher, über den die Gölter
1336 2343 2254 2411 Man lachte an diesem Abend, und man lachte
2246 2354 3232 2408 derholt sich immerzu — seinen berühmten Johann
137 2371 328 2444 matische
322 2381 1297 2437 nach Walhall — nein, nur die Musik macht es
1290 2371 2252 2459 billig. Aber gerade wer von Schnitzler ein Thea¬
2249 2401 3239 2468 Nepomuk Zavadil in dem Schwank „Familie
154 2413 327 2478 bewun¬
318 2432 1304 2499 einen glauben. Denn auch sie glaubt an Wagner
1294 2435 2255 2495 terstück und nicht Lösungen und Erlösungen er¬
2252 2441 3245 2498 Schimek“. Es war wunderbar, wie man endlich
139 2452 326 2527 Theleute
316 2465 1306 2533 wie an den Viervierteltakt. Dabei gelingt ihr
1294 2478 2259 2537 wartet hat, wird nicht allzu bitter enttäuscht sein.
2259 2486 3234 2557 wieder lachen konnte! Pallenbergs Figur war
141 2506 328 2569 ußtsein
327 2513 1291 2567 auch Hübsches und Gefälliges, gelingt ihr selbst
1293 2520 2254 2588 Das Theaterstück wird am Deutschen Volkstheater
2251 2514 3230 2586 lebendiger Daumier. Er steigerte einen kleinen
149 2548 319 2609 zu ver¬
322 2562 1282 2620 Eindrucksvolles, aber es reicht an den Stoff nicht
1297 2566 2258 2617 teils schlecht und teils recht gespielt und das
2256 2572 3221 2640 Vorstadttyrannen ins Virtuose, ins Groteske. Da
155 2592 328 2656 Wandel
326 2603 1298 2657 heran. Schlimm, daß man an Rossini denken muß,
1293 2611 2250 2665 Publikum wird sich kaum daran hindern lassen,
2259 2613 3231 2679 war kein Raum mehr fürs „Gemüt“. Schade!
149 2635 327 2697 chen zu¬
313 2643 1295 2694 wo man nicht an Schiller denken sollte. So habe!
1286 2632 2258 2719 nachzusehen, wie es etwa in einem demokratischen
2246 2653 3228 2725 Nur ein tiefer Pessimist aus unsern Tagen kann
145 2684 330 2753 ten und
314 2683 1300 2755 denn Morold, der Textdichter, jetzt wieder als
1289 2695 2250 2750 Organ, in einem Salonblatt mit Bildern, in einem
2254 2704 3233 2758 so erbarmungslos mit der Schwäche umspringen.
137 2716 329 2780 n wird,
326 2731 1219 2788 Burgtheaterdirektor Millenkowitsch das Wort.
1295 2727 2263 2806 fürschtlichen Palais und bei einem Pistolenduell
2299 2740 3227 2810 Die Leute brüllten dazu, und das Leben — wie
143 2766 328 2823 brückten
371 2764 1285 2835 An dem neuesten Stück von Arthur Schnitz¬
1281 2776 2257 2844 zwischen feinen Leuten hergehen mag. Man kann
2251 2789 3230 2849 sagt man's doch? — das Leben geht allenthalben
150 2809 327 2867 Mathe¬
325 2800 1296 2862 ler, der Komödie „Fink und Flieder¬
1289 2819 2250 2892 sich das alles, alles natürlich auch anders denken,
2255 2827 3227 2888 weiter. Manchmal packt einen aber doch die Wut.
143 2844 316 2913 gangen;
313 2852 1288 2911 busch“, die am 16. Nödembek zum erstenmar ge¬
1289 2858 2188 2923 besonders, wenn der Verfasser Schnitzler heißt.
2249 2869 3228 2937 So wenn man sehen mußte, wie der größte Teil
167 2887 327 2965 Bleib¬
315 2909 1293 2981 geben wurde, mußte der Burgtheaterdirektor vor¬
1334 2902 2248 2982 Und die Kritik, die geschriebene und gesprochene
2249 2896 3227 2967 der Sammlung Lobmeyer versteigert, und an
328 2948 1296 3010 übergehen. Sie ist zu sehr journalistisch=politisch,
1282 2931 2250 3011 Kritik dieses Stückes? Nun, Schnitzler wurde
2255 2953 3219 3014 welche Leute versteigert wurde. Für Alt zahlt
145 2959 322 3045 sich in¬
327 2979 1287 3036 als daß sie im Burgtheater aufgeführt werden
1292 2995 2249 3056 tadelnd begönnert. Er ist schon der Gegenpol der
2255 2986 3216 3049 „man“ jeden Preis. Aber auch für Munkacsy!
146 3024 324 3078 per als
323 3028 1287 3083 könnte, wenn sie auch gewiß niemand weh tun will
1287 3042 2248 3104 jüngsten Jugend — soviel ist gewiß. Und diese
2257 3029 3225 3118 Wer wahrt die heiligsten Güter gegen die Leute,
151 3061 327 3129 weizern
313 3075 1299 3122 und auch nicht wehe tut. Schnitzler ist ein viel zu
1292 3088 2253 3138 Jugend meldet sich, sogar auf der Bühne. Ein
2242 3082 3098 3165 die jetzt überall in Europa herauskommen?
154 3112 334 3174 „Tell“
310 3117 1292 3167 großer Künstler, als daß er den Schwank des
1277 3127 2252 3185 Zyklus „Die Neue Generation“ wurde auch hier,
139 3160 2287 3233 gemacht. Wiener Journalismus und der Journalisten= wie in Frankfurt und München. angekündiat. und
