3228 4068
601 144 2664 213 „Die Welt=Literatur“ 1917 Nr. 19 Arthur Schnitzler: Der blinde Gerontmo und sein brucker; der Ehrentag
2904 176 3036 260 =3
253 254 908 333 „Was weißt du?“ fragte Carlo.
1161 259 2093 325 sang; Carlo stand neben ihm, fassungslos. Was
2110 266 3040 345 Irgend etwas mußte er dagegen unternehmen...
250 303 1156 361 „So laß doch die Späße! Gib es mir in die
2101 316 2517 375 Und er eilte zurück.
1161 315 2103 366 sollte er nur tunk Der Bruder glaubte ihm
1896 352 2093 405 — Und er
1161 358 1826 406 nicht! Wie war das nur möglick
219 357 1157 418 Hand! Wie lang hab' ich schon kein Goldstück
2135 343 3044 411 Als er wieber in die Wirtsstube trat, lag Ge¬
213 399 649 452 in der Hand gehabt!“
1157 393 2094 441 betrachtete Geronimo, der mit zerbrochener
2095 395 3045 464 ronimo auf der Bank ausgestreckt und schien das
260 409 1154 486 „Was willst du denn? Woher soll ich ein
1165 435 2092 475 Stimme seine Lieder sang, angstvoll von der
2098 442 3045 503 Eintreten Carlos nicht zu bemerken. Maria
1155 472 2090 518 Seite. Es war ihm, als sähe er über diese
215 474 1152 534 Goldstück nehmen? Es sind zwei Lire oder drei.“
2103 481 3045 522 brachte den beiden Essen und Trinken. Sie
1159 509 2089 583 Stirne Gedanken fliehen, die er früher dort nie¬
2105 522 3045 583 sprachen während der Mahlzeit kein Wort. Als
245 518 1147 572 Der Blinde schlug auf den Tisch. „Jetzt ist
1164 553 1590 604 mals gewahrt hatte.
2100 556 3045 606 Maria die Teller abräumte, lachte Geronimo
222 560 1161 611 es aber genug, genug! Willst du es etwa vor
1195 578 2094 647 Die Wagen waren schon fort, aber Geronimo
2101 600 3043 669 plötzlich auf und sagte zu ihr: „Was wirst du
217 596 536 652 mir verstecken?“
2103 632 2506 695 denn dafür kaufen?“
1160 635 2102 696 sang weiter. Carlo wagte nicht, ihn zu unter¬
249 644 1158 698 Carlo blickte den Bruder besorgt und ver¬
1170 678 2097 731 brechen. Er wußte nicht was er sagen sollte, er
2142 682 2466 754 „Wofür denn?“
216 686 1156 737 wundert an. Er setzte sich neben ihn, rückte ganz
1169 718 2098 764 fürchtete, daß seine Stimme wieder zittern
216 724 1153 769 nahe und faßte wie begütigend seinen Arm:
2144 713 3048 792 „Nun, was? Einen neuen Rock oder Ohr¬
1159 756 2099 807 würde. Da tönte Lachen von oben, und Maria
217 768 1152 815 „Ich verstecke nichts vor dir. Wie kannst du das
2103 773 2261 825 ringe?“
1168 796 2092 857 rief: „Was singst denn noch immer? Von mir
217 805 1156 869 glauben? Niemundem ist es eingefallen, mir ein
2133 812 3050 876 „Was will er denn von mir?“ wandte sie sich
1166 832 1675 896 kriegst du ja doch nichts!“
221 844 623 901 Goldstück zu geben.“
2097 855 2324 918 an Carlo.
1187 868 2089 944 Geronimo hielt inne, mitten in einer Melo¬
251 869 919 963 „Aber er hat mir's doch gesagt!“
2130 886 3042 957 Indes dröhnte unten der Hof von lasten¬
251 914 450 982 „Wer?“
1154 913 2091 983 die; es klang, als wäre seine Stimme und die
2099 929 3041 997 beladenen Fuhrwerken, laute Stimmen tönten
1156 959 2086 1019 Saiten zugleich abgerissen. Dann ging er
255 947 1147 1035 „Nun, der jurge Mensch, der hin= und herlief.“
2104 989 3046 1034 herauf und Maria eilte hinunter. Nach ein
1153 994 2095 1046 wieder die Stufen hinauf, und Carlo folgte ihm.
254 1009 898 1072 „Wie? Ich ver teh' dich nicht!“
2096 1031 3043 1080 paar Minuten kamen drei Fuhrleute und
1153 1040 2093 1095 In der Wirtsstube setzte er sich neben ihn. Was
254 1042 1151 1096 „So hat er zu mir gesagt: „Wie heißt du?
2101 1067 3046 1118 nahmen an einem Tische Platz; der Wirk trat zu
1159 1087 2096 1143 sollte er tun? Es blieb ihm nichts anderes
213 1083 1152 1150 und dann: „Gib acht, gib acht, laß dich nicht be¬
2104 1106 3044 1175 ihnen und begrüßte sie. Sie schimpften über
1154 1122 2089 1179 übrig: er mußte noch einmal versuchen, den
209 1124 408 1192 trügen!“
2105 1139 2525 1205 das schlechte Wetter.
1162 1153 1591 1219 Bruder aufzuklären.
255 1146 1162 1237 „Du mrßt geträumt haben, Geronimo — das
2135 1173 3047 1256 „Heute Nacht werdet ihr Schnee haben,“ sagte
1206 1193 2008 1262 „Geronimo“ sagte er, „ich schwöre dir
210 1202 506 1281 ist ia Unine
2093 1228 2312 1289 der eine.
251 1229 1155 1302 „Unsinn". Ich hey' es doch gehört, und ich
1167 1232 2092 1316 bedenk doch, Geronimo, wie kannst du glauben,
2133 1256 3048 1333 Der zweite erzählte, wie er vor zehn Jahren
1155 1285 1352 1346 daß ich —
204 1258 1155 1348 höre gut, duß dich nicht betrügen; ich habe
2097 1311 3042 1376 Mitte August auf dem Joch eingeschneit und bei¬
215 1313 643 1379 ihm ein Golbstück ..
944 1323 1148 1381 sagte er:
741 1331 888 1378 nein,
875 1331 937 1376 so
1188 1332 2087 1388 Geronimo schwieg, seine toten Augen schienen
2093 1358 3040 1412 nahe erfroren war. Maria setzte sich zu ihnen.
211 1361 1138 1429 „Ich habeihm ein Zwanzig=Frankstück gegeben.“
1153 1375 2090 1417 durch das Fenster in den grauen Nebel hinaus¬
2106 1399 3046 1448 Auch der Knecht kam herbei und erkundigte sich
251 1403 1152 1464 Der Wirt kam herein. „Nun, was ist's mit
1155 1416 2094 1461 zublicken. Carlo redete weiter: „Nun, er braucht
2105 1438 3035 1509 nach seinen Eltern, die unten in Bormio
208 1457 1153 1516 euch? Habt ihr das Geschäft aufgegeben? Ein
1157 1450 2092 1521 ja nicht wabnsinnig gewesen zu sein, er wird sich
2099 1469 2329 1533 wohnten.
1155 1488 1464 1545 geirrt haben.
208 1497 914 1556 Vierspänner is gerade angefahren.“
1614 1487 1999 1546 er hat sich geirrt
2121 1517 3043 1573 Jetzt kam wieder ein Wagen mit Reisenden.
1158 1512 2093 1599 Aber er fühlte wohl, daß er selbst nicht glaubte,
271 1535 895 1593 „Komm!“ rief Carlo, „komm!“
2098 1548 3038 1613 Geronimo und Carlo gingen hinunter, Gero¬
1161 1564 1457 1625 was er sagte.
252 1571 1148 1622 Geronime blieb sitzen. Warum denn?
2097 1604 3042 1647 nimo sang, Carlo hielt den Hut hin, und die
1179 1593 2086 1671 Geronimo rückte ungeduldig fort. Aber Carlo
205 1616 1153 1688 Warum soh ich kommen? Was hilft's mir
2095 1635 3048 1689 Reisenden gaben ihr Almosen. Geronimo schien
207 1658 833 1716 denn? In Pehst ja dabei und
1158 1660 2088 1714 redete weiter mit plötzlicher Lebhaftigkeit:
2096 1680 3033 1729 jetzt ganz ruhig. Er fragte manchmal: „Wie¬
1164 1680 2086 1749 „Wozu sollte ich denn — du weißt doch, ich esse
247 1679 1156 1769 Carlo berührte ihn am Arm. „Still, komm
2101 1708 3044 1759 viel?“ und nickte zu den Antworten Carlos leicht
213 1729 542 1793 jetzt hinunter!“
1155 1732 2090 1790 und trinke nicht mehr als du, und wenn ich mir
2099 1758 3046 1799 mit dem Kopfe. Indes versuchte Carlo selbst
258 1760 1156 1831 Geronimo schwieg und gehorchte dem Bruder.
1151 1775 2020 1824 einen neuen Rock kaufe, so weißt du's doch.
2102 1796 3044 1844 seine Gedanken zu fassen. Aber er hatte immer
1160 1800 2092 1879 wofür brauch' ich denn soviel Geld? Was soll
211 1805 1153 1874 Aber auf den Stusen sagte er: „Wir reden noch,
2092 1831 3045 1875 nur das dumpfe Gefühl, daß etwas Schreck¬
1160 1849 1596 1913 ich denn damit tun?“
208 1846 588 1912 wir reden noch!“
2095 1875 2994 1923 liches geschehen und daß er ganz wehrlos war.
259 1868 1160 1954 Carlo begriff nicht, was geschehen war. War
1190 1878 2099 1968 Da stieß Geronimo zwischen den Zähnen her¬
2124 1900 3043 1977 Als die Brüder wieder die Stufen hinauf¬
209 1935 1152 1980 Geronimo plötzlich verrückt geworden? Denn,
1157 1923 1954 1997 vor: „Lüg nicht, ich höre, wie du lügst!“
2093 1960 3043 2021 schritten, hörten sie die Fuhrleute oben wirr
208 1971 1163 2032 wenn er auch leicht in Zorn geriet, in dieser
1200 1980 2087 2049 „Ich lüge nicht, Geronimo, ich lüge nicht!“
2093 1996 3040 2048 durcheinander reden und lachen. Der jüngste
215 2009 944 2065 Weise hatte er noch nie gesprochen.
1159 2034 1653 2093 sagte Carlo erschrocken.
2094 2034 3041 2093 rief dem Geronimo entgegen: „Sing uns doch
245 2035 1152 2110 In dem eben angekommenen Wagen saßen
2100 2081 3027 2144 auch was vor wir zahlen schon! — Nicht wahr?“
1212 2069 2086 2138 Ehl hast du ihr's schon gegeben, ja? Oder
210 2087 1155 2150 zwei Engländer; Carlo lüftete den Hut vor
2098 2105 2717 2174 wandte er sich an die anderen.
1166 2119 2091 2174 bekommt sie's erst nachher?“ schrie Geronimo.
204 2131 1149 2177 ihnen, und der Blinde sang. Der eine Eng¬
2124 2145 3040 2214 Maria, die eben mit einer Flasche rotem Wein
1198 2162 1431 2235 „Maria?“
209 2168 1157 2217 länder war ausgestiegen und warf einige
2091 2210 3043 2278 kam, sagte: „Fangt heut nichts mit ihm an, er
212 2200 1147 2249 Münzen in Carlos Hut. Carlo sagte: „Danke“
1195 2211 2094 2273 Wer denn, als Maria? Eh, du Lügner, du
2093 2240 2505 2297 ist schlechter Laune.“
205 2254 1150 2300 und dann, wie vor sich hin: „Zwanzig Zente¬
1152 2263 2097 2316 Dieb!“ Und als wollte er nicht mehr neben ihm
212 2293 1159 2347 simi.“ Das Gesicht Geronimos blieb unbewegt;
2127 2268 3037 2343 Statt jeder Antwort stellte sich Geronimo
1168 2309 2100 2358 am Tische sitzen, stieß er mit dem Ellbogen den
210 2328 1155 2394 er begann ein neues Lied. Der Wagen mit den
2096 2330 3046 2386 mitten ins Zimmer hin und fing an zu singen.
1156 2344 1609 2401 Bruder in die Seite.
214 2364 813 2434 zwei Engländern fuhr davon.
2098 2366 3035 2438 Als er geendet, klatschten die Fuhrleute in die
1194 2379 2093 2443 Curlo stand auf. Zuerst starrte er den Bruder
2097 2405 2273 2465 Hände.
241 2395 1150 2464 Die Brüder gingen schweigend die Stufen
1148 2425 2090 2478 an, dann verließ er das Zimmer und ging über
212 2436 1152 2530 hinauf. Geronimo setzte sich auf die Bank,
2136 2437 3043 2499 „Komm her, Carlo!“ rief einer, „wir wollen
1155 2473 2092 2514 die Stiege in den Hof. Er schaute mit weit
211 2489 830 2554 Carlo blieb beim Ofen stehen.
2101 2492 3046 2533 dir enser Geld auch in den Hut werfen wie die
1158 2505 2085 2558 offenen Augen auf die Straße hinaus, die vor
2095 2535 3040 2585 Leute unten!“ Und er nahm eine kleine Münze
237 2534 1148 2597 „Warum sprichst du nicht?“ fragte Geronimo.
1164 2549 2094 2597 ihm in bräunlichem Nebel versank. Der Regen
2097 2573 3037 2624 und hien die Hand hoch, als wollte er sie in den
253 2582 1152 2632 „Nun“ erwiderte Carlo, „es kann nur so sein,
1154 2585 2094 2642 hatte nachgelassen. Carlo steckte die Hände in
2098 2606 3046 2667 Hut fallen lassen, den ihm Carlo entgegen¬
207 2605 1152 2691 wie ich dir gesagt habe.“ Seine Stimme zitterte
1165 2627 2087 2671 die Hosentaschen und ging ins Freie. Es war
2094 2652 3044 2705 streckte. Da griff der Blinde nach dem Arm des
209 2658 464 2722 ein wenig.
2101 2685 3041 2738 Fuhrmannes und sagte: „Lieber mir lieber
1860 2638 2097 2754 apongelante
1802 2705 1873 2754 * *
1147 2630 1799 2760 lhns war beur ur geschehen
247 2684 1047 2760 „Was hast du gesagt?“ fragte Geronimo.
2104 2731 2968 2794 mir! Es könnte daneben fallen— daneben!“
1152 2741 2100 2792 es noch immer nicht fassen. Was für ein Mensch
252 2751 1024 2804 „Es war vielleicht ein Wahnsinniger.“
2126 2768 2509 2834 „Wieso daneben?“
1158 2779 2090 2832 mochte das gewesen sein? Einen Franken schenkt
254 2790 1148 2845 „Ein Wahnsinniger? Das wäre ja vortress¬
1165 2823 2097 2870 er her und sagt, es waren zwanzig! Er mußte
2120 2807 2960 2883 „Eh, nun! Zwischen die Beine Marias!“
294 2836 353 2879 1
334 2836 1149 2890 Wenn einer sagt: „Ich habe deinem
1155 2859 2085 2907 doch irgendeinen Grund dazu gehabt haben?...
2131 2865 3035 2922 Alle lachten, der Wirt und Maria auch, nur
208 2864 1021 2914 Bruder zwanzig Franken gegeben', so
1157 2897 2084 2951 Und Carlo suchteein seiner Erinnerung, ob er
207 2913 485 2968 wahnsinnig!
2096 2908 3031 2959 Carlo stand regungslos da Nie hatte Gero¬
471 2915 1143 2986 — Eh, und warum hat er gesagt:
1161 2935 2090 2994 sich nicht irgendwo jemanden zum Feind gemacht,
2087 2946 2681 3007 nimo solche Späße gemacht!.
214 2946 869 3018 „Laß dich nicht betrügen — eh?“
1152 2976 2097 3028 der nun einen anderen hergeschickt hatte, um
2134 2992 3041 3060 „Setz dich zu uns!“ riefen die Fuhrleute. „Du
247 2980 1090 3048 „Vielleicht war er auch nicht wahnsinnig.
1155 3021 2090 3061 sich zu rächen ... Aber soweit er zurückdenken
215 3025 1152 3101 aber es gibt Menschen, die mit uns armen
2100 3015 3040 3084 bist ein lustiger Kerl!“ Und sie rückten zu¬
1160 3057 2087 3103 mochte, nie hatte er jemanden beleidigt, nie
201 3074 764 3138 Leuten Späße machen ...“
2102 3079 3036 3123 sammen, um Geronimo Platz zu machen. Immer
1156 3085 2090 3146 irgendeinen ernsten Streit mit jemandem vor¬
2095 3120 3035 3159 lauter und wirrer war das Durcheinanderreden;
250 3109 1147 3180 Eh!“ schrie Geronimo, „Späße? — Ja, das
1158 3135 2085 3195 gehabt. Er ha##e ja seit zwanzig Jahren nichts
2101 3160 3044 3215 Geronimo redete mit, lauter und lustiger als
206 3143 1153 3207 hast du noch sagen müssen — darauf habe ich ge¬
1156 3176 2093 3210 anderes getan, als daß er in Höfen oder an
2100 3194 3040 3237 sonst, und hörte nicht auf zu trinken. Als
214 3208 1154 3264 wartet!“ Er trank das Glas Wein aus, das vor
1159 3202 2094 3275 Straßenrändern gestanden war mit dem Hut in
2093 3234 3036 3290 Maria eben wieder hereinkam, wollte er sie an
214 3233 457 3300 ihm stand.
1151 3246 2090 3296 der Hand ... War ihm vielleicht einer wegen
2091 3274 3039 3335 sich ziehen; da sagte der eine von den Fuhr¬
1161 3287 2088 3353 eines Frauenzimmers böse?... Aber wie lange
242 3269 1146 3343 „Aber, Geronimo!“ rief Caclo, und er fühlte,
2096 3315 3036 3378 leuten lachend: „Meinst du vielleicht, sie ist
1157 3328 2082 3378 hatte er schon mit keiner was zu tun gehabt...
205 3326 1155 3389 daß er vor Bestürzung kaum sprechen konnte,
2089 3345 2960 3412 schön? Sie ist ja ein altes häßliches Weib!“
1155 3367 2085 3413 die Kellnerin in La Rosa war die letzte gewesen,
211 3367 1136 3426 „warum sollte ich... wie kannst du glauben...?“
2115 3397 3027 3457 Aber der Blinde zog Maria auf seinen Schoß.
1158 3404 1673 3463 im vorigen Frühjahr...
1660 3408 2091 3463 aber um die war ihm
252 3408 1153 3477 „Warum zittert deine Stimme... eh... wa¬
2095 3442 3040 3493 „Ihr seid alle Dummköpfe,“ sagte er. „Glaubt
1160 3442 1665 3507 gewiß niemand neidisch.
1731 3441 2090 3503 Es war nicht zu
209 3454 423 3519 rum?“
2095 3491 3035 3536 ihr, ich brauche meine Augen, um zu sehen? Ich
1443 3470 2092 3532 Was mochte es da draußen in
1155 3482 1448 3534 begreifen!...
244 3479 983 3560 „Geronimo, ich versichere dir, ich —
2097 3521 2696 3574 weiß auch, wo Carlo jetzt ist —
2834 3521 3041 3578 dort am
1151 3513 2090 3592 der Welt, die er nicht kannte, für Menschen
258 3537 1154 3613 „Eh — und ich glaube dir nicht! Jetzt lachst
2091 3560 3049 3630 Ofen steht er, hat die Hande in den Hosentaschen
1151 3555 2088 3611 geben? ... Von überall her kamen sie . . . was
225 3579 949 3646 du . .. ich weiß ja, daß du jetzt lachst!“
2090 3585 2337 3655 und lacht.“
1152 3602 1596 3649 wußte er von ihnen?
1653 3599 2091 3661 Für diesen Fremden
1611 3610 1667 3652 **
245 3614 1149 3691 Der Knecht rief von unten: „He, blinder
1154 3623 2087 3692 hatte es wohl irgendeinen Sinn gehabt, daß er
2123 3621 3035 3696 Alle schauten auf Carlo, der mit offenem
209 3662 677 3729 Mann, Leut' sind da!“
1148 3672 2085 3741 zu Geronimo sagte: Ich habe deinem Bruder
2096 3670 3044 3732 Munde am Ofen lehnte und nun wirklich das
1159 3722 2086 3769 zwanzig Franken gegeben... Nun ja ... Aber
244 3713 1146 3769 Ganz mechanisch standen die Brüder auf und
2094 3728 3044 3779 Gesicht zu einem Grinsen verzog, als dürfte er
1151 3758 2088 3810 was war nun zu tun? ... Mit einemmal war es
212 3759 1152 3807 schritten die Stufen hinab. Zwei Wagen waren
2091 3760 2773 3811 seinen Bruder nicht Lügen strafen.
1151 3794 2091 3860 offenbar geworden, daß Geronimo ihm miß¬
210 3803 1152 3844 zugleich gekommen, einer mit drei Herren, ein
2126 3780 3036 3859 Der Knecht kam herein; wenn die Fuhrleute
221 3837 1156 3906 anderer mit einem alten Ehepaar. Geronimo
1153 3829 3048 3915 trautel... Das konnte er nicht ertragen! noch vor Dunkelheit in Bormio sein wollten,
