3228 4068
696 124 2723 206 „die Welt=Literatur“ 1917 Nr. 19 Arthur Schnitzler: Der bilnde 6eronimo und sein brucker Der Ehrentag
294 178 372 264 G
1278 246 2157 312 „Nun geht endlich! Was hat es für einen
325 259 1073 330 „Gehen wir schon?“ fragte Geronimo.
2286 250 2976 353 Der Ehrentag
1241 297 2164 349 Sinn, auf der Straße stehen zu bleiben! Die
341 304 1219 375 „Wir wollen doch heut Mittag in Boladore
1246 327 2160 394 Sonne brennt. In einer Stunde sind wir an
303 358 1212 423 sein, im „Hirschen“ halten die Wagen Mittags¬
2620 362 2684 431 1.
1237 372 1795 451 Ort und Stelle. Vorwärts!“
294 402 797 466 rast; es ist ein guter Ort.“
1285 426 2153 495 Carlo berührte den Arm Geronimos wie
2216 432 3089 495 August Witte saß schon eine halbe Stunde
339 428 1217 511 Und sie gingen. Der Friseur Benozzi stand
1250 477 2151 527 immer, und so gingen sie langsam weiter, der
2182 480 3098 531 im Kaffeehaus und hatte eine Menge Zeitungen
299 483 1198 538 rauchend vor seinem Laden. „Guten Morgen,
1249 527 1690 589 Gendarm hinter ihnen.
2178 520 3101 581 vor sich liegen, die er nicht anschaute als endlich
300 522 1213 590 rief er. „Nun, wie sieht's da oben aus? Heut
2187 565 2948 619 Emerich Berger in großer Hast erschien.
294 565 887 623 Nacht hat es wohl geschneit?“
1289 565 2155 643 „Carlo, warum redest du nicht?“ fragte Gero¬
2219 605 3094 662 „Na also,“ rief ihm August entgegen, „kommst
344 594 1218 680 „Ja, ja,“ sagte Carlo und beschleunigte seine
1247 604 1503 686 nimo wieder.
2186 648 3099 706 du endlich. Es ist wirklich die höchste Zeit. Alles
298 644 473 719 Schritte.
1279 667 2152 729 „Aber was willst du, Geronimo, was soll ich
2182 686 2750 746 läßt du einen allein machen.“
2085 709 2158 766 ich
341 698 1212 760 Das Dorf lag hinter ihnen, weiß dehnte sich
1375 718 2098 778 Es wird sich alles herausstellen;
1245 712 1384 767 sagen?
2225 714 3093 791 „Pardon,“ sagte Emerich, indem er sich nieder¬
304 748 1209 793 die Straße zwischen Wiesen und Weinbergen,
1243 742 1573 815 weiß selber nicht
2189 775 3098 823 setzte, „ich hab' noch einen Besuch machen müssen,
301 776 1215 840 dem rauschenden Fluß entlang. Der Himmel
1284 768 2150 853 Und es ging ihm durch den Kopf: „Soll ich's
2860 813 3088 866 — ich hab'
2184 822 2870 862 da bin ich so schwer fortgekommen
301 823 1202 872 war blau und still. „Warum hab' ich's getan?
1255 828 2068 878 ihm erklären, eh wir vor Gericht stehen?
2182 848 3097 924 doch hoffentlich nichts versäumt? Ist doch schon
307 860 1215 910 dachte Carlo. Er blickte den Blinden von der
1249 871 2057 919 Es geht wohl nicht. Der Gendarm hört
2179 899 2525 961 alles arrangiert?“
307 901 1215 952 Seite an. „Sieht sein Gesicht denn anders aus
1404 899 2163 968 Nun, was tut's. Vor Gericht werd' ich
1242 917 1308 964 zu
1020 941 1219 991 — immer
2236 924 3099 1010 „Gewiß,“ antwortete August mit leichtem
302 951 1035 994 als sonst? Immer hat er es geglaubt
1246 927 2126 998 ja doch die Wahrheit sagen. „Herr Richter,
2069 971 2155 1031 wie
305 981 1221 1037 bin ich allein gewesen — und immer hat er mich
2176 975 3020 1034 Stirnrunzeln — „zum Glück bin ich ja da.
1249 987 2064 1052 werd' ich sagen, „es ist doch kein Diebstahl
2062 1020 2161 1073 Und
299 1023 1215 1076 gehaßt.“ Und ihm war, als schritte er unter
1246 1017 1932 1076 ein anderer. Es war nämlich so:
2215 1023 3099 1097 „Also ist eigentlich nichts mehr zu tun, bevor
304 1063 1215 1117 einer schweren Last weiter die er doch niemals
1257 1047 2155 1114 nun mühte er sich, die Worte zu finden, um vor
2184 1057 2617 1135 die Geschichte angeht!“
302 1103 1215 1149 von den Schultern werfen dürfte, und als könnte
1251 1100 2155 1149 Gericht die Sache klar und verständlich darzu¬
2220 1097 3096 1174 „Jetzt nichts mehr. Ich hab' mir nur noch
304 1141 1222 1189 er die Nacht sehen, durch die Geronimo an seiner
1258 1137 2159 1188 stellen. „Da fuhr gestern ein Herr über den
2179 1159 3097 1223 den Dobrdal herbestellt, um ihm die letzten In¬
300 1178 1221 1236 Seite schritt, während die Sonne leuchtend auf
2070 1180 2157 1228 sein
1437 1183 2075 1237 es mag ein Irrsinniger gewesen
1321 1188 1428 1233 1
1247 1185 1336 1243 Paß
2182 1197 2600 1263 struktionen zu geben.“
2071 1220 2153 1275 und
305 1204 630 1282 allen Wegen lag.
1311 1222 2079 1272 oder am End' hat er sich nur geirrt ...
2216 1228 3062 1313 „Daher — hast du den Dobrdal bestellt?“
1254 1256 1590 1326 dieser Mann ...
343 1263 1216 1326 Und sie gingen weiter, gingen, gingen stunden¬
2224 1290 3097 1349 „Warum denn nicht? Er sieht sehr anständig
301 1303 1212 1366 lang. Von Zeit zu Zeit setzte sich Geronimo
1284 1306 2162 1365 Aber was für ein Unsinn! Wer wird es
2185 1332 3096 1391 aus. Und dann weiß doch ein jeder, daß er nicht
301 1337 1217 1401 auf einen Meilenstein, oder sie lehnten beide an
1255 1346 2153 1410 glauben? ... Man wird ihn gar nicht so lange
2178 1371 2478 1433 zu uns gehört.“
305 1395 1215 1438 einem Brückengeländer, um zu rasten. Wieder
1250 1392 2156 1440 reden lassen. — Niemand kann diese dumme Ge¬
2224 1416 3098 1486 Emerich nickte zustimmend, dann fragte er:
306 1433 1222 1490 kamen sie durch ein Dorf. Vor dem Wirtshause
1601 1429 2154 1487 .. nicht einmal Geronimo
1254 1437 1562 1503 schichte glauben
2182 1460 3008 1529 „Was ist es denn mit den Lorbeerkränzen?“
313 1475 1221 1521 standen Wagen, Reisende waren ausgestiegen
1581 1463 2154 1515 Und er sah ihn von der Seite
1461 1482 1533 1521 * *
1256 1468 1435 1537 glaubt sie
313 1508 1222 1553 und gingen hin und her; aber die beiden Bettler
1245 1497 2156 1563 an. Der Kopf des Blinden bewegte sich nach
2223 1505 2901 1567 „Sind schon ins Theater geschafft.“
306 1549 1227 1594 blieben nicht. Wieder hinaus auf die offene
1258 1554 2153 1596 alter Gewohnheit während des Gehens wie im
2226 1562 3039 1611 „Na, da ist ja alles in schönster Ordnung.
305 1582 1219 1632 Straße. Die Sonne stieg immer höher; Mittag
1251 1590 2151 1633 Takte auf und ab, aber das Gesicht war regungs¬
2188 1593 3096 1648 Und außer uns weiß keiner was davon, nicht
311 1628 1219 1696 mußte nahe sein. Es war ein Tag wie tausend
1257 1627 2150 1680 los, und die leeren Augen stierten in die Luft.
2188 1640 2324 1704 wahr?“
304 1670 443 1731 andere.
1308 1671 2153 1716 Und Carlo wußte plötzlich, was für Gedanken
2225 1675 3095 1737 „Niemand. Dem Fred werden wir's aller¬
1755 1702 2155 1761 ... „So also stehen
1249 1706 1767 1760 hinter dieser Stirne liefen
353 1691 1219 1766 „Der Turm von Boladore,“ sagte Geronimo.
2189 1724 3100 1786 dings noch sagen, weil er ja mit uns in die Loge
1248 1738 2097 1795 die Dinge, mußte Geronimo wohl denken.
311 1749 1215 1797 Carlo blickte auf. Er wunderte sich, wie genau
2193 1769 2284 1820 geht.
1264 1779 2153 1830 Carlo bestiehlt nicht nur mich, auch die anderen
313 1792 1216 1839 Geronimo die Entfernungen berechnen konnte:
2220 1796 2775 1874 Emerich schüttelte den Kopf.
1695 1820 2163 1878 Nun, er hat es gut, er
1248 1815 1689 1871 Leute bestiehlt er ...
308 1834 1219 1879 wirklich war der Turm von Boladore am Hori¬
2058 1869 2099 1917 *
2242 1843 3112 1931 Glaubst nicht, wir sollten den Fred auch
1248 1865 2069 1918 hat Augen, die sehen, und er nützt sie aus
313 1874 1224 1922 zont erschienen. Noch von ziemlich weither kam
1275 1907 1318 1942 —
2189 1882 2625 1959 lieber .. überraschen?“
1317 1900 2067 1958 Ja, das denkt Geronimo ganz gewiß
304 1904 1217 1959 ihnen jemand entgegen. Es schien Carlo, als sei
1246 1924 2160 1989 Und auch, daß man kein Geld bei mir finden
308 1948 1218 2007 er am Wege gesessen und plötzlich aufgestanden.
2220 1946 2614 2007 „Ja, warum denn?“
1809 1978 2154 2028 — nicht vor Ge¬
1251 1968 1802 2037 wird, kann mir nicht helfen,
317 1986 1216 2034 Die Gestalt kam näher. Jetzt sah Carlo, daß es
2224 1981 3100 2056 „Weißt, ich mein' nur der Fred ist manchmal
1248 2009 2156 2061 richt, nicht vor Geronimo. Sie werden mich ein¬
307 2027 1215 2075 ein Gendarm war, wie er ihnen so oft auf der
2191 2023 2904 2089 so komisch; der ist am End' dagegen.“
1554 2048 2157 2103 .. . Ja, ihn geradeso wie mich,
1257 2056 1563 2113 sperren und ihn
310 2068 1221 2109 Landstraße begegnete. Trotzdem schrak Carlo
2218 2080 3104 2140 „Da kann ich ihm nicht helfen. Wir werden
1829 2092 2155 2147 — Und er konnte
1249 2097 1820 2145 denn er hat ja das Geldstück.
312 2106 1218 2168 leicht zusammen. Aber als der Mann näher
2188 2124 3091 2167 uns wohl noch einen Spaß erlauben dürfen.
1253 2139 2161 2184 nicht mehr weiter denken, er fühlte sich so sehr
1153 2141 1218 2186 Es
304 2137 1124 2187 kam, erkannte er ihn und war beruhigt.
2187 2164 3100 2214 Und die Verantwortung haben doch wir allein,
1259 2176 2162 2229 verwirrt. Es schien ihm, als verstünde er über¬
1156 2179 1218 2226 die
305 2175 1143 2225 war Pietro Tenelli; erst im Mai waren
2181 2200 2302 2266 was?“
1249 2213 2154 2266 haupt nichts mehr von der ganzen Sache, und
308 2212 1156 2263 beiden Bettler im Wirtshaus des Raggazzi
2224 2232 2669 2311 „Freilich. Du allein.“
1256 2236 2167 2319 wußte nur eines: daß er sich gern auf ein Jahr
304 2262 1225 2302 Morignone mit ihm zusammen gesessen, und er
1252 2291 2160 2338 in den Arrest setzen ließe ... oder auf zehn,
307 2297 1213 2350 hatte ihnen eine schauerliche Geschichte erzählt,
2231 2279 3099 2349 „Jawohl, ich allein. Auf so einen originellen
1251 2326 2154 2386 wenn nur Geronimo wüßte, daß er für ihn
307 2330 1217 2389 wie er von einem Strolch einmal beinahe er¬
2191 2328 3087 2393 Einfall wär' sowieso keiner von euch gekommen.“
1249 2368 1864 2425 allein zum Dieb geworden war.
312 2371 680 2441 dolcht worden war.
2223 2382 3086 2436 „Freilich.“ lächelte Emerich, „aber irgendwie
351 2402 1219 2486 „Es ist einer stehen geblieben,“ sagte Gero¬
2183 2424 3094 2480 steckt die Blandini dahinter, da möcht' ich drauf
1283 2409 2171 2489 Und plötzlich blieb Geronimo stehen, so daß
308 2454 428 2521 nimo.
2186 2466 2821 2526 wetten .. . und zwar glaub' ich
1245 2456 1826 2524 auch Carlo innehalten mußte.
341 2489 1066 2565 „Tenelli, der Gendarm,“ sagte Carlo.
1283 2516 2163 2575 „Nun, was ist denn?“ sagte der Gendarm
2229 2504 3095 2579 In diesem Augenblick begegnete er einem
793 2536 1114 2610 herangekommen.
339 2560 795 2617 Nun waren sie an ihn
2195 2548 3095 2603 strengen Blicke Augusts, und statt weiterzu¬
1248 2554 2164 2613 ärgerlich. „Vorwärts, vorwärts!“ Aber da sah
2195 2604 3096 2657 sprechen, neigte er verlegen den Kopf hin und
1249 2604 2157 2649 er mit Verwunderung, daß der Blinde die
803 2587 1221 2669 Tenelli,“ sagte Carlo
348 2602 795 2660 „Guten Morgen, Herr
2195 2632 3101 2699 her, warf ein Stück Zucker in den Kaffee und
1252 2644 2157 2689 Gitarre auf den Boden fallen ließ, seine Arme
306 2645 824 2712 und blieb vor ihm stehen.
2185 2675 2647 2738 begann leise zu pfeifen.
1253 2683 2164 2733 erhob und mit beiden Händen nach den Wangen
352 2681 1220 2740 „Es ist nun einmal so,“ sagte der Gendarm,
1257 2716 2155 2761 seines Bruders tastete. Dann näherte er seine
2222 2705 3095 2778 „Grüß euch Gott,“ sagte Fred, der eben herein¬
313 2725 1219 2783 „ich muß euch vorläufig beide auf den Posten
1257 2757 2160 2811 Lippen dem Munde Carlos, der zuerst nicht
2186 2768 3102 2817 getreten war, und reichte den beiden anderen
304 2776 749 2830 nach Boladore führen.“
1255 2801 2001 2854 wußte, wie ihm geschah, und küßte ihn.
2196 2809 3099 2854 jungen Leuten die Hand. „Ich danke dir sehr
351 2811 790 2885 „Eh!“ rief der Blinde.
2196 2847 3096 2894 für das Logenbillett,“ wandte er sich zu August,
1299 2843 2162 2908 „Seid ihr verrückt?“ fragte der Gendarm.
353 2855 1218 2920 Carlo wurde blaß. „Wie ist das nur mög¬
2190 2892 3098 2933 „nur möcht' ich mir die Frage erlauben: warum
1261 2894 2161 2949 „Vorwärts! vorwärts! Ich habe keine Lust, zu
310 2898 1219 2960 lich? dachte er. „Aber es kann sich nicht darauf
2189 2928 3100 2986 geh'n wir denn noch einmal in diese irrsinnige
1255 2934 1390 2992 braten.
310 2952 1224 2999 beziehen. Man kann es ja hier unten noch nicht
2184 2959 2397 3028 Operette?“
1291 2978 2154 3038 Geronimo hob die Gitarre vom Boden auf,
310 2994 466 3052 wissen.“
2230 2990 3108 3083 „Wirst gleich hören,“ erwiderte August; „da
1249 3019 2163 3073 ohne ein Wort zu sprechen. Carlo atmete tief
357 3019 1226 3092 „Es scheint ja euer Weg zu sein,“ sagte der
2184 3036 2800 3104 ist übrigens der Herr Dobrdal.“
1251 3069 2156 3114 auf und legte die Hand wieder auf den Arm des
307 3071 1228 3135 Gendarm lachend, „es macht euch wohl nichts,
2230 3097 2633 3157 „Wer?“ fragte Fred.
1248 3103 2164 3154 Blinden. War es denn möglich? Der Bruder
314 3120 677 3176 wenn ihr mitgeht.“
1247 3150 2103 3197 zürnte ihm nicht mehr? Er begriff am Ende¬
2229 3126 3105 3206 „Sie, Marqueur“ rief August, „seh'n Sie den
354 3145 1229 3230 „Warum rebest du nichts, Carlo?“ fragte
1254 3177 2072 3231 Und zweifelnd sah er ihn von der Seite an.
2187 3182 3095 3233 Herrn der dort beim Billard steht und grad'
313 3196 528 3268 Geronimo.
2190 3228 3103 3291 den Franz was fragt? Rufen Sie ihn daher
1288 3221 2157 3298 „Vorwärts!“ schrie der Gendarm. „Wollt
737 3237 1222 3310 Ich bitte, Herr Gendarm,
645 3255 724 3301 * *
371 3241 647 3312 O ja, ich rede
2184 3266 2350 3332 zu uns.“
1459 3268 2162 3338 —!“ Und er gab Carlo eins zwischen
1259 3269 1462 3332 ihr endlich
897 3285 1227 3343 was sollen wir
313 3272 782 3359 wie ist es denn möglich
2230 3293 3115 3370 „Dobrdal?“ wandte sich Fred fragend an Eme¬
1253 3319 1474 3381 die Rippen.
522 3328 1223 3397 oder vielmehr, was soll ich ...
449 3335 498 3376 *
313 3330 421 3380 denn
2189 3353 3057 3408 rich. „Was bedeutet das? Wer ist Dobrdal?“
1285 3350 2163 3423 Und Carlo, mit festem Druck den Arm des
309 3357 825 3428 wahrhaftig, ich weiß nicht
2080 3406 2161 3454 Er
1255 3405 2065 3452 Blinden leitend, ging wieder vorwärts.
2223 3403 3106 3463 Emerich wies mit den Augen auf den Herrn,
371 3404 1217 3464 „Es ist nun einmal so. Vielleicht bist du auch
1267 3433 2158 3490 schlug einen viel rascheren Schritt ein als früher.
2193 3450 3103 3502 welcher, vom Kellner an den Tisch der jungen
304 3445 1228 3514 unschuldig. Was weiß ich. Jedenfalls haben
1254 3484 2162 3534 Denn er sah Geronimo lächeln in einer milden
2193 3488 3098 3558 Leute gewiesen, eben herzutrat und sich ver¬
321 3497 1217 3553 wir die telegraphische Anzeige ans Kommando
1256 3529 2164 3580 glücksetigen Art wie er es seit den Kinderjahren
2196 3530 2340 3584 beugte.
313 3533 1226 3589 bekommen, daß wir euch aufhalten sollen, weil
1255 3564 2164 3605 nicht mehr an ihm gesehen hatte. Und Carlo
314 3571 1228 3618 ihr verdächtig seid, dringend verdächtig, da oben
2228 3573 2321 3625 Es
2324 3563 3097 3636 war ein kleiner Mann in braunem
1255 3603 2153 3647 lächelte auch. Ihm war, als könnte ihm jetzt
306 3611 1219 3664 den Leuten Geld gestohlen zu haben. Nun es
3002 3618 3110 3666 Ein
2194 3605 2987 3657 Mentschikoff und mit einer Pelzmütze.
1254 3645 2162 3696 nichts Schlimmes mehr geschehen — weder vor
316 3637 1224 3702 ist auch möglich, daß ihr unschuldig seid. Also
2187 3650 3098 3718 Zwicker baumelte ihm vorn an einem Bande
1259 3676 2112 3734 Gericht, noch sonst irgendwo auf der Welt.
312 3684 528 3747 vorwärts!“
2199 3695 2452 3749 hin und her.
1259 3720 2159 3785 Er hatte seinen Bruder wieder ... Nein, er
350 3715 1225 3804 „Warum sprichst du nichts, Carlo?“ fragte
2910 3720 3104 3795 „Guten
2228 3732 2925 3785 August nickte ihm herablassend zu.
1246 3758 1816 3827 hatte ihn zum erstenmal ...
312 3774 528 3839 Geronimo.
2196 3769 3102 3832 Abend, Herr Dobrdal, lassen Sie sich vielleicht
1672 3806 1735 3876 *
2192 3811 2466 3885 etwas geben?“
583 3805 938 3893 o ja, ich rede ...“
350 3819 562 3896 „Ich rede -
