3180 4068
633 161 2672 225 „die Welt=Literatur“ 1917 Nr. 19 Arthur Schnitzler: Der blinde Geronimo und sein brucker Der Ehrentag
286 269 838 348 „Oh, es ist nicht notwendig.“
1222 272 2095 348 „Erstens,“ fuhr August fort, „seh' ich über¬
2127 275 3037 347 die Schritte und Stimmen der Choristen, die an
1194 325 2095 395 haupt nicht ein, warum alles etwas zu bedeuten
2126 336 3037 381 ihm vorüber von der Bühne in den Ankleide¬
292 341 786 400 „Also nehmen Sie Platz.“
1187 374 1399 437 haben soll.
2131 376 3037 422 raum eilten; dann wurde es wieder still. Roland
291 380 561 446 „Bin so frei.“
2122 415 3038 455 war froh, daß er allein war; die neue Operette
1218 401 2091 472 Emerich schien enttäuscht, Fred lachte. „Und
286 427 1160 495 „Ich habe Sie gebeten ins Kaffeehaus zu
2129 454 3040 504 war ihm beinahe lieb, weil von den zwei
1187 449 1369 510 zweitens,
1355 462 2097 510 “ setzte August rasch und gereizten
242 463 1163 522 kommen damit wir noch ein letztesmal . .. aber
2131 481 3040 538 Kollegen, mit denen er sonst die Garderobe zu
1193 504 2094 551 Tones hinzu, „wenn ihr zwei überhaupt die
247 516 1150 576 wollen Sie sich nicht doch etwas geben lassen?
2122 534 3045 577 teilen hatte, keiner beschäftigt war. Das waren
1190 538 2099 586 Fähigkeit hättet, der Sache auf den Grund zu
249 550 755 610 Da ist grad' der Kellner.“
2135 565 3038 611 nämlich Menschen, mit denen er sich nicht ver¬
1187 584 2101 632 gehen, so würdet ihr gar nicht fragen. Ich will
300 592 1158 662 „Bringen Sie mir eine Melange,“ sagte Herr
2140 608 3034 656 tand; zufriedene Leute, die ihre geringe Kunst
1187 621 2093 666 ja nicht grad' behaupten, daß ich von vornherein
254 629 1155 698 Dobrdal und nahm die Pelzmütze ab, die er auf
2134 647 3035 697 seit jeher als brave Handwerker betrieben hatten
1194 661 2100 709 an etwas anderes gedacht habe, als einmal einen
254 679 554 741 den Tisch legte.
2125 689 3033 732 und nichts von ihr verlangten als ein beschei¬
1188 699 2092 747 guten Spaß in Szene, zu setzen: aber es ist mehr,
2130 729 3033 776 denes Auslangen, das sie ihnen auch gewährte.
1183 736 2094 790 es ist etwas Gutes, étwas ja ich möchte sagen,
279 719 1166 808 Emerich nahm sie vorsichtig in die Hand und
2130 769 3031 817 Roland wußte wohl, daß er heute als ihres¬
250 764 731 829 legte sie auf einen Sessel.
1181 761 2042 831 Sinniges, was wir tun, indem wir einmal
2033 778 2096 825 so
2122 810 3038 862 gleichen gelten mußte, aber er fühlte zugleich,
1192 808 2093 864 einen armen Teufel eine Freud' machen, an den
286 814 953 880 „Danke sehr,“ sagte Herr Dobrdal.
2132 853 3038 898 daß er in Wahrheit durchaus nicht zu ihnen ge¬
1194 853 2100 903 im allgemeinen kein Mensch denkt. Die Großen
292 871 1151 936 „Also,“ begann August aufs neue, „wieviel
2127 887 3035 935 hörte. Er hätte was ganz anderes werden
1195 888 2101 937 werden genug gefeiert, find' ich; aber zum
249 897 689 963 Leute haben Sie drin?“
2122 928 3027 969 können, wenn er Glück gehabt hätte. Daran
1186 932 2085 998 Theaterspielen braucht man die Kleinen grad
287 942 846 1030 „Vierzig, und gut verteilt!“
2119 968 3037 1013 dachte er jetzt, als er geschminkt vor dem Spiegel
1197 972 1459 1025 so notwendig.“
2135 1002 3029 1052 saß; wie er Stunde für Stunde daran dachte.
287 1001 657 1062 „Auch im Parkett?“
1218 999 1902 1070 „Das ist richtig,“ warf Emerich ein.
2128 1042 3037 1090 Noch heute, nach zehnjährigem Engagement an
291 1053 1159 1111 „Natürlich, mit der Galerie allein machen wir
1234 1049 2095 1117 „Darum hat mein Spaß einen tieferen Sinn,
2121 1086 3040 1132 diesem Theater, konnte er es nicht ohne ein
250 1094 1106 1149 nichts. Das Parkett ist doch das Wichtigste.“
1185 1095 2096 1155 und wenn die Leut im Theater heut abends
2123 1123 3029 1168 dumpfes Gefühl des Grolles und der Scham be¬
1184 1146 2095 1191 darauf eingehen, woran ja gar nicht zu zweifeln
293 1134 1156 1216 „Und sehen Sie die Leute noch, bevor die Sache
2126 1164 3034 1217 treten und niemals hatte er das zu verbergen
241 1180 418 1244 angeht?“
1185 1185 2094 1233 ist, und mitapplaudieren, so werden sie, vielleicht
2125 1205 3033 1251 gewußt. So hatten seine Kollegen bald mit dem
1185 1225 2099 1274 ohne es zu ahnen, in der Person des Herrn
2131 1247 3034 1290 seinen Spürsinn niederer Menschen herausge¬
282 1220 1113 1294 „Natürlich, ich hab' doch alle Sitze im Sack.“
1193 1263 2094 1322 Roland all den kleinen Leuten eine Ovation
2129 1276 3032 1327 funden, wo er am empfindlichsten zu treffen war,
286 1285 1157 1343 „Das ist gut. Also hören Sie, Herr Dobrdal.
1186 1302 1911 1363 bringen, die sie gewöhnlich vergessen.“
2122 1318 3032 1366 und jede Aeußerung seines Wesens: die Art, wie
244 1328 1152 1385 Wir rekapitulieren noch einmal: Im ersten Akt
1228 1341 2094 1401 „Gewiß ohne es zu ahnen,“ sogte Fred. „Denn
2118 1354 3027 1402 er leise und müde zu reden, wie er langsam
313 1379 1152 1428 nichts. Ja, es wäre mir sogar angenehm,
1186 1385 2086 1433 du hast's ja auch vor fünf Minuten noch nicht
2123 1387 3037 1440 und scheinbar stolz einherzuschreiten pflegte, ja
244 1411 1153 1480 wenn nach Schluß des Aktes der Applaus lauer
1190 1427 2096 1496 geahnt, was du eigentlich für ein edler Mensch
2136 1438 3024 1483 elbst eine gewisse Gewohnheit, den Kopf nach
242 1451 547 1513 wäre als sonst.“
1192 1467 1271 1528 bist.
2121 1472 3027 1520 der Seite zu wenden und dabei die Augen halb
291 1493 1162 1564 „Herr von Witte, das wird nicht gehn. Der
2122 1517 3036 1560 zu schließen, wurden als komische Zeichen seiner
1232 1505 2100 1575 „Der Emerich hat ganz recht gehabt,“ bemerkte
244 1537 977 1602 Direktor besteht auf drei Hervorrufen.“
2119 1538 3037 1600 Unzufriedenheit gedeutet. Ob er einmal Talent
1180 1542 1437 1615 August rasch.
281 1582 825 1647 „Das ist mir unangenehm.“
2131 1591 3029 1636 gehabt, das wußte man nicht, auch war nie die
1216 1599 2090 1659 Emerich machte ein wichtiges Gesicht und
2127 1630 3036 1675 Rede davon gewesen: die Rollen, in denen er
284 1625 1155 1696 „Aber wissen Sie was, Herr von Witte, das
1190 1627 2005 1705 fragte sich, worin er wohl recht gehabt hätte.
2128 1654 3026 1724 seit Jahren auftrat, waren die von Pagen, Die¬
247 1667 1156 1743 Parkett werd' ich feiern lassen nach dem ersten
1229 1686 2092 1742 „Daß man dir nämlich überhaupt nichts er¬
2119 1713 3030 1758 nern, Knechten, Verschworenen, die ohne nähere
252 1716 341 1777 Akt.“
1190 1721 2088 1783 zählen soll,“ fuhr August fort; worauf Emerich
2116 1749 3027 1797 Bezeichnung auf dem Zettel standen; ja meistens
300 1745 1098 1815 Schön. Also ietzt kommt der zweite Akt
1184 1773 2088 1834 erschrak und Fred mit einer Art verständnisloser
2128 1785 3026 1830 war er zweiter Knecht oder dritter Verschwo¬
238 1803 1157 1861 und über den müssen wir reden. Da ist zuerst
1184 1804 1534 1867 Zärtlichkeit ansah.
2122 1829 3033 1875 rener. Es war kein Grund anzunehmen daß er
244 1841 451 1897 der Chor.“
1224 1845 2075 1923 „Du verdirbst einem zu allem die Laune,
2121 1852 3027 1912 mehr Anlaß hatte, sich zu beklagen, als einer
281 1881 916 1949 „Ich weiß doch, Herr von Witte.“
1190 1887 1437 1958 sagte August.
2119 1907 3027 1948 von den anderen, die zu gleichen Rollen auser¬
291 1937 1157 1990 „Bitte, hören Sie nur. Nach dem Chor bleibt
2126 1942 3035 1993 lesen waren wie er; sie sahen auf eine ähnliche
1226 1922 2095 1993 „Ich versteh' dich wirklich nicht,“ lachte Fred.
2123 1984 3031 2028 Vergangenheit zurück wie R und und hatten
242 1971 1155 2023 bekanntlich die Blandini allein auf der Szene
1179 1984 2090 2035 „Du bist so erregt, als wenn du dich irgendwie
247 2014 1155 2067 und ist fürchterlich traurig; dann wirft sie sich
2120 2014 3029 2067 auf kleinen Bühnen vor Jahren erste Helden,
1185 2026 2086 2069 getrofsen fühltest. Alles Edle geschieht ja unbe¬
248 2053 1148 2116 auf den Diwan. In dem Augenblick tritt Herr
2123 2060 3037 2104 Liebhaber oder Intriganten gespielt. Vielleicht
1182 2066 2088 2107 wußt, sonst wär' es gar nicht edel. Irgendeinem
239 2096 494 2154 Roland auf.“
2124 2103 3029 2151 auch war mancher unter ihnen, der sich mit
1176 2103 2094 2151 ordinären Kerl fällt ein Spaß ein, und er wird
2128 2135 3022 2182 schmerzlichen Empfindungen jener Zeit er¬
1185 2140 1756 2197 naturgemäß eine Gemeinheit,
1739 2143 1833 2186 " —
1835 2137 2100 2191 dir fällt ein
284 2126 1150 2197 „Und jetzt geht's los,“ setzte Dobrdal hinzu.
2118 2161 3034 2222 innerte; vielleicht wäre diese schmerzliche Er¬
1185 2178 2086 2244 Spaß ein, und er wird naturgemäß eine gute
281 2198 790 2249 „Roland?“ rief Fred aus.
2124 2209 3030 2264 innerung auch manchem anzumerken gewesen;
1177 2217 1274 2273 Tat.
285 2238 1151 2296 „Aber das ist ja der Witz,“ sagte Emerich leise.
2123 2258 3029 2304 aber alle Scherze, alle Bosheiten kamen an ihn
1221 2251 2086 2316 August sah ihn mit einem bösen Blick an.
283 2279 681 2337 „Im Augenblick,“ —
668 2283 1154 2344 fuhr August fort, „wo der
2119 2295 3030 2343 herangeflogen, weil man sah, daß er am meisten
1196 2289 2087 2365 Wirst du uns vielleicht das Vergnügen rauben.
250 2317 1138 2389 Herr Roland auftritt — donnernder Applaus.“
2116 2338 3025 2384 darunter litt. Anfangs hatte er sich zu wehren
1181 2328 2087 2393 in deiner Gesellschaft der Vorstellung beizu¬
2114 2381 3020 2424 gesucht; er versuchte, Neckereien zu erwidern,
280 2367 758 2437 „Schön,“ sagte Dobrdal.
1181 2376 1368 2438 wohnen?“
2117 2414 3023 2461 aber er war zu ungeschickt gewesen; er wollte
287 2410 1158 2477 „In diesen Applaus,“ sagte August, mischen
1222 2425 2080 2480 „Durchaus nicht,“ antwortete Fred harmlos:
2125 2456 3033 2507 grob werden, aber er hatte nicht den rechten Mut
252 2452 1148 2513 sich bereits Bravorufe; wahrend der Applaus
1186 2459 2092 2522 „außerdem hast du mich ja auch eingeladen, nach¬
2115 2494 3026 2539 dazu gefunden. So begann er, sich alles ruhig
250 2500 1159 2548 fortdauert, werden aus dem Orchester Kränze
1184 2513 2095 2576 her mit dir, Emerich und der Blandini zu
2114 2528 3030 2578 gefallen zu lassen, wurde verschlossen, und man
233 2542 1147 2608 heraufgereicht. Jetzt hat der Roland zu sagen.
2123 2576 3022 2618 hörte oft tagelang kein Wort aus seinem Munde.
241 2578 955 2624 Schöne Dame . .. oder schönes Weib
941 2585 1149 2633 .. dieses
1218 2574 1625 2667 „Ich hatte vergessen.“
2122 2613 3023 2664 Auch das paßte so gut wie alles andere zu dem
242 2622 1155 2668 Geschmeide sendet Euch mein Herr. Darauf hat
1223 2638 1530 2706 „Aber ich nicht.“
2116 2647 3024 2698 Bild, das nun einmal von ihm feststand; auch
2117 2674 3021 2732 das war der komische Stolz des „verkannten
1216 2678 1943 2751 „Es ist Zeit, zu gehen,“ sagte August.
239 2685 1157 2748 Roland an der Tür. Dann tritt die Blandini
2117 2727 3023 2775 Genies“ Sein Ruf war allmählich über den
239 2740 1158 2806 auf den Roland zu und gibt ihm das Geschmeide
1217 2734 2088 2792 Sie zahlten, verließen das Lokal und fuhren
2116 2763 3021 2816 engen Kreis hinausgedrungen, in dem er wirkte;
237 2778 382 2843 zurück.“
1189 2778 2082 2824 in3 Theater. Emerich betrachtete auf dem Wege
2112 2799 3028 2844 alle Welt, die in der Stadt sich für das Bühnen¬
1186 2821 2085 2871 bald den einen, bald den andern und ahnte, daß
279 2802 1147 2883 „Wie die Blandini schon ist,“ bemerkte Emerich.
2122 2845 3025 2888 leben interessierte, kannte seinen Namen, um den
1180 2863 2091 2916 hier zwei Menschen in „„gendeinem wichtigen
276 2872 1157 2922 August betrachtete ihn düster. Emerich er¬
2127 2883 3032 2929 so viele Scherze schwirrten; die Reporter in
1181 2894 1994 2940 Punkt nicht ganz gleichel=Ansicht wären.
1980 2900 2084 2948 So
245 2906 1145 2959 rötete; dann fuhr August fort: „Der Roland
2123 2917 3021 2969 geistsprühenden Notizen, das Publikam in launi¬
1187 2935 2083 2984 faßte er sich, als sie ausstiegen und die Treppe
234 2955 1153 3003 nimmt das Geschmeide und sagt: Was soll ich
2115 2960 3021 3011 gen Gesprächen bediente sich des Namens Roland,
1174 2985 2090 3049 zum Logengang hinaufschritten, ein Herz und
741 2991 1046 3048 — oder so was
236 2990 746 3037 meinem Herrn ausrichten
2114 2999 3030 3045 um den Typus des unbedeutenden, aber einge¬
1188 3015 1883 3068 sagte: „Kinder, seid's doch gescheit!.
239 3026 1050 3074 liches. Darauf die Blandini: Nichts. —
1049 3031 1152 3078 Nun
2118 3026 3021 3083 bildeten Mimen kurz zu bezeichnen. So war
1214 3057 2080 3112 August antwortete nichts. Fred aber drückte
232 3070 1150 3130 verbeugt sich der Roland und geht ab. — Und
2118 3065 3029 3126 dieser Namen in seiner Art populär geworden,
1173 3090 2087 3171 Emerich die Hand und sagte: „Ich werde ver¬
245 3111 703 3162 jetzt: kolossaler Applaus.
2113 3116 3027 3161 und in einem anderen Sinne als Roland früher
1184 3143 1315 3191 suchen.“
2113 3151 3032 3199 einmal gehofft, schien seine Sehsucht nach Ruhm
274 3151 868 3221 „Jubel,“ setzte Dobrdal hinzu.
1218 3167 2086 3236 Die Logentüre wurde geöffnet, und den drei
2123 3193 3024 3241 in Erfüllung zu gehen. Nun war er so weit, daß
280 3201 1082 3258 „Richtig: Jubel, Toben; Rufe: heraus'
1174 3216 2082 3282 Freunden klangen die ersten Akkorde der Ouver¬
2117 3233 3025 3278 er die Unbekannten beneidete. Alle die durften
232 3231 1148 3294 Und jetzt dürfen Sie Ihre Leute einfach nicht
1178 3267 1566 3333 türe lustig entgegen.
2108 3264 3021 3314 noch hoffen, daß ihr Schicksal eine erfreuliche
240 3286 1146 3334 aufhören lassen, bis der Roland herauskommen
2116 3312 3027 3357 Wendung nähme; sie konnten irgend einmal
729 3316 1150 3385 — Sie haben mich
231 3325 742 3379 und sich verbeugen muß.
1587 3319 1666 3411 II.
2121 3355 3021 3402 aus ihrem Dunkel in eine würdige Beleuchtung
235 3353 872 3408 doch verstanden, Herr Dobrdal?“
2120 3388 3020 3443 heraustreten. Ihm war das für alle Zeit ver¬
297 3405 1153 3459 Herr von Witte, Sie können sich auf mich ver¬
1213 3401 1734 3471 Der erste Akt war zu Ende.
2118 3428 3031 3481 sagt. Vor zwei Jahren hatte er das letztemal
238 3433 385 3514 lassen!“
2109 3462 3028 3515 gewagt, den Direktor um eine anständige Rolle
1215 3452 2088 3520 Friedrich Roland saß in der Garderobe, allein.
291 3483 1147 3559 Somit,“ schloß August, „sind wir vorläufig
2110 3506 3029 3551 zu bitten. Der hatte ihn lachend abgewiesen, und
1174 3496 2080 3549 Er war mit einem phantastischen Kostüm ange¬
238 3517 367 3595 fertig.“
2110 3536 3021 3596 Roland hatte ihn verstanden. Dann dachte er
1174 3548 2085 3599 tan — schwarzrotsamtenes Wams und dunkel¬
2113 3583 3026 3624 noch einmal, ein letztes, daran die Stadt zu ver¬
276 3574 1156 3639 Dobrdal verstand, trank eilig den Rest seiner
1174 3588 2083 3641 blaue Trikots — und trug eine Perücke von herr¬
2114 3624 3020 3669 lassen, um wieder in die Provinz hinauszu¬
1172 3625 2086 3676 lichen, kastanienbraunen Locken, auf der ein
233 3621 1149 3687 Melange aus, erhob sich, verbeugte sich und ging.
2116 3665 3024 3708 wandern, wo er in den ersten zehn Jahren
1170 3651 2083 3709 Barett saß. Den Degen hatte er über die Knie
280 3670 1148 3743 „Jetzt möcht' ich doch endlich wissen,“ sagte
2123 3701 3029 3754 seiner Laufbahn umhergezogen; aber die Agenten
1181 3702 2089 3757 gelegt und starrte in den Spiegel, aus dem ihm
231 3705 971 3781 Fred, „was das alles zu bedeuten hat.“
2121 3739 3020 3782 erklärten alle, es sei zu spät, und die Erfah¬
1182 3741 2080 3788 sein jugendlich rot geschminktes Gesicht mit dem
275 3758 1151 3819 „Das werd' ich dir sagen,“ erwiderte August.
2111 3775 3029 3824 rungen, die er seinerzeit als Heldenspieler in
273 3799 815 3868 „Bin neugierig,“ sagte Fred.
2114 3818 3023 3859 kleinen böhmischen und mährischen Städtchen ge¬
1172 3777 2088 3860 belache regtungslos shon seit Veninn des Stit.
1171 3857 2076 3915 kes da. Jetzt hörte er durch die geschlossene Tür
2115 3859 3019 3920 sammelt, waren auch nicht ermutigend genug,
272 3845 846 3923 Emerich horchte gespannt auf.
