<?xml version="1.0" encoding="UTF-8" standalone="yes"?>
<PcGts xmlns="http://schema.primaresearch.org/PAGE/gts/pagecontent/2013-07-15" xmlns:xsi="http://www.w3.org/2001/XMLSchema-instance" xsi:schemaLocation="http://schema.primaresearch.org/PAGE/gts/pagecontent/2013-07-15 http://schema.primaresearch.org/PAGE/gts/pagecontent/2013-07-15/pagecontent.xsd">
    <Metadata>
        <Creator>prov=University of Rostock/Institute of Mathematics/CITlab/Gundram Leifert/gundram.leifert@uni-rostock.de:name=ONB_Newseye_GT_M1+(htr_id=10810)::::v=2.4.2
prov=University of Rostock/Institute of Mathematics/CITlab/Tobias Gruening/tobias.gruening@uni-rostock.de:name=de.uros.citlab.module.baseline2polygon.B2PSeamMultiOriented:v=2.4.2
prov=University of Rostock/Institute of Mathematics/CITlab/Tobias Gruening/tobias.gruening@uni-rostock.de:name=/mnt/transkribus/LA/DEA/URO/LA_news_onb_att.pb:de.uros.citlab.segmentation.CITlab_LA_ML:v=2.4.2
Transkribus</Creator>
        <Created>2019-10-07T10:28:38.666+02:00</Created>
        <LastChange>2019-10-07T10:45:55.176+02:00</LastChange>
        <TranskribusMetadata docId="223912" pageId="9492244" pageNr="5" tsid="16348529" status="IN_PROGRESS" userId="40391" imgUrl="https://files.transkribus.eu/Get?id=RIVSZECLWZIIUMEDVRYTGNWN&amp;fileType=view" xmlUrl="https://files.transkribus.eu/Get?id=SWZAQXQFWYKOONOCNEIHMIGI" imageId="6182532"/>
    </Metadata>
    <Page imageFilename="223912_0005.jpeg" imageWidth="3228" imageHeight="4037">
        <ReadingOrder>
            <OrderedGroup id="ro_1711444394293" caption="Regions reading order">
                <RegionRefIndexed index="0" regionRef="r1"/>
            </OrderedGroup>
        </ReadingOrder>
        <TextRegion orientation="0.0" id="r1" custom="readingOrder {index:0;}">
            <Coords points="257,167 257,3790 3018,3790 3018,167"/>
            <TextLine id="r1l1" custom="readingOrder {index:0;}">
                <Coords points="904,191 948,209 1291,208 1326,189 1659,207 1659,149 1526,160 1484,135 904,151"/>
                <Baseline points="914,194 950,194 987,194 1024,194 1060,194 1097,194 1134,195 1170,195 1207,195 1244,196 1281,196 1317,196 1354,196 1391,196 1427,196 1464,195 1501,194 1537,193 1574,192 1611,190 1648,188"/>
                <TextEquiv>
                    <Unicode>Geronimo und se</Unicode>
                </TextEquiv>
            </TextLine>
            <TextLine id="r1l2" custom="readingOrder {index:1;}">
                <Coords points="1754,204 2035,206 2074,183 2074,152 2035,160 2012,150 1991,159 1968,142 1939,140 1918,157 1885,161 1754,142"/>
                <Baseline points="1764,196 1789,195 1814,195 1839,195 1864,196 1889,196 1914,197 1939,197 1964,197 1989,196 2014,195 2039,192 2064,189"/>
                <TextEquiv>
                    <Unicode>Bruder</Unicode>
                </TextEquiv>
            </TextLine>
            <TextLine id="r1l3" custom="readingOrder {index:2;}">
                <Coords points="246,197 533,207 585,182 614,209 895,208 895,150 843,135 752,150 675,134 566,161 442,140 383,176 302,132 246,139"/>
                <Baseline points="257,196 288,197 319,197 351,197 382,197 414,196 445,196 476,196 508,195 539,195 571,194 602,194 633,194 665,194 696,194 728,194 759,194 790,195 822,196 853,197 885,199"/>
                <TextEquiv>
                    <Unicode>9. Der blinde</Unicode>
                </TextEquiv>
            </TextLine>
            <TextLine id="r1l4" custom="readingOrder {index:3;}">
                <Coords points="2250,208 2315,225 2352,208 2402,220 2425,204 2465,204 2504,229 2635,187 2635,128 2591,122 2533,151 2487,137 2444,160 2344,133 2311,158 2284,144 2250,152"/>
                <Baseline points="2260,194 2286,195 2312,195 2338,196 2364,197 2390,198 2416,198 2442,199 2468,199 2494,199 2520,198 2546,197 2572,195 2598,193 2624,190"/>
                <TextEquiv>
                    <Unicode>box 1/7</Unicode>
                </TextEquiv>
            </TextLine>
            <TextLine id="r1l5" custom="readingOrder {index:4;}">
                <Coords points="391,244 2075,236 2075,192 1711,157 1598,198 391,190"/>
                <Baseline points="401,217 484,218 567,219 650,220 733,221 817,221 900,221 983,222 1066,222 1149,222 1233,222 1316,221 1399,221 1482,221 1565,221 1649,220 1732,220 1815,220 1898,220 1981,220 2065,220"/>
                <TextEquiv>
                    <Unicode>#     A A GUERHIISIn M</Unicode>
                </TextEquiv>
            </TextLine>
            <TextLine id="r1l6" custom="readingOrder {index:5;}">
                <Coords points="1790,470 2154,476 2302,436 2937,467 2962,378 1790,414"/>
                <Baseline points="1800,459 1857,456 1915,452 1972,449 2030,446 2088,444 2145,442 2203,441 2260,440 2318,440 2376,440 2433,440 2491,441 2548,442 2606,443 2664,445 2721,447 2779,449 2836,451 2894,454 2952,457"/>
                <TextEquiv>
                    <Unicode>Ausschnitt auseder Allgemeine Zeitung, Wien</Unicode>
                </TextEquiv>
            </TextLine>
            <TextLine id="r1l7" custom="readingOrder {index:6;}">
                <Coords points="2139,503 2194,520 2254,499 2305,529 2313,521 2389,543 2438,522 2465,535 2525,525 2528,473 2489,461 2455,470 2418,452 2397,464 2335,438 2306,456 2141,459"/>
                <Baseline points="2150,503 2176,505 2202,507 2228,509 2254,511 2280,514 2306,516 2333,517 2359,519 2385,520 2411,520 2437,519 2463,519 2489,517 2516,515"/>
                <TextEquiv>
                    <Unicode>4— 6. 1915</Unicode>
                </TextEquiv>
            </TextLine>
            <TextLine id="r1l8" custom="readingOrder {index:7;}">
                <Coords points="1835,545 1869,533 1912,556 1925,543 1939,541 1964,554 1979,541 2002,544 2002,494 1981,496 1956,479 1940,479 1913,491 1877,487 1858,503 1836,497"/>
                <Baseline points="1845,532 1874,538 1903,538 1932,536 1961,535 1991,538"/>
                <TextEquiv>
                    <Unicode>——</Unicode>
                </TextEquiv>
            </TextLine>
            <TextLine id="r1l9" custom="readingOrder {index:8;}">
                <Coords points="342,540 652,545 1391,659 1474,643 1479,603 1077,519 842,527 627,480 345,516"/>
                <Baseline points="353,538 408,536 464,536 519,537 575,539 630,542 686,546 741,552 797,557 852,564 908,571 963,578 1019,586 1074,595 1130,602 1185,610 1241,618 1296,626 1352,633 1407,640 1463,646"/>
                <TextEquiv>
                    <Unicode>Anntnnt iel. Drsche Pertag</Unicode>
                </TextEquiv>
            </TextLine>
            <TextLine id="r1l10" custom="readingOrder {index:9;}">
                <Coords points="1964,593 3024,589 2995,538 1965,533"/>
                <Baseline points="1975,576 2026,577 2078,578 2130,578 2182,579 2234,580 2286,581 2338,582 2390,583 2442,584 2494,585 2545,585 2597,586 2649,586 2701,586 2753,586 2805,585 2857,585 2909,583 2961,582 3013,580"/>
                <TextEquiv>
                    <Unicode>Im Verlage von S Fischer, Berlin, ist die wunder¬</Unicode>
                </TextEquiv>
            </TextLine>
            <TextLine id="r1l11" custom="readingOrder {index:10;}">
                <Coords points="1798,655 3018,646 3018,590 2444,605 1799,559"/>
                <Baseline points="1809,627 1868,627 1928,627 1988,628 2048,629 2108,629 2168,630 2228,632 2288,633 2348,634 2408,635 2467,636 2527,637 2587,638 2647,638 2707,638 2767,638 2827,638 2887,636 2947,635 3007,633"/>
                <TextEquiv>
                    <Unicode>hare Novelle von Artur Schnitzler „Der blinde Gero¬</Unicode>
                </TextEquiv>
            </TextLine>
            <TextLine id="r1l12" custom="readingOrder {index:11;}">
                <Coords points="342,621 534,648 563,624 732,650 775,631 1154,678 1156,637 1087,606 882,610 782,573 633,601 344,589"/>
                <Baseline points="353,629 392,630 432,631 471,632 511,633 550,634 590,634 629,635 669,636 708,637 748,639 787,640 827,642 866,645 906,647 945,651 985,655 1024,660 1064,666 1103,671 1143,679"/>
                <TextEquiv>
                    <Unicode>von4. - cierinannstadt</Unicode>
                </TextEquiv>
            </TextLine>
            <TextLine id="r1l13" custom="readingOrder {index:12;}">
                <Coords points="1783,695 3015,703 3015,655 2938,644 1839,648 1784,616"/>
                <Baseline points="1793,681 1853,681 1914,680 1974,680 2035,681 2096,681 2156,682 2217,683 2277,684 2338,685 2399,686 2459,688 2520,688 2580,689 2641,690 2702,690 2762,691 2823,690 2883,690 2944,689 3005,687"/>
                <TextEquiv>
                    <Unicode>[nimo und sein Bruder“ in besönderer Ausstattung, und ge¬</Unicode>
                </TextEquiv>
            </TextLine>
            <TextLine id="r1l14" custom="readingOrder {index:13;}">
                <Coords points="1141,704 1159,703 1207,710 1220,706 1236,710 1241,656 1230,655 1224,659 1212,651 1192,669 1183,668 1174,675 1155,661 1144,660"/>
                <Baseline points="1152,699 1189,702 1226,705"/>
                <TextEquiv>
                    <Unicode>.</Unicode>
                </TextEquiv>
            </TextLine>
            <TextLine id="r1l15" custom="readingOrder {index:14;}">
                <Coords points="338,696 1284,770 1319,766 1324,691 1254,717 1102,684 861,704 618,684 546,635 342,634"/>
                <Baseline points="349,690 397,695 445,700 493,704 541,709 589,713 637,717 685,721 733,724 781,727 829,730 877,734 925,736 973,739 1021,742 1069,744 1117,747 1165,749 1213,751 1261,753 1309,755"/>
                <TextEquiv>
                    <Unicode>7 (Ein Buch Arthur Schultters-für</Unicode>
                </TextEquiv>
            </TextLine>
            <TextLine id="r1l16" custom="readingOrder {index:15;}">
                <Coords points="1791,733 2966,761 3016,755 3017,703 1791,698"/>
                <Baseline points="1801,734 1861,734 1921,735 1981,735 2042,735 2102,736 2162,737 2222,737 2283,738 2343,739 2403,740 2463,740 2524,741 2584,741 2644,742 2704,742 2765,742 2825,742 2885,741 2945,741 3006,740"/>
                <TextEquiv>
                    <Unicode>ziert durch eine stimmungsvolle Radierung von Ferdinand</Unicode>
                </TextEquiv>
            </TextLine>
            <TextLine id="r1l17" custom="readingOrder {index:16;}">
                <Coords points="283,760 1310,812 1312,769 1259,757 782,749 287,691"/>
                <Baseline points="294,743 344,746 394,749 444,752 495,756 545,759 595,762 645,765 696,769 746,772 796,775 846,779 897,782 947,785 997,787 1047,790 1098,793 1148,796 1198,798 1248,801 1299,803"/>
                <TextEquiv>
                    <Unicode>[de Erblindeten.] Im Laufe dieses Monats</Unicode>
                </TextEquiv>
            </TextLine>
            <TextLine id="r1l18" custom="readingOrder {index:17;}">
                <Coords points="1785,817 1900,788 2980,812 3014,754 1786,750"/>
                <Baseline points="1796,782 1856,784 1916,786 1977,787 2037,788 2097,789 2158,790 2218,791 2278,792 2339,793 2399,794 2459,794 2520,794 2580,795 2640,795 2701,795 2761,794 2821,794 2882,794 2942,793 3003,792"/>
                <TextEquiv>
                    <Unicode>[Schmutzer soeben erschienen. Das Erträgnis, welches das</Unicode>
                </TextEquiv>
            </TextLine>
            <TextLine id="r1l19" custom="readingOrder {index:18;}">
                <Coords points="290,801 1289,844 1255,806 1030,812 772,771 606,789 327,747 292,768"/>
                <Baseline points="301,793 349,795 398,798 447,800 496,803 545,806 594,809 643,813 692,816 741,819 790,822 838,826 887,829 936,831 985,834 1034,837 1083,840 1132,842 1181,844 1230,845 1279,846"/>
                <TextEquiv>
                    <Unicode>Lerscheint in der Verlagsbuchhandlung von S. Fi¬</Unicode>
                </TextEquiv>
            </TextLine>
            <TextLine id="r1l20" custom="readingOrder {index:19;}">
                <Coords points="1788,869 2834,873 2962,864 3006,802 1788,817"/>
                <Baseline points="1799,836 1858,838 1918,838 1978,839 2038,841 2098,841 2157,842 2217,843 2277,844 2337,845 2397,845 2456,846 2516,846 2576,847 2636,847 2696,847 2755,847 2815,848 2875,848 2935,848 2995,848"/>
                <TextEquiv>
                    <Unicode>Büchlein abwerfen wird, ist den im Felde Erblindeten gewidmet.</Unicode>
                </TextEquiv>
            </TextLine>
            <TextLine id="r1l21" custom="readingOrder {index:20;}">
                <Coords points="286,850 1287,922 1291,843 728,843 289,800"/>
                <Baseline points="296,841 345,844 394,846 443,849 492,852 541,854 590,857 639,859 688,863 737,865 786,869 835,871 884,874 933,877 982,880 1031,882 1080,885 1129,888 1178,890 1227,892 1277,894"/>
                <TextEquiv>
                    <Unicode>scher zugunsten der im Felde Erblindeten der deut¬</Unicode>
                </TextEquiv>
            </TextLine>
            <TextLine id="r1l22" custom="readingOrder {index:21;}">
                <Coords points="1788,902 3000,917 2984,852 2145,868 1789,835"/>
                <Baseline points="1798,889 1857,890 1917,892 1976,893 2036,894 2095,895 2155,896 2214,896 2274,897 2333,898 2393,898 2453,898 2512,899 2572,899 2631,899 2691,900 2750,900 2810,900 2869,900 2929,900 2989,900"/>
                <TextEquiv>
                    <Unicode>Auch Bücher haben ihr Schicksal. Dem „Blinden Geronimo“ ist</Unicode>
                </TextEquiv>
            </TextLine>
            <TextLine id="r1l23" custom="readingOrder {index:22;}">
                <Coords points="292,898 779,944 1035,924 1280,968 1289,924 295,850"/>
                <Baseline points="302,887 350,889 399,892 448,895 497,898 545,901 594,905 643,908 692,911 740,914 789,918 838,921 887,924 935,927 984,930 1033,933 1082,935 1130,937 1179,939 1228,940 1277,941"/>
                <TextEquiv>
                    <Unicode>schen und der österreichisch-ungarischen Armee Ar¬</Unicode>
                </TextEquiv>
            </TextLine>
            <TextLine id="r1l24" custom="readingOrder {index:23;}">
                <Coords points="1793,946 2992,967 2955,909 1794,904"/>
                <Baseline points="1804,943 1862,944 1921,945 1980,946 2039,947 2098,948 2157,948 2215,949 2274,950 2333,950 2392,951 2451,951 2510,951 2569,952 2627,952 2686,952 2745,952 2804,952 2863,952 2922,952 2981,952"/>
                <TextEquiv>
                    <Unicode>dieses Jahr eine Popularität zuteil geworden, welche diese klassische</Unicode>
                </TextEquiv>
            </TextLine>
            <TextLine id="r1l25" custom="readingOrder {index:24;}">
                <Coords points="287,941 1272,998 1274,952 1192,937 832,924 804,948 736,919 289,901"/>
                <Baseline points="298,935 346,939 394,942 442,945 491,948 539,951 587,954 635,957 684,959 732,962 780,965 828,967 877,970 925,972 973,975 1021,977 1070,979 1118,981 1166,983 1214,986 1263,988"/>
                <TextEquiv>
                    <Unicode>thur Schnitzlers Novelle „Der blinde Geronimo</Unicode>
                </TextEquiv>
            </TextLine>
            <TextLine id="r1l26" custom="readingOrder {index:25;}">
                <Coords points="1807,1009 3002,1012 3002,975 2848,961 1807,957"/>
                <Baseline points="1817,997 1875,998 1934,998 1993,999 2052,1000 2110,1000 2169,1001 2228,1001 2287,1002 2345,1002 2404,1002 2463,1003 2522,1003 2580,1004 2639,1004 2698,1004 2757,1005 2815,1005 2874,1006 2933,1007 2992,1007"/>
                <TextEquiv>
                    <Unicode>Novelle der deutschen Literatur (wie ebenfalls in seiner Gattung</Unicode>
                </TextEquiv>
            </TextLine>
            <TextLine id="r1l27" custom="readingOrder {index:26;}">
                <Coords points="280,992 585,1016 637,986 747,1028 1279,1057 1266,995 283,940"/>
                <Baseline points="291,982 339,985 388,988 437,992 486,995 535,998 584,1001 633,1004 682,1007 731,1010 780,1013 828,1016 877,1018 926,1021 975,1024 1024,1027 1073,1029 1122,1032 1171,1034 1220,1036 1269,1039"/>
                <TextEquiv>
                    <Unicode>und sein Bruder“ mit einer Radierung von Fer¬</Unicode>
                </TextEquiv>
            </TextLine>
            <TextLine id="r1l28" custom="readingOrder {index:27;}">
                <Coords points="1809,1050 1982,1082 3006,1062 3006,1025 2954,1016 1810,1008"/>
                <Baseline points="1819,1048 1877,1051 1936,1052 1995,1054 2054,1055 2113,1056 2171,1057 2230,1057 2289,1057 2348,1057 2407,1057 2465,1057 2524,1056 2583,1056 2642,1056 2701,1056 2759,1057 2818,1057 2877,1058 2936,1059 2995,1060"/>
                <TextEquiv>
                    <Unicode>Vollendete) sonst wohl erst in Jahrzehnten erlangt hätte. Weil</Unicode>
                </TextEquiv>
            </TextLine>
            <TextLine id="r1l29" custom="readingOrder {index:28;}">
                <Coords points="267,1032 1294,1092 1297,1044 688,1010 649,1035 271,972"/>
                <Baseline points="279,1024 329,1028 379,1032 429,1036 479,1040 530,1044 580,1047 630,1051 680,1054 730,1057 781,1060 831,1064 881,1066 931,1069 981,1072 1032,1075 1082,1078 1132,1079 1182,1082 1232,1085 1283,1087"/>
                <TextEquiv>
                    <Unicode>dinand Schmutzer. Der gesamte Ertrag ist den im</Unicode>
                </TextEquiv>
            </TextLine>
            <TextLine id="r1l30" custom="readingOrder {index:29;}">
                <Coords points="274,1076 1263,1146 1285,1094 276,1043"/>
                <Baseline points="285,1076 334,1079 383,1081 432,1084 482,1087 531,1090 580,1093 630,1096 679,1100 728,1104 778,1107 827,1110 876,1114 925,1116 975,1120 1024,1122 1073,1125 1123,1127 1172,1129 1221,1130 1271,1131"/>
                <TextEquiv>
                    <Unicode>Felde Erblindeten der deutschen und der öster¬</Unicode>
                </TextEquiv>
            </TextLine>
            <TextLine id="r1l31" custom="readingOrder {index:30;}">
                <Coords points="1802,1113 2870,1138 3009,1118 3010,1064 1802,1065"/>
                <Baseline points="1813,1103 1872,1103 1931,1104 1990,1104 2050,1105 2109,1106 2168,1106 2228,1107 2287,1108 2346,1109 2406,1110 2465,1110 2524,1111 2583,1112 2643,1112 2702,1112 2761,1112 2821,1111 2880,1111 2939,1110 2999,1108"/>
                <TextEquiv>
                    <Unicode>sie heute eine grausame Aktualität besitzt. Weil sie die Schicksals¬</Unicode>
                </TextEquiv>
            </TextLine>
            <TextLine id="r1l32" custom="readingOrder {index:31;}">
                <Coords points="274,1124 844,1177 1033,1159 1065,1186 1278,1180 1280,1145 276,1086"/>
                <Baseline points="284,1119 333,1123 382,1127 431,1131 480,1135 529,1139 578,1142 628,1145 677,1149 726,1152 775,1155 824,1157 873,1161 922,1163 972,1165 1021,1168 1070,1170 1119,1172 1168,1175 1217,1177 1267,1179"/>
                <TextEquiv>
                    <Unicode>reichisch=ungarischen Armee gewidmet. Eine Ra¬</Unicode>
                </TextEquiv>
            </TextLine>
            <TextLine id="r1l33" custom="readingOrder {index:32;}">
                <Coords points="1797,1175 3010,1194 3010,1119 1797,1128"/>
                <Baseline points="1807,1158 1866,1158 1926,1158 1985,1158 2045,1158 2105,1159 2164,1159 2224,1160 2283,1160 2343,1161 2403,1162 2462,1162 2522,1163 2581,1163 2641,1163 2701,1164 2760,1164 2820,1164 2879,1164 2939,1164 2999,1164"/>
                <TextEquiv>
                    <Unicode>tragik des Erblindeten erschütternd in unser Bewußtsein treten</Unicode>
                </TextEquiv>
            </TextLine>
            <TextLine id="r1l34" custom="readingOrder {index:33;}">
                <Coords points="273,1179 1276,1254 1276,1183 1169,1201 1030,1160 845,1175 277,1129"/>
                <Baseline points="285,1167 334,1170 383,1174 432,1178 481,1182 530,1186 579,1189 628,1193 677,1197 726,1200 776,1204 825,1207 874,1211 923,1214 972,1217 1021,1220 1070,1223 1119,1226 1168,1228 1217,1231 1267,1233"/>
                <TextEquiv>
                    <Unicode>dierung von Schmutzer soll den Wert für alle</Unicode>
                </TextEquiv>
            </TextLine>
            <TextLine id="r1l35" custom="readingOrder {index:34;}">
                <Coords points="1803,1230 3006,1223 2968,1175 2866,1162 1803,1173"/>
                <Baseline points="1813,1212 1872,1212 1931,1212 1990,1212 2049,1212 2108,1213 2167,1213 2227,1213 2286,1213 2345,1214 2404,1214 2463,1214 2522,1214 2581,1214 2641,1215 2700,1215 2759,1215 2818,1215 2877,1215 2936,1215 2996,1215"/>
                <TextEquiv>
                    <Unicode>läßt, in einem Augenblick, da Helden im Kampf um ihr Vaterland</Unicode>
                </TextEquiv>
            </TextLine>
            <TextLine id="r1l36" custom="readingOrder {index:35;}">
                <Coords points="271,1218 351,1238 402,1228 476,1244 750,1252 753,1210 274,1178"/>
                <Baseline points="281,1212 306,1215 332,1218 357,1221 383,1223 408,1226 434,1228 459,1230 485,1232 511,1233 536,1235 562,1236 587,1238 613,1239 638,1240 664,1241 689,1242 715,1243 741,1244"/>
                <TextEquiv>
                    <Unicode>Bücherliebhaber erhöhen.</Unicode>
                </TextEquiv>
            </TextLine>
            <TextLine id="r1l37" custom="readingOrder {index:36;}">
                <Coords points="1784,1272 3003,1294 3004,1236 1784,1203"/>
                <Baseline points="1794,1263 1854,1263 1914,1264 1974,1264 2034,1264 2094,1265 2154,1265 2214,1265 2274,1265 2334,1266 2394,1266 2454,1266 2514,1266 2574,1267 2634,1267 2694,1267 2754,1267 2814,1268 2874,1268 2934,1269 2994,1269"/>
                <TextEquiv>
                    <Unicode>das Augenlicht verloren. Artur Schnitzler mußte die Erzählung</Unicode>
                </TextEquiv>
            </TextLine>
            <TextLine id="r1l38" custom="readingOrder {index:37;}">
                <Coords points="1799,1319 2910,1334 2975,1331 2998,1289 1799,1280"/>
                <Baseline points="1810,1316 1868,1316 1927,1316 1986,1316 2045,1316 2104,1317 2163,1317 2221,1318 2280,1318 2339,1319 2398,1319 2457,1320 2516,1320 2575,1320 2633,1321 2692,1321 2751,1321 2810,1320 2869,1320 2928,1319 2987,1318"/>
                <TextEquiv>
                    <Unicode>diesen Winter auf allgemeine Bitten immer und immer wieder</Unicode>
                </TextEquiv>
            </TextLine>
            <TextLine id="r1l39" custom="readingOrder {index:38;}">
                <Coords points="1799,1377 3006,1397 2988,1326 1799,1321"/>
                <Baseline points="1809,1373 1868,1372 1927,1372 1987,1371 2046,1371 2105,1370 2165,1370 2224,1370 2283,1370 2343,1370 2402,1370 2461,1371 2521,1371 2580,1371 2639,1371 2699,1372 2758,1372 2817,1372 2877,1372 2936,1372 2996,1372"/>
                <TextEquiv>
                    <Unicode>zugunsten der im Felde erblindeten Soldaten lesen. Und so wurde</Unicode>
                </TextEquiv>
            </TextLine>
            <TextLine id="r1l40" custom="readingOrder {index:39;}">
                <Coords points="1799,1421 3006,1443 2969,1380 1799,1378"/>
                <Baseline points="1809,1422 1868,1422 1927,1422 1986,1422 2046,1423 2105,1423 2164,1423 2224,1424 2283,1424 2342,1424 2402,1425 2461,1425 2520,1425 2579,1425 2639,1425 2698,1425 2757,1425 2817,1425 2876,1424 2935,1423 2995,1423"/>
                <TextEquiv>
                    <Unicode>sie vielen köstlicher Besitz. Wie Liebe das Furchtbarste überwindet</Unicode>
                </TextEquiv>
            </TextLine>
            <TextLine id="r1l41" custom="readingOrder {index:40;}">
                <Coords points="1794,1475 2984,1503 3008,1440 1794,1419"/>
                <Baseline points="1804,1470 1863,1471 1923,1472 1983,1473 2042,1473 2102,1474 2162,1474 2221,1475 2281,1475 2341,1476 2401,1476 2460,1476 2520,1476 2580,1476 2639,1476 2699,1476 2759,1476 2818,1476 2878,1476 2938,1476 2998,1476"/>
                <TextEquiv>
                    <Unicode>und heilt, den Haß, den der Blinde gegen den Sehenden verborgen</Unicode>
                </TextEquiv>
            </TextLine>
            <TextLine id="r1l42" custom="readingOrder {index:41;}">
                <Coords points="1800,1524 3007,1557 3007,1494 2803,1477 1800,1485"/>
                <Baseline points="1811,1527 1870,1527 1929,1527 1988,1528 2048,1528 2107,1528 2166,1528 2226,1529 2285,1529 2344,1529 2404,1529 2463,1530 2522,1530 2581,1530 2641,1530 2700,1530 2759,1530 2819,1530 2878,1530 2937,1530 2997,1529"/>
                <TextEquiv>
                    <Unicode>im Herzen hegt; wie sie die Widerstände solch einer armen Seele</Unicode>
                </TextEquiv>
            </TextLine>
            <TextLine id="r1l43" custom="readingOrder {index:42;}">
                <Coords points="1789,1602 2996,1610 2996,1552 2940,1541 1789,1559"/>
                <Baseline points="1799,1576 1858,1577 1917,1579 1976,1580 2036,1581 2095,1582 2154,1583 2214,1583 2273,1584 2332,1584 2392,1584 2451,1584 2510,1585 2569,1584 2629,1584 2688,1584 2747,1584 2807,1584 2866,1583 2925,1583 2985,1582"/>
                <TextEquiv>
                    <Unicode>überwindet, wie sie die Trostlosigkeit der grausamsten Verein¬</Unicode>
                </TextEquiv>
            </TextLine>
            <TextLine id="r1l44" custom="readingOrder {index:43;}">
                <Coords points="1800,1657 2995,1663 3007,1586 2689,1617 1800,1591"/>
                <Baseline points="1810,1631 1869,1632 1928,1633 1988,1633 2047,1634 2106,1634 2166,1634 2225,1635 2284,1635 2344,1635 2403,1635 2462,1635 2522,1635 2581,1635 2640,1635 2700,1635 2759,1635 2818,1634 2878,1634 2937,1634 2997,1633"/>
                <TextEquiv>
                    <Unicode>samung durch ihre unerschütterliche Hingabe in milde versöhnte,</Unicode>
                </TextEquiv>
            </TextLine>
            <TextLine id="r1l45" custom="readingOrder {index:44;}">
                <Coords points="1801,1693 2998,1696 2998,1653 2815,1642 1802,1650"/>
                <Baseline points="1811,1685 1869,1685 1928,1685 1987,1685 2046,1686 2105,1686 2164,1686 2222,1687 2281,1687 2340,1687 2399,1688 2458,1688 2517,1688 2576,1688 2634,1689 2693,1689 2752,1689 2811,1689 2870,1689 2929,1689 2988,1689"/>
                <TextEquiv>
                    <Unicode>leiderlöste Zuversicht zu wandeln vermag, dies liest sich wie ein</Unicode>
                </TextEquiv>
            </TextLine>
            <TextLine id="r1l46" custom="readingOrder {index:45;}">
                <Coords points="1801,1737 2948,1763 3003,1716 1802,1693"/>
                <Baseline points="1812,1738 1871,1738 1930,1737 1989,1737 2048,1737 2107,1737 2166,1737 2225,1738 2284,1738 2343,1739 2402,1739 2461,1740 2520,1741 2579,1741 2638,1742 2697,1742 2756,1743 2815,1743 2874,1743 2933,1743 2992,1743"/>
                <TextEquiv>
                    <Unicode>Hymnus der Treue von Bruder zu Bruder. Und der Trost, daß</Unicode>
                </TextEquiv>
            </TextLine>
            <TextLine id="r1l47" custom="readingOrder {index:46;}">
                <Coords points="623,1769 638,1764 644,1770 673,1769 683,1758 696,1762 704,1758 713,1766 735,1763 734,1717 711,1718 692,1712 690,1715 684,1708 671,1709 661,1701 650,1701 644,1706 633,1696 621,1696"/>
                <Baseline points="634,1760 664,1759 694,1757 724,1758"/>
                <TextEquiv>
                    <Unicode>17——</Unicode>
                </TextEquiv>
            </TextLine>
            <TextLine id="r1l48" custom="readingOrder {index:47;}">
                <Coords points="1795,1793 2831,1816 3000,1796 3000,1746 1795,1758"/>
                <Baseline points="1804,1792 1863,1792 1922,1791 1981,1791 2041,1791 2100,1791 2159,1791 2219,1792 2278,1792 2337,1792 2397,1792 2456,1793 2515,1793 2574,1793 2634,1793 2693,1793 2752,1793 2812,1793 2871,1793 2930,1793 2990,1793"/>
                <TextEquiv>
                    <Unicode>der Besitz einer Seele, welche ganz und ungeteilt dem Unglück¬</Unicode>
                </TextEquiv>
            </TextLine>
            <TextLine id="r1l49" custom="readingOrder {index:48;}">
                <Coords points="626,1802 946,1823 1007,1802 1253,1844 1466,1830 1469,1753 1270,1772 1101,1728 1044,1758 787,1726 733,1764 627,1764"/>
                <Baseline points="637,1793 678,1793 719,1794 760,1795 801,1797 842,1799 883,1802 924,1804 965,1806 1006,1809 1047,1812 1088,1814 1129,1816 1170,1817 1211,1818 1252,1819 1293,1819 1334,1818 1375,1815 1416,1812 1457,1808"/>
                <TextEquiv>
                    <Unicode>BERLINER TAGBLAT•</Unicode>
                </TextEquiv>
            </TextLine>
            <TextLine id="r1l50" custom="readingOrder {index:49;}">
                <Coords points="314,1854 405,1849 426,1864 443,1849 518,1871 536,1859 674,1858 697,1843 713,1859 765,1838 765,1813 621,1802 602,1787 544,1784 523,1798 480,1782 313,1813"/>
                <Baseline points="323,1843 348,1842 373,1841 399,1841 424,1840 449,1840 475,1839 500,1839 525,1838 551,1838 576,1838 601,1838 627,1838 652,1838 677,1839 703,1839 728,1839 754,1840"/>
                <TextEquiv>
                    <Unicode>Ausschnitt aus:</Unicode>
                </TextEquiv>
            </TextLine>
            <TextLine id="r1l51" custom="readingOrder {index:50;}">
                <Coords points="1801,1865 2945,1873 3001,1841 2987,1794 1801,1798"/>
                <Baseline points="1810,1845 1869,1846 1928,1846 1987,1846 2046,1847 2105,1847 2164,1847 2223,1847 2282,1847 2341,1847 2400,1847 2459,1847 2518,1847 2577,1847 2636,1847 2695,1846 2754,1846 2813,1846 2872,1846 2931,1846 2991,1846"/>
                <TextEquiv>
                    <Unicode>lichen sich hingibt, kostbar genug ist, um ihm den Verlust einer</Unicode>
                </TextEquiv>
            </TextLine>
            <TextLine id="r1l52" custom="readingOrder {index:51;}">
                <Coords points="1794,1892 2929,1921 3006,1888 3006,1842 1794,1854"/>
                <Baseline points="1805,1897 1864,1897 1924,1898 1983,1899 2043,1899 2102,1900 2162,1900 2221,1900 2281,1900 2340,1900 2400,1900 2460,1899 2519,1899 2579,1899 2638,1899 2698,1898 2757,1898 2817,1897 2876,1897 2936,1897 2996,1896"/>
                <TextEquiv>
                    <Unicode>Welt zu ersetzen, ist ein Trost, den gerade Menschen dieser Gegen¬</Unicode>
                </TextEquiv>
            </TextLine>
            <TextLine id="r1l53" custom="readingOrder {index:52;}">
                <Coords points="316,1970 863,1992 915,1984 918,1911 848,1879 753,1873 319,1886"/>
                <Baseline points="327,1941 355,1939 384,1937 413,1936 442,1935 471,1935 500,1934 529,1935 558,1935 587,1936 616,1937 644,1938 673,1940 702,1941 731,1944 760,1946 789,1949 818,1951 847,1955 876,1957 905,1961"/>
                <TextEquiv>
                    <Unicode>vom: S1. S. 1975</Unicode>
                </TextEquiv>
            </TextLine>
            <TextLine id="r1l54" custom="readingOrder {index:53;}">
                <Coords points="1788,1960 3014,1972 3014,1908 2979,1899 1788,1891"/>
                <Baseline points="1799,1949 1859,1950 1919,1950 1979,1950 2040,1951 2100,1951 2160,1951 2220,1950 2281,1950 2341,1950 2401,1950 2461,1950 2522,1949 2582,1949 2642,1949 2702,1949 2763,1949 2823,1950 2883,1950 2943,1951 3004,1952"/>
                <TextEquiv>
                    <Unicode>wart erhebend fühlen müssen. So gehört Geronimos Geschichte zu</Unicode>
                </TextEquiv>
            </TextLine>
            <TextLine id="r1l55" custom="readingOrder {index:54;}">
                <Coords points="1798,2006 3003,2031 2985,1960 1798,1962"/>
                <Baseline points="1809,2001 1868,2002 1927,2002 1986,2003 2045,2003 2104,2003 2163,2004 2223,2004 2282,2004 2341,2004 2400,2004 2459,2004 2518,2004 2577,2004 2637,2004 2696,2004 2755,2004 2814,2004 2873,2004 2932,2005 2992,2005"/>
                <TextEquiv>
                    <Unicode>jenen Dokumente, die in einer Zeit, in welcher die Haßgesänge</Unicode>
                </TextEquiv>
            </TextLine>
            <TextLine id="r1l56" custom="readingOrder {index:55;}">
                <Coords points="541,2048 905,2062 964,2040 989,2063 1039,2047 1213,2073 1263,2067 1264,2020 1102,1975 1004,1980 969,2005 773,1975 686,2002 628,1974 542,1994"/>
                <Baseline points="551,2037 586,2037 621,2038 656,2038 691,2039 726,2040 761,2040 796,2041 831,2041 866,2042 902,2043 937,2044 972,2044 1007,2045 1042,2045 1077,2046 1112,2046 1147,2046 1182,2046 1217,2046 1253,2046"/>
                <TextEquiv>
                    <Unicode>Die Poesie der Blindheit.</Unicode>
                </TextEquiv>
            </TextLine>
            <TextLine id="r1l57" custom="readingOrder {index:56;}">
                <Coords points="1802,2078 3002,2052 2971,2013 1802,2009"/>
                <Baseline points="1811,2056 1870,2056 1929,2056 1988,2056 2047,2056 2106,2056 2165,2057 2224,2057 2283,2057 2342,2057 2402,2057 2461,2058 2520,2058 2579,2058 2638,2058 2697,2058 2756,2058 2815,2057 2874,2057 2933,2057 2993,2056"/>
                <TextEquiv>
                    <Unicode>blühen, von edlen Menschlichkeiten erzählt. Sie gehört jetzt dem</Unicode>
                </TextEquiv>
            </TextLine>
            <TextLine id="r1l58" custom="readingOrder {index:57;}">
                <Coords points="336,2093 1064,2083 1516,2125 1516,2081 1396,2053 684,2069 453,2023 336,2062"/>
                <Baseline points="347,2088 404,2090 462,2091 520,2093 578,2093 636,2095 694,2095 752,2096 810,2097 868,2098 926,2098 983,2099 1041,2099 1099,2099 1157,2100 1215,2100 1273,2100 1331,2100 1389,2100 1447,2100 1505,2100"/>
                <TextEquiv>
                    <Unicode>F. E. Arthur Schnitzler, der kleidige Anatom mensch¬</Unicode>
                </TextEquiv>
            </TextLine>
            <TextLine id="r1l59" custom="readingOrder {index:58;}">
                <Coords points="1799,2113 2996,2131 2961,2062 1799,2078"/>
                <Baseline points="1809,2104 1867,2106 1926,2107 1985,2108 2044,2109 2103,2110 2162,2110 2220,2110 2279,2111 2338,2111 2397,2111 2456,2111 2515,2110 2574,2110 2632,2110 2691,2109 2750,2109 2809,2108 2868,2108 2927,2107 2986,2106"/>
                <TextEquiv>
                    <Unicode>Besten jener Kriegsliteratur an, die einzig Geltung haben dürfte.</Unicode>
                </TextEquiv>
            </TextLine>
            <TextLine id="r1l60" custom="readingOrder {index:59;}">
                <Coords points="300,2149 1517,2162 1518,2100 300,2089"/>
                <Baseline points="311,2134 370,2134 430,2135 490,2135 550,2136 610,2136 669,2137 729,2137 789,2138 849,2138 909,2138 968,2139 1028,2139 1088,2139 1148,2139 1208,2139 1267,2139 1327,2139 1387,2138 1447,2138 1507,2137"/>
                <TextEquiv>
                    <Unicode>licher Seelen, hat einRorettegeschrieden „Der blinde Gero¬</Unicode>
                </TextEquiv>
            </TextLine>
            <TextLine id="r1l61" custom="readingOrder {index:60;}">
                <Coords points="1790,2193 1851,2166 1913,2191 2019,2166 2523,2167 2602,2190 2664,2169 2604,2115 1790,2124"/>
                <Baseline points="1800,2155 1842,2157 1885,2159 1927,2160 1970,2162 2013,2163 2055,2163 2098,2163 2141,2163 2183,2163 2226,2163 2269,2163 2311,2162 2354,2162 2397,2161 2439,2161 2482,2160 2525,2160 2567,2160 2610,2160 2653,2160"/>
                <TextEquiv>
                    <Unicode>Die der Hingebung dienen soll und der Liebe.</Unicode>
                </TextEquiv>
            </TextLine>
            <TextLine id="r1l62" custom="readingOrder {index:61;}">
                <Coords points="2819,2160 2864,2168 2877,2164 2887,2169 2896,2164 2908,2173 2916,2168 2924,2173 2933,2167 2973,2168 2975,2135 2953,2125 2945,2128 2908,2117 2884,2130 2864,2115 2860,2119 2822,2116"/>
                <Baseline points="2829,2154 2855,2158 2882,2160 2909,2162 2936,2164 2963,2166"/>
                <TextEquiv>
                    <Unicode>B. Z.</Unicode>
                </TextEquiv>
            </TextLine>
            <TextLine id="r1l63" custom="readingOrder {index:62;}">
                <Coords points="294,2191 1506,2191 1477,2147 295,2143"/>
                <Baseline points="304,2175 363,2175 423,2176 482,2176 542,2177 602,2177 661,2178 721,2179 780,2179 840,2180 900,2180 959,2180 1019,2181 1078,2181 1138,2181 1198,2181 1257,2181 1317,2181 1376,2181 1436,2180 1496,2180"/>
                <TextEquiv>
                    <Unicode>nimot, die jetzt im Verlag S. Fischer, Berlin, neu erschienen ist, und</Unicode>
                </TextEquiv>
            </TextLine>
            <TextLine id="r1l64" custom="readingOrder {index:63;}">
                <Coords points="2674,2222 2682,2222 2686,2219 2701,2221 2705,2216 2719,2215 2716,2151 2705,2151 2699,2156 2686,2150 2684,2153 2682,2151 2670,2151"/>
                <Baseline points="2683,2191 2708,2190"/>
                <TextEquiv>
                    <Unicode>80</Unicode>
                </TextEquiv>
            </TextLine>
            <TextLine id="r1l65" custom="readingOrder {index:64;}">
                <Coords points="300,2219 1505,2237 1505,2191 300,2185"/>
                <Baseline points="311,2216 370,2216 429,2217 488,2217 547,2218 606,2218 665,2219 725,2220 784,2220 843,2221 902,2221 961,2221 1020,2222 1079,2222 1139,2222 1198,2223 1257,2223 1316,2223 1375,2223 1434,2223 1494,2222"/>
                <TextEquiv>
                    <Unicode>der mankschon deshalb viele Freunde wünschen will, weil der Ertrag</Unicode>
                </TextEquiv>
            </TextLine>
            <TextLine id="r1l66" custom="readingOrder {index:65;}">
                <Coords points="298,2262 1509,2277 1490,2233 1378,2226 298,2231"/>
                <Baseline points="309,2258 368,2258 427,2258 487,2259 546,2259 606,2260 665,2260 725,2261 784,2261 844,2262 903,2262 962,2263 1022,2263 1081,2264 1141,2264 1200,2264 1260,2264 1319,2264 1379,2263 1438,2263 1498,2262"/>
                <TextEquiv>
                    <Unicode>des Büchts den Kriegsblinden der deutschen und der</Unicode>
                </TextEquiv>
            </TextLine>
            <TextLine id="r1l67" custom="readingOrder {index:66;}">
                <Coords points="297,2315 1325,2328 1326,2280 298,2248"/>
                <Baseline points="308,2297 358,2298 408,2298 459,2299 509,2299 559,2300 610,2300 660,2301 710,2301 761,2302 811,2302 861,2303 912,2303 962,2303 1012,2304 1063,2304 1113,2304 1163,2304 1214,2304 1264,2304 1315,2304"/>
                <TextEquiv>
                    <Unicode>österrecisch= ungarischen Armee zugedacht ist.</Unicode>
                </TextEquiv>
            </TextLine>
            <TextLine id="r1l68" custom="readingOrder {index:67;}">
                <Coords points="2161,2347 2305,2335 2394,2359 2513,2333 2546,2355 2579,2338 2650,2354 2673,2344 2672,2271 2564,2264 2448,2296 2387,2286 2319,2306 2161,2308"/>
                <Baseline points="2172,2336 2197,2335 2223,2334 2249,2333 2275,2333 2300,2333 2326,2332 2352,2331 2378,2331 2404,2331 2429,2330 2455,2330 2481,2330 2507,2330 2533,2329 2558,2330 2584,2330 2610,2330 2636,2330 2662,2331"/>
                <TextEquiv>
                    <Unicode>tüuchenangabe ohne Gewahr.)</Unicode>
                </TextEquiv>
            </TextLine>
            <TextLine id="r1l69" custom="readingOrder {index:68;}">
                <Coords points="349,2340 1470,2363 1518,2355 1519,2311 349,2313"/>
                <Baseline points="359,2339 416,2339 473,2339 531,2340 588,2341 646,2341 703,2342 760,2343 818,2344 875,2345 933,2345 990,2346 1047,2347 1105,2347 1162,2347 1220,2347 1277,2347 1334,2347 1392,2346 1449,2345 1507,2344"/>
                <TextEquiv>
                    <Unicode>Diese kleite Geschichte, herb im Geschehen, holdselig im Gefühl, ist</Unicode>
                </TextEquiv>
            </TextLine>
            <TextLine id="r1l70" custom="readingOrder {index:69;}">
                <Coords points="290,2395 1374,2408 1510,2399 1510,2345 290,2364"/>
                <Baseline points="301,2384 364,2383 427,2383 490,2383 553,2383 616,2383 679,2384 742,2385 805,2386 868,2386 932,2387 995,2388 1058,2388 1121,2389 1184,2389 1247,2389 1310,2388 1373,2387 1436,2386 1500,2384"/>
                <TextEquiv>
                    <Unicode>wie ein Frühlingstag, den ein rasches Gewitter kreuzt, und sie findet</Unicode>
                </TextEquiv>
            </TextLine>
            <TextLine id="r1l71" custom="readingOrder {index:70;}">
                <Coords points="1848,2421 2916,2413 2915,2347 2826,2339 2701,2368 2622,2337 2539,2365 2160,2340 2068,2377 1847,2354"/>
                <Baseline points="1859,2412 1911,2412 1963,2412 2015,2411 2068,2410 2120,2409 2172,2408 2225,2406 2277,2404 2329,2402 2382,2401 2434,2400 2486,2398 2538,2398 2591,2398 2643,2398 2695,2399 2748,2401 2800,2403 2852,2407 2905,2411"/>
                <TextEquiv>
                    <Unicode>Ausschnitt aus Neue Freie Presse, Wien</Unicode>
                </TextEquiv>
            </TextLine>
            <TextLine id="r1l72" custom="readingOrder {index:71;}">
                <Coords points="303,2428 1519,2425 1461,2390 304,2384"/>
                <Baseline points="314,2425 373,2424 433,2423 493,2423 552,2423 612,2424 672,2424 731,2425 791,2425 851,2426 911,2427 970,2427 1030,2428 1090,2429 1149,2429 1209,2429 1269,2429 1328,2428 1388,2427 1448,2426 1508,2424"/>
                <TextEquiv>
                    <Unicode>uns innig empfangsbereit, weil das körperliche Elend von vielen</Unicode>
                </TextEquiv>
            </TextLine>
            <TextLine id="r1l73" custom="readingOrder {index:72;}">
                <Coords points="305,2479 1516,2473 1397,2433 305,2421"/>
                <Baseline points="315,2471 374,2469 434,2467 493,2466 553,2466 612,2466 672,2466 731,2466 791,2467 850,2468 910,2468 969,2469 1029,2470 1088,2470 1148,2471 1207,2471 1267,2470 1326,2469 1386,2468 1445,2466 1505,2464"/>
                <TextEquiv>
                    <Unicode>Tausenden vor unserem Auge ist. Was Schnitzler hier dichterisch ver¬</Unicode>
                </TextEquiv>
            </TextLine>
            <TextLine id="r1l74" custom="readingOrder {index:73;}">
                <Coords points="2127,2503 2146,2499 2168,2517 2324,2509 2395,2518 2425,2500 2445,2502 2447,2450 2424,2458 2393,2449 2351,2462 2302,2438 2245,2446 2230,2458 2174,2450 2144,2472 2128,2470"/>
                <Baseline points="2137,2500 2164,2503 2191,2504 2218,2505 2245,2506 2272,2506 2299,2506 2326,2507 2353,2507 2380,2508 2407,2511 2435,2514"/>
                <TextEquiv>
                    <Unicode>34 30.19•5</Unicode>
                </TextEquiv>
            </TextLine>
            <TextLine id="r1l75" custom="readingOrder {index:74;}">
                <Coords points="1856,2495 1869,2496 1901,2520 2001,2514 2010,2519 2029,2503 2062,2506 2063,2474 2027,2478 1964,2455 1932,2468 1895,2457 1882,2465 1857,2464"/>
                <Baseline points="1867,2502 1893,2505 1919,2507 1945,2509 1972,2509 1998,2509 2024,2509 2051,2508"/>
                <TextEquiv>
                    <Unicode>vom:</Unicode>
                </TextEquiv>
            </TextLine>
            <TextLine id="r1l76" custom="readingOrder {index:75;}">
                <Coords points="299,2509 1452,2523 1506,2515 1507,2476 299,2478"/>
                <Baseline points="309,2510 368,2508 427,2507 487,2506 546,2506 605,2506 665,2507 724,2507 783,2508 843,2509 902,2509 961,2510 1021,2511 1080,2511 1139,2512 1199,2512 1258,2511 1317,2511 1377,2510 1436,2508 1496,2506"/>
                <TextEquiv>
                    <Unicode>klärt, ist jene bei Blinden oft bemerkte Eigenschaft des Mißtrauens:</Unicode>
                </TextEquiv>
            </TextLine>
            <TextLine id="r1l77" custom="readingOrder {index:76;}">
                <Coords points="303,2555 1521,2572 1521,2504 303,2521"/>
                <Baseline points="314,2548 373,2547 433,2547 493,2546 553,2546 613,2547 672,2547 732,2548 792,2549 852,2549 912,2550 971,2551 1031,2551 1091,2551 1151,2552 1211,2551 1270,2551 1330,2550 1390,2549 1450,2547 1510,2544"/>
                <TextEquiv>
                    <Unicode>sie ist eine Verdunkelung des Gemüts, die der Verdunkelung des Sinnes</Unicode>
                </TextEquiv>
            </TextLine>
            <TextLine id="r1l78" custom="readingOrder {index:77;}">
                <Coords points="1801,2594 1876,2575 1913,2592 1934,2575 1980,2583 1995,2569 2032,2587 2086,2579 2109,2589 2153,2560 2174,2566 2173,2516 2121,2516 2092,2498 2074,2512 2049,2504 2034,2519 1872,2517 1857,2504 1801,2511"/>
                <Baseline points="1812,2572 1837,2570 1862,2568 1887,2567 1912,2567 1937,2567 1962,2567 1987,2568 2012,2569 2037,2569 2062,2570 2087,2570 2112,2569 2137,2567 2163,2565"/>
                <TextEquiv>
                    <Unicode>gewfndel werden.</Unicode>
                </TextEquiv>
            </TextLine>
            <TextLine id="r1l79" custom="readingOrder {index:78;}">
                <Coords points="295,2594 1510,2593 1473,2557 295,2556"/>
                <Baseline points="305,2592 364,2591 424,2590 484,2590 544,2589 603,2590 663,2590 723,2590 783,2591 842,2591 902,2592 962,2592 1022,2592 1081,2593 1141,2593 1201,2593 1261,2592 1320,2592 1380,2591 1440,2589 1500,2588"/>
                <TextEquiv>
                    <Unicode>folgt. Der blinde Geronimo ist als Kind von seinem Bruder Carlo</Unicode>
                </TextEquiv>
            </TextLine>
            <TextLine id="r1l80" custom="readingOrder {index:79;}">
                <Coords points="1968,2616 2960,2632 2961,2568 1968,2577"/>
                <Baseline points="1979,2616 2027,2615 2076,2615 2124,2615 2173,2616 2222,2616 2270,2616 2319,2616 2367,2616 2416,2616 2465,2617 2513,2617 2562,2617 2610,2617 2659,2617 2708,2617 2756,2617 2805,2616 2853,2616 2902,2616 2951,2615"/>
                <TextEquiv>
                    <Unicode>Artur Schnitzlers feine Meisternovelle „Der</Unicode>
                </TextEquiv>
            </TextLine>
            <TextLine id="r1l81" custom="readingOrder {index:80;}">
                <Coords points="298,2638 1509,2632 1436,2599 298,2604"/>
                <Baseline points="309,2633 368,2632 428,2631 487,2631 547,2631 606,2631 666,2632 725,2632 785,2633 844,2634 904,2634 963,2635 1023,2635 1082,2636 1142,2636 1201,2636 1261,2635 1320,2634 1380,2633 1439,2631 1499,2629"/>
                <TextEquiv>
                    <Unicode>durch einen unglücklichen Bolzenschuß ins Auge getroffen worden.</Unicode>
                </TextEquiv>
            </TextLine>
            <TextLine id="r1l82" custom="readingOrder {index:81;}">
                <Coords points="1807,2654 2384,2680 2731,2642 2923,2675 2981,2665 2981,2604 2804,2638 1807,2623"/>
                <Baseline points="1818,2654 1875,2656 1933,2657 1990,2658 2048,2659 2106,2659 2163,2659 2221,2659 2278,2658 2336,2658 2394,2657 2451,2656 2509,2656 2566,2655 2624,2655 2682,2655 2739,2655 2797,2655 2854,2656 2912,2657 2970,2659"/>
                <TextEquiv>
                    <Unicode>blinde Geron##sein Bruder“ ist soeben,</Unicode>
                </TextEquiv>
            </TextLine>
            <TextLine id="r1l83" custom="readingOrder {index:82;}">
                <Coords points="296,2675 1509,2689 1509,2633 296,2633"/>
                <Baseline points="307,2674 366,2673 426,2673 485,2672 545,2672 605,2672 664,2672 724,2673 783,2673 843,2674 903,2674 962,2674 1022,2675 1081,2675 1141,2675 1201,2675 1260,2675 1320,2674 1379,2673 1439,2673 1499,2671"/>
                <TextEquiv>
                    <Unicode>Nun wandern die beiden schon lange Jahre über die Paßstraße des</Unicode>
                </TextEquiv>
            </TextLine>
            <TextLine id="r1l84" custom="readingOrder {index:83;}">
                <Coords points="1814,2719 2977,2705 2977,2664 1814,2654"/>
                <Baseline points="1825,2703 1882,2703 1939,2702 1996,2701 2053,2701 2110,2700 2167,2700 2224,2700 2281,2699 2338,2699 2396,2699 2453,2699 2510,2699 2567,2699 2624,2699 2681,2698 2738,2698 2795,2698 2852,2698 2909,2698 2967,2697"/>
                <TextEquiv>
                    <Unicode>mit einer ausdrucksvollen Originalradierung Ferdinand</Unicode>
                </TextEquiv>
            </TextLine>
            <TextLine id="r1l85" custom="readingOrder {index:84;}">
                <Coords points="295,2718 1509,2720 1509,2679 295,2677"/>
                <Baseline points="305,2716 364,2715 424,2714 483,2714 543,2713 603,2713 662,2713 722,2714 782,2714 841,2714 901,2715 961,2715 1020,2715 1080,2715 1140,2716 1199,2715 1259,2715 1319,2715 1378,2714 1438,2713 1498,2711"/>
                <TextEquiv>
                    <Unicode>Stilffer Jochs, der eine als Sänger, der andere als Geldsammler, und</Unicode>
                </TextEquiv>
            </TextLine>
            <TextLine id="r1l86" custom="readingOrder {index:85;}">
                <Coords points="1816,2743 2873,2756 2973,2749 2973,2697 1816,2720"/>
                <Baseline points="1826,2745 1882,2744 1939,2743 1996,2742 2053,2741 2110,2741 2166,2740 2223,2740 2280,2740 2337,2740 2394,2740 2450,2740 2507,2740 2564,2740 2621,2740 2678,2740 2734,2740 2791,2740 2848,2739 2905,2739 2962,2739"/>
                <TextEquiv>
                    <Unicode>Schmutzers geschmückt, in einer Sonderausgave im Fischer¬</Unicode>
                </TextEquiv>
            </TextLine>
            <TextLine id="r1l87" custom="readingOrder {index:86;}">
                <Coords points="305,2760 1506,2764 1485,2721 305,2722"/>
                <Baseline points="315,2756 374,2755 433,2755 492,2755 551,2755 610,2755 669,2755 728,2755 787,2756 846,2757 905,2757 964,2758 1023,2758 1082,2758 1141,2758 1200,2758 1259,2757 1318,2756 1377,2755 1436,2753 1496,2750"/>
                <TextEquiv>
                    <Unicode>werben um das Mitleid der reisenden Herrschaften. Geronimo, durch</Unicode>
                </TextEquiv>
            </TextLine>
            <TextLine id="r1l88" custom="readingOrder {index:87;}">
                <Coords points="1814,2791 2931,2798 2973,2793 2973,2752 1813,2754"/>
                <Baseline points="1825,2785 1881,2785 1938,2785 1995,2785 2052,2785 2109,2784 2166,2784 2222,2784 2279,2783 2336,2783 2393,2783 2450,2782 2507,2782 2564,2782 2620,2781 2677,2781 2734,2781 2791,2780 2848,2780 2905,2780 2962,2779"/>
                <TextEquiv>
                    <Unicode>Verlage erschienen. Die Erzählung, die zu Schnitzlers schönsten</Unicode>
                </TextEquiv>
            </TextLine>
            <TextLine id="r1l89" custom="readingOrder {index:88;}">
                <Coords points="297,2800 1509,2808 1492,2762 297,2762"/>
                <Baseline points="307,2798 366,2797 426,2797 485,2797 545,2797 605,2797 664,2797 724,2798 783,2798 843,2799 903,2799 962,2799 1022,2800 1081,2800 1141,2800 1201,2800 1260,2800 1320,2799 1379,2798 1439,2797 1499,2795"/>
                <TextEquiv>
                    <Unicode>einen dieser Spender aufgestachelt, glaubt, daß Carlo ein Goldstück</Unicode>
                </TextEquiv>
            </TextLine>
            <TextLine id="r1l90" custom="readingOrder {index:89;}">
                <Coords points="1812,2831 2971,2841 2971,2791 2850,2784 1812,2791"/>
                <Baseline points="1822,2827 1878,2827 1935,2826 1992,2826 2049,2825 2106,2825 2163,2824 2220,2824 2277,2824 2334,2823 2391,2823 2447,2823 2504,2822 2561,2822 2618,2822 2675,2822 2732,2822 2789,2821 2846,2821 2903,2821 2960,2821"/>
                <TextEquiv>
                    <Unicode>und tiefsten gehört, spielt bekanntlich an der italienischen Alpen¬</Unicode>
                </TextEquiv>
            </TextLine>
            <TextLine id="r1l91" custom="readingOrder {index:90;}">
                <Coords points="298,2854 1478,2854 1514,2804 298,2808"/>
                <Baseline points="309,2841 368,2839 428,2838 488,2838 547,2837 607,2837 667,2838 726,2838 786,2838 846,2839 906,2840 965,2840 1025,2841 1085,2841 1144,2841 1204,2841 1264,2840 1323,2840 1383,2838 1443,2836 1503,2834"/>
                <TextEquiv>
                    <Unicode>für sich behalten habe. Carlo wird in dem unerträglichen Verdacht</Unicode>
                </TextEquiv>
            </TextLine>
            <TextLine id="r1l92" custom="readingOrder {index:91;}">
                <Coords points="1817,2872 2955,2872 2955,2834 2822,2825 1817,2832"/>
                <Baseline points="1827,2869 1882,2868 1938,2867 1994,2867 2050,2866 2106,2866 2162,2866 2217,2866 2273,2865 2329,2865 2385,2865 2441,2865 2497,2865 2553,2865 2608,2865 2664,2865 2720,2864 2776,2864 2832,2864 2888,2864 2944,2863"/>
                <TextEquiv>
                    <Unicode>grenze, nahe dem neuen Kriegsschauplatze. Sie behandelt zudem das</Unicode>
                </TextEquiv>
            </TextLine>
            <TextLine id="r1l93" custom="readingOrder {index:92;}">
                <Coords points="298,2883 1514,2900 1514,2844 298,2854"/>
                <Baseline points="308,2878 367,2878 427,2879 487,2879 547,2879 607,2880 666,2880 726,2880 786,2881 846,2881 906,2881 965,2881 1025,2881 1085,2881 1145,2881 1205,2881 1264,2880 1324,2880 1384,2879 1444,2878 1504,2877"/>
                <TextEquiv>
                    <Unicode>des Diebstahls nun wirklich zum Diebe. Er stiehlt ein Goldstück, um</Unicode>
                </TextEquiv>
            </TextLine>
            <TextLine id="r1l94" custom="readingOrder {index:93;}">
                <Coords points="1812,2917 2721,2935 2969,2923 2969,2869 1811,2874"/>
                <Baseline points="1822,2909 1878,2909 1935,2908 1992,2908 2049,2908 2106,2908 2163,2908 2219,2908 2276,2908 2333,2908 2390,2908 2447,2908 2504,2908 2561,2907 2617,2907 2674,2906 2731,2905 2788,2904 2845,2903 2902,2901 2959,2898"/>
                <TextEquiv>
                    <Unicode>leider so aktuelle Problem der Blindheit. Indem sie das Miß¬</Unicode>
                </TextEquiv>
            </TextLine>
            <TextLine id="r1l95" custom="readingOrder {index:94;}">
                <Coords points="301,2933 1508,2927 1487,2885 301,2879"/>
                <Baseline points="312,2917 371,2918 430,2919 489,2920 549,2920 608,2920 667,2921 727,2921 786,2921 845,2921 905,2921 964,2921 1023,2921 1082,2921 1142,2921 1201,2921 1260,2921 1320,2921 1379,2921 1438,2920 1498,2920"/>
                <TextEquiv>
                    <Unicode>es dem Bruder geben zu können. Sie werden verhaftet. Da reißt sich</Unicode>
                </TextEquiv>
            </TextLine>
            <TextLine id="r1l96" custom="readingOrder {index:95;}">
                <Coords points="1807,2954 2975,2955 2975,2919 2867,2911 1807,2914"/>
                <Baseline points="1817,2946 1874,2947 1931,2948 1989,2949 2046,2949 2103,2949 2161,2949 2218,2949 2275,2949 2333,2949 2390,2949 2447,2948 2505,2948 2562,2947 2619,2947 2677,2946 2734,2946 2791,2946 2849,2945 2906,2945 2964,2945"/>
                <TextEquiv>
                    <Unicode>trauen, diese traurige seelische Folgekrankheit körperlichen</Unicode>
                </TextEquiv>
            </TextLine>
            <TextLine id="r1l97" custom="readingOrder {index:96;}">
                <Coords points="292,2953 1510,2963 1510,2926 1258,2918 292,2928"/>
                <Baseline points="303,2961 362,2961 422,2961 482,2961 542,2961 602,2961 662,2961 721,2962 781,2962 841,2962 901,2962 961,2962 1021,2962 1081,2962 1140,2962 1200,2961 1260,2961 1320,2960 1380,2959 1440,2958 1500,2957"/>
                <TextEquiv>
                    <Unicode>aus Geronimos Herzen der Stachel los. Neben dem Mißtrauen hat</Unicode>
                </TextEquiv>
            </TextLine>
            <TextLine id="r1l98" custom="readingOrder {index:97;}">
                <Coords points="1815,2995 2975,3009 2939,2955 1816,2955"/>
                <Baseline points="1825,2987 1882,2988 1939,2989 1996,2989 2053,2989 2110,2989 2167,2989 2224,2989 2281,2989 2338,2989 2395,2988 2452,2988 2509,2988 2566,2988 2623,2988 2680,2988 2737,2989 2794,2989 2851,2990 2908,2991 2965,2992"/>
                <TextEquiv>
                    <Unicode>Blindseins, in seinen subtilsten Verästelungen dichterisch darstellt,</Unicode>
                </TextEquiv>
            </TextLine>
            <TextLine id="r1l99" custom="readingOrder {index:98;}">
                <Coords points="294,3009 1504,3008 1504,2964 294,2957"/>
                <Baseline points="305,3001 364,3002 423,3002 483,3002 542,3002 602,3003 661,3003 720,3003 780,3003 839,3003 899,3002 958,3002 1017,3002 1077,3002 1136,3002 1196,3002 1255,3002 1314,3001 1374,3001 1433,3001 1493,3001"/>
                <TextEquiv>
                    <Unicode>der blinde Mann auch die Gabe des Hellsehens, die ein guter Gott den</Unicode>
                </TextEquiv>
            </TextLine>
            <TextLine id="r1l100" custom="readingOrder {index:99;}">
                <Coords points="1804,3051 2980,3050 2980,3000 1804,3011"/>
                <Baseline points="1815,3033 1872,3032 1930,3032 1988,3031 2045,3031 2103,3030 2161,3030 2218,3030 2276,3030 2334,3030 2392,3030 2449,3030 2507,3030 2565,3031 2622,3031 2680,3031 2738,3032 2795,3032 2853,3032 2911,3033 2969,3033"/>
                <TextEquiv>
                    <Unicode>zeigt sie zugleich, wie die opferfreudige Bruderliebe es am Ende</Unicode>
                </TextEquiv>
            </TextLine>
            <TextLine id="r1l101" custom="readingOrder {index:100;}">
                <Coords points="302,3053 1511,3048 1511,3012 1345,3004 302,3009"/>
                <Baseline points="313,3042 372,3042 431,3042 491,3043 550,3043 609,3044 669,3044 728,3044 787,3045 847,3045 906,3045 965,3045 1025,3045 1084,3045 1143,3044 1203,3044 1262,3043 1321,3043 1381,3042 1440,3040 1500,3039"/>
                <TextEquiv>
                    <Unicode>ums Licht Betrogenen gewährt. Er ahnt die Zusammenhänge und weiß</Unicode>
                </TextEquiv>
            </TextLine>
            <TextLine id="r1l102" custom="readingOrder {index:101;}">
                <Coords points="1813,3075 2966,3085 2966,3047 2870,3035 1813,3048"/>
                <Baseline points="1823,3073 1879,3073 1936,3072 1992,3072 2049,3071 2106,3071 2162,3071 2219,3070 2275,3070 2332,3070 2389,3070 2445,3070 2502,3070 2558,3070 2615,3070 2672,3070 2728,3071 2785,3071 2841,3072 2898,3072 2955,3073"/>
                <TextEquiv>
                    <Unicode>doch bezwingt. So ist dieses kleine, schlichte Buch unseres öster¬</Unicode>
                </TextEquiv>
            </TextLine>
            <TextLine id="r1l103" custom="readingOrder {index:102;}">
                <Coords points="304,3094 1522,3104 1521,3040 304,3055"/>
                <Baseline points="314,3087 373,3087 433,3087 493,3086 553,3086 613,3086 673,3085 733,3085 793,3085 853,3085 913,3085 972,3084 1032,3084 1092,3084 1152,3084 1212,3084 1272,3084 1332,3085 1392,3085 1452,3085 1512,3085"/>
                <TextEquiv>
                    <Unicode>jetzt, was Brudertreue zu tun imstande ist. Die knappe Tragik schließt</Unicode>
                </TextEquiv>
            </TextLine>
            <TextLine id="r1l104" custom="readingOrder {index:103;}">
                <Coords points="1812,3119 2963,3123 2963,3073 2923,3065 1812,3073"/>
                <Baseline points="1823,3101 1879,3100 1936,3100 1992,3099 2049,3099 2105,3099 2162,3098 2218,3098 2275,3098 2331,3098 2388,3098 2444,3098 2501,3098 2557,3098 2614,3098 2670,3098 2727,3098 2783,3098 2840,3098 2896,3098 2953,3099"/>
                <TextEquiv>
                    <Unicode>Seih eagee. . L VIuSTuANT I . V KrR AA Wan OrE  FrARt (a—</Unicode>
                </TextEquiv>
            </TextLine>
            <TextLine id="r1l105" custom="readingOrder {index:104;}">
                <Coords points="307,3142 1220,3137 1239,3093 306,3096"/>
                <Baseline points="317,3126 362,3126 408,3126 453,3126 499,3126 544,3126 590,3126 635,3126 681,3126 726,3126 772,3126 818,3126 863,3126 909,3126 954,3125 1000,3125 1045,3125 1091,3124 1136,3124 1182,3123 1228,3123"/>
                <TextEquiv>
                    <Unicode>wie mit einem füßen Gedicht auf die brüderliche Liebe.</Unicode>
                </TextEquiv>
            </TextLine>
            <TextLine id="r1l106" custom="readingOrder {index:105;}">
                <Coords points="346,3168 1520,3184 1520,3138 1385,3119 346,3147"/>
                <Baseline points="357,3165 414,3166 472,3166 529,3166 587,3166 645,3167 702,3167 760,3167 817,3167 875,3167 933,3167 990,3167 1048,3167 1105,3167 1163,3167 1221,3167 1278,3167 1336,3167 1393,3167 1451,3167 1509,3167"/>
                <TextEquiv>
                    <Unicode>Darum wirkt Schnitzlers Novelle nun auch gleich einem Gesang zu</Unicode>
                </TextEquiv>
            </TextLine>
            <TextLine id="r1l107" custom="readingOrder {index:106;}">
                <Coords points="296,3213 1511,3225 1511,3179 1372,3167 296,3182"/>
                <Baseline points="306,3210 365,3209 425,3209 485,3209 544,3209 604,3209 664,3209 723,3209 783,3209 843,3209 903,3209 962,3208 1022,3208 1082,3208 1141,3208 1201,3208 1261,3208 1320,3208 1380,3207 1440,3207 1500,3206"/>
                <TextEquiv>
                    <Unicode>Ehren der allgemeinen Bruderpflicht, die an den Blinden</Unicode>
                </TextEquiv>
            </TextLine>
            <TextLine id="r1l108" custom="readingOrder {index:107;}">
                <Coords points="2139,3222 2187,3238 2218,3220 2270,3231 2316,3215 2366,3230 2455,3211 2474,3223 2516,3218 2514,3151 2474,3148 2448,3170 2363,3193 2338,3181 2200,3189 2169,3167 2138,3177"/>
                <Baseline points="2150,3215 2175,3214 2200,3213 2225,3211 2251,3210 2276,3209 2301,3209 2327,3208 2352,3207 2377,3207 2402,3206 2428,3206 2453,3205 2478,3205 2504,3205"/>
                <TextEquiv>
                    <Unicode>1—</Unicode>
                </TextEquiv>
            </TextLine>
            <TextLine id="r1l109" custom="readingOrder {index:108;}">
                <Coords points="303,3262 1508,3270 1508,3214 303,3208"/>
                <Baseline points="313,3252 372,3252 431,3251 490,3251 550,3251 609,3251 668,3251 728,3250 787,3250 846,3250 906,3250 965,3250 1024,3250 1083,3250 1143,3250 1202,3249 1261,3249 1321,3248 1380,3248 1439,3247 1499,3246"/>
                <TextEquiv>
                    <Unicode>dieses Krieges zu erfüllen ist. Mit einem neuen geheimen</Unicode>
                </TextEquiv>
            </TextLine>
            <TextLine id="r1l110" custom="readingOrder {index:109;}">
                <Coords points="1836,3309 2433,3284 2700,3309 2799,3294 2798,3240 2453,3211 2180,3257 1834,3255"/>
                <Baseline points="1846,3300 1893,3298 1940,3297 1987,3295 2034,3293 2081,3291 2128,3289 2175,3287 2222,3285 2269,3283 2317,3282 2364,3280 2411,3278 2458,3277 2505,3276 2552,3275 2599,3274 2646,3274 2693,3274 2740,3274 2788,3275"/>
                <TextEquiv>
                    <Unicode>Ausschnitt aus: Häies Vieder Juirual, Wi</Unicode>
                </TextEquiv>
            </TextLine>
            <TextLine id="r1l111" custom="readingOrder {index:110;}">
                <Coords points="305,3297 1513,3301 1512,3255 1337,3248 305,3263"/>
                <Baseline points="315,3297 374,3296 433,3294 493,3294 552,3293 612,3293 671,3292 730,3292 790,3292 849,3292 909,3292 968,3292 1027,3292 1087,3292 1146,3291 1206,3291 1265,3290 1324,3289 1384,3288 1443,3286 1503,3284"/>
                <TextEquiv>
                    <Unicode>Inhalt, den die wilde Zeit ihr gegeben, ruft sie alle Opfer¬</Unicode>
                </TextEquiv>
            </TextLine>
            <TextLine id="r1l112" custom="readingOrder {index:111;}">
                <Coords points="294,3333 1518,3350 1518,3283 294,3306"/>
                <Baseline points="305,3335 365,3335 425,3335 485,3335 545,3335 605,3335 665,3334 726,3334 786,3334 846,3334 906,3334 966,3334 1026,3334 1086,3333 1147,3333 1207,3332 1267,3332 1327,3331 1387,3330 1447,3330 1508,3328"/>
                <TextEquiv>
                    <Unicode>lust auf. Auch die dem Buch beigegebene Radierung von</Unicode>
                </TextEquiv>
            </TextLine>
            <TextLine id="r1l113" custom="readingOrder {index:112;}">
                <Coords points="297,3377 1396,3394 1522,3358 297,3335"/>
                <Baseline points="307,3376 367,3376 427,3375 487,3375 548,3375 608,3374 668,3374 728,3374 789,3374 849,3374 909,3375 969,3375 1030,3374 1090,3374 1150,3374 1210,3374 1271,3373 1331,3373 1391,3372 1451,3370 1512,3369"/>
                <TextEquiv>
                    <Unicode>Ferdinand Schmutzer, an Feinheit dem Werk des Dichters</Unicode>
                </TextEquiv>
            </TextLine>
            <TextLine id="r1l114" custom="readingOrder {index:113;}">
                <Coords points="2281,3380 2314,3392 2352,3381 2381,3393 2450,3387 2486,3408 2518,3403 2544,3421 2565,3420 2568,3343 2520,3343 2442,3318 2381,3338 2350,3331 2337,3343 2327,3332 2284,3328"/>
                <Baseline points="2292,3379 2318,3382 2344,3385 2371,3387 2397,3389 2424,3391 2450,3392 2476,3392 2503,3392 2529,3392 2556,3390"/>
                <TextEquiv>
                    <Unicode># Sch 1</Unicode>
                </TextEquiv>
            </TextLine>
            <TextLine id="r1l115" custom="readingOrder {index:114;}">
                <Coords points="1840,3381 1852,3379 1881,3403 1993,3400 2018,3394 2019,3363 2002,3365 1992,3356 1984,3360 1968,3345 1949,3359 1936,3359 1912,3341 1874,3355 1866,3348 1840,3354"/>
                <Baseline points="1850,3387 1876,3392 1902,3394 1929,3394 1955,3394 1981,3394 2008,3395"/>
                <TextEquiv>
                    <Unicode>vom:</Unicode>
                </TextEquiv>
            </TextLine>
            <TextLine id="r1l116" custom="readingOrder {index:115;}">
                <Coords points="298,3424 1493,3430 1526,3359 298,3392"/>
                <Baseline points="309,3415 369,3415 429,3414 490,3414 550,3414 610,3414 671,3414 731,3414 791,3415 852,3415 912,3415 972,3415 1033,3415 1093,3416 1153,3415 1214,3415 1274,3415 1334,3415 1395,3414 1455,3413 1516,3412"/>
                <TextEquiv>
                    <Unicode>ebenbürtig, hat diesen Nebensinn. Sie zeigt den blinden Geronimo nebey</Unicode>
                </TextEquiv>
            </TextLine>
            <TextLine id="r1l117" custom="readingOrder {index:116;}">
                <Coords points="2088,3445 2396,3440 2396,3390 2225,3384 2212,3395 2162,3385 2148,3396 2131,3386 2087,3393"/>
                <Baseline points="2099,3455 2125,3456 2151,3457 2177,3457 2203,3457 2229,3457 2255,3456 2281,3455 2307,3455 2333,3454 2359,3453 2386,3452"/>
                <TextEquiv>
                    <Unicode> </Unicode>
                </TextEquiv>
            </TextLine>
            <TextLine id="r1l118" custom="readingOrder {index:117;}">
                <Coords points="297,3464 1462,3473 1512,3421 297,3431"/>
                <Baseline points="307,3456 366,3456 426,3456 486,3456 545,3456 605,3456 665,3456 724,3457 784,3457 844,3457 904,3458 963,3458 1023,3458 1083,3459 1142,3459 1202,3459 1262,3459 1321,3458 1381,3458 1441,3458 1501,3457"/>
                <TextEquiv>
                    <Unicode>seinem Bruder im dunkeln Torbogen als Straßensänger. Unsere Kriegs¬</Unicode>
                </TextEquiv>
            </TextLine>
            <TextLine id="r1l119" custom="readingOrder {index:118;}">
                <Coords points="1878,3489 2994,3483 2993,3422 2727,3410 1878,3447"/>
                <Baseline points="1889,3485 1943,3488 1998,3491 2053,3493 2107,3493 2162,3494 2217,3494 2271,3494 2326,3493 2381,3492 2436,3491 2490,3490 2545,3489 2600,3488 2654,3487 2709,3486 2764,3485 2818,3485 2873,3485 2928,3485 2983,3486"/>
                <TextEquiv>
                    <Unicode>* Von der mit einer Radierung von Ferdinand Schmutze</Unicode>
                </TextEquiv>
            </TextLine>
            <TextLine id="r1l120" custom="readingOrder {index:119;}">
                <Coords points="296,3509 1526,3525 1510,3454 297,3463"/>
                <Baseline points="306,3501 366,3500 427,3499 487,3499 548,3499 608,3499 669,3500 729,3500 790,3501 850,3501 911,3502 971,3503 1032,3504 1092,3504 1153,3505 1213,3505 1274,3505 1334,3505 1395,3505 1455,3505 1516,3504"/>
                <TextEquiv>
                    <Unicode>blinden vor diesem Bettlerschicksal zu bewahren, ist, wie man wilß,</Unicode>
                </TextEquiv>
            </TextLine>
            <TextLine id="r1l121" custom="readingOrder {index:120;}">
                <Coords points="2595,3530 2716,3528 2760,3540 2782,3525 3001,3527 3000,3485 2880,3496 2846,3486 2788,3500 2765,3483 2730,3499 2682,3489 2594,3499"/>
                <Baseline points="2606,3522 2631,3524 2657,3525 2683,3526 2708,3527 2734,3527 2760,3527 2785,3526 2811,3525 2837,3524 2862,3523 2888,3522 2914,3521 2939,3519 2965,3519 2991,3517"/>
                <TextEquiv>
                    <Unicode>r.# Novelle „Der blinde</Unicode>
                </TextEquiv>
            </TextLine>
            <TextLine id="r1l122" custom="readingOrder {index:121;}">
                <Coords points="1789,3545 2363,3529 2420,3547 2488,3524 2487,3501 2435,3494 2137,3491 2009,3513 1906,3482 1838,3508 1787,3493"/>
                <Baseline points="1798,3539 1833,3539 1869,3539 1905,3538 1940,3538 1976,3537 2012,3536 2048,3535 2083,3534 2119,3533 2155,3532 2191,3531 2226,3530 2262,3529 2298,3528 2334,3527 2369,3527 2405,3526 2441,3526 2477,3526"/>
                <TextEquiv>
                    <Unicode>geschmückten Ausgabe von Artur Schn</Unicode>
                </TextEquiv>
            </TextLine>
            <TextLine id="r1l123" custom="readingOrder {index:122;}">
                <Coords points="294,3550 475,3571 544,3548 644,3566 979,3547 979,3512 920,3497 294,3511"/>
                <Baseline points="305,3544 338,3544 371,3544 404,3544 437,3544 470,3544 503,3544 537,3544 570,3544 603,3543 636,3543 669,3543 702,3543 735,3543 769,3543 802,3543 835,3543 868,3543 901,3543 934,3544 968,3545"/>
                <TextEquiv>
                    <Unicode>eine Aufgabe, die gelöst werden muß.</Unicode>
                </TextEquiv>
            </TextLine>
            <TextLine id="r1l124" custom="readingOrder {index:123;}">
                <Coords points="1789,3584 2908,3571 2964,3564 2964,3527 2610,3530 2541,3491 2415,3537 1788,3544"/>
                <Baseline points="1798,3578 1855,3575 1913,3573 1971,3571 2029,3570 2086,3568 2144,3567 2202,3566 2260,3565 2317,3564 2375,3564 2433,3563 2491,3562 2548,3562 2606,3561 2664,3561 2722,3560 2779,3559 2837,3559 2895,3558 2953,3557"/>
                <TextEquiv>
                    <Unicode>Geronimo und sein Bruder“ ist eine von Schnitzler und Schmu</Unicode>
                </TextEquiv>
            </TextLine>
            <TextLine id="r1l125" custom="readingOrder {index:124;}">
                <Coords points="1789,3618 2967,3602 2966,3567 2839,3555 1788,3595"/>
                <Baseline points="1800,3619 1857,3617 1915,3614 1973,3611 2031,3610 2089,3608 2146,3606 2204,3604 2262,3603 2320,3602 2378,3600 2435,3599 2493,3599 2551,3598 2609,3597 2667,3597 2724,3597 2782,3597 2840,3597 2898,3597 2956,3597"/>
                <TextEquiv>
                    <Unicode>eigenhändig signierte Vorzugsausgabe in 200 numerierten Exemplat</Unicode>
                </TextEquiv>
            </TextLine>
            <TextLine id="r1l126" custom="readingOrder {index:125;}">
                <Coords points="1796,3658 3003,3648 3018,3602 1795,3629"/>
                <Baseline points="1805,3659 1865,3656 1925,3653 1985,3651 2045,3648 2106,3646 2166,3644 2226,3642 2286,3640 2346,3639 2407,3638 2467,3636 2527,3636 2587,3635 2647,3634 2708,3633 2768,3633 2828,3632 2888,3632 2948,3632 3009,3631"/>
                <TextEquiv>
                    <Unicode>zum Preise von 4 Mark erschienen. Nummer 1 bis 100 dieser Ausgabe</Unicode>
                </TextEquiv>
            </TextLine>
            <TextLine id="r1l127" custom="readingOrder {index:126;}">
                <Coords points="1787,3680 1892,3706 3026,3668 2765,3637 1787,3662"/>
                <Baseline points="1798,3695 1858,3692 1919,3689 1980,3687 2041,3685 2102,3683 2163,3682 2223,3681 2284,3680 2345,3679 2406,3678 2467,3678 2528,3677 2589,3677 2649,3676 2710,3676 2771,3675 2832,3674 2893,3673 2954,3672 3015,3670"/>
                <TextEquiv>
                    <Unicode>hat die Hellersche Buchhandlung in Wien, I., Bauernmarkt 3, erworben</Unicode>
                </TextEquiv>
            </TextLine>
            <TextLine id="r1l128" custom="readingOrder {index:127;}">
                <Coords points="1792,3751 3007,3745 3029,3666 1791,3688"/>
                <Baseline points="1802,3731 1862,3729 1923,3728 1984,3726 2045,3725 2106,3724 2166,3722 2227,3721 2288,3720 2349,3719 2410,3718 2470,3717 2531,3716 2592,3715 2653,3715 2714,3714 2774,3713 2835,3712 2896,3712 2957,3711 3018,3710"/>
                <TextEquiv>
                    <Unicode>Das Erträgnis ist zugunsten der im Felde Erblindeten</Unicode>
                </TextEquiv>
            </TextLine>
            <TextLine id="r1l129" custom="readingOrder {index:128;}">
                <Coords points="1775,3814 3017,3791 3001,3741 1775,3743"/>
                <Baseline points="1785,3771 1846,3772 1907,3773 1968,3774 2029,3775 2090,3776 2151,3777 2212,3777 2273,3778 2334,3778 2395,3779 2456,3779 2517,3779 2578,3778 2639,3778 2700,3777 2761,3775 2822,3774 2883,3772 2944,3771 3006,3768"/>
                <TextEquiv>
                    <Unicode>bestimmt. 00  „  on</Unicode>
                </TextEquiv>
            </TextLine>
            <TextEquiv>
                <Unicode>Geronimo und se
Bruder
9. Der blinde
box 1/7
#     A A GUERHIISIn M
Ausschnitt auseder Allgemeine Zeitung, Wien
4— 6. 1915
——
Anntnnt iel. Drsche Pertag
Im Verlage von S Fischer, Berlin, ist die wunder¬
hare Novelle von Artur Schnitzler „Der blinde Gero¬
von4. - cierinannstadt
[nimo und sein Bruder“ in besönderer Ausstattung, und ge¬
.
7 (Ein Buch Arthur Schultters-für
ziert durch eine stimmungsvolle Radierung von Ferdinand
[de Erblindeten.] Im Laufe dieses Monats
[Schmutzer soeben erschienen. Das Erträgnis, welches das
Lerscheint in der Verlagsbuchhandlung von S. Fi¬
Büchlein abwerfen wird, ist den im Felde Erblindeten gewidmet.
scher zugunsten der im Felde Erblindeten der deut¬
Auch Bücher haben ihr Schicksal. Dem „Blinden Geronimo“ ist
schen und der österreichisch-ungarischen Armee Ar¬
dieses Jahr eine Popularität zuteil geworden, welche diese klassische
thur Schnitzlers Novelle „Der blinde Geronimo
Novelle der deutschen Literatur (wie ebenfalls in seiner Gattung
und sein Bruder“ mit einer Radierung von Fer¬
Vollendete) sonst wohl erst in Jahrzehnten erlangt hätte. Weil
dinand Schmutzer. Der gesamte Ertrag ist den im
Felde Erblindeten der deutschen und der öster¬
sie heute eine grausame Aktualität besitzt. Weil sie die Schicksals¬
reichisch=ungarischen Armee gewidmet. Eine Ra¬
tragik des Erblindeten erschütternd in unser Bewußtsein treten
dierung von Schmutzer soll den Wert für alle
läßt, in einem Augenblick, da Helden im Kampf um ihr Vaterland
Bücherliebhaber erhöhen.
das Augenlicht verloren. Artur Schnitzler mußte die Erzählung
diesen Winter auf allgemeine Bitten immer und immer wieder
zugunsten der im Felde erblindeten Soldaten lesen. Und so wurde
sie vielen köstlicher Besitz. Wie Liebe das Furchtbarste überwindet
und heilt, den Haß, den der Blinde gegen den Sehenden verborgen
im Herzen hegt; wie sie die Widerstände solch einer armen Seele
überwindet, wie sie die Trostlosigkeit der grausamsten Verein¬
samung durch ihre unerschütterliche Hingabe in milde versöhnte,
leiderlöste Zuversicht zu wandeln vermag, dies liest sich wie ein
Hymnus der Treue von Bruder zu Bruder. Und der Trost, daß
17——
der Besitz einer Seele, welche ganz und ungeteilt dem Unglück¬
BERLINER TAGBLAT•
Ausschnitt aus:
lichen sich hingibt, kostbar genug ist, um ihm den Verlust einer
Welt zu ersetzen, ist ein Trost, den gerade Menschen dieser Gegen¬
vom: S1. S. 1975
wart erhebend fühlen müssen. So gehört Geronimos Geschichte zu
jenen Dokumente, die in einer Zeit, in welcher die Haßgesänge
Die Poesie der Blindheit.
blühen, von edlen Menschlichkeiten erzählt. Sie gehört jetzt dem
F. E. Arthur Schnitzler, der kleidige Anatom mensch¬
Besten jener Kriegsliteratur an, die einzig Geltung haben dürfte.
licher Seelen, hat einRorettegeschrieden „Der blinde Gero¬
Die der Hingebung dienen soll und der Liebe.
B. Z.
nimot, die jetzt im Verlag S. Fischer, Berlin, neu erschienen ist, und
80
der mankschon deshalb viele Freunde wünschen will, weil der Ertrag
des Büchts den Kriegsblinden der deutschen und der
österrecisch= ungarischen Armee zugedacht ist.
tüuchenangabe ohne Gewahr.)
Diese kleite Geschichte, herb im Geschehen, holdselig im Gefühl, ist
wie ein Frühlingstag, den ein rasches Gewitter kreuzt, und sie findet
Ausschnitt aus Neue Freie Presse, Wien
uns innig empfangsbereit, weil das körperliche Elend von vielen
Tausenden vor unserem Auge ist. Was Schnitzler hier dichterisch ver¬
34 30.19•5
vom:
klärt, ist jene bei Blinden oft bemerkte Eigenschaft des Mißtrauens:
sie ist eine Verdunkelung des Gemüts, die der Verdunkelung des Sinnes
gewfndel werden.
folgt. Der blinde Geronimo ist als Kind von seinem Bruder Carlo
Artur Schnitzlers feine Meisternovelle „Der
durch einen unglücklichen Bolzenschuß ins Auge getroffen worden.
blinde Geron##sein Bruder“ ist soeben,
Nun wandern die beiden schon lange Jahre über die Paßstraße des
mit einer ausdrucksvollen Originalradierung Ferdinand
Stilffer Jochs, der eine als Sänger, der andere als Geldsammler, und
Schmutzers geschmückt, in einer Sonderausgave im Fischer¬
werben um das Mitleid der reisenden Herrschaften. Geronimo, durch
Verlage erschienen. Die Erzählung, die zu Schnitzlers schönsten
einen dieser Spender aufgestachelt, glaubt, daß Carlo ein Goldstück
und tiefsten gehört, spielt bekanntlich an der italienischen Alpen¬
für sich behalten habe. Carlo wird in dem unerträglichen Verdacht
grenze, nahe dem neuen Kriegsschauplatze. Sie behandelt zudem das
des Diebstahls nun wirklich zum Diebe. Er stiehlt ein Goldstück, um
leider so aktuelle Problem der Blindheit. Indem sie das Miß¬
es dem Bruder geben zu können. Sie werden verhaftet. Da reißt sich
trauen, diese traurige seelische Folgekrankheit körperlichen
aus Geronimos Herzen der Stachel los. Neben dem Mißtrauen hat
Blindseins, in seinen subtilsten Verästelungen dichterisch darstellt,
der blinde Mann auch die Gabe des Hellsehens, die ein guter Gott den
zeigt sie zugleich, wie die opferfreudige Bruderliebe es am Ende
ums Licht Betrogenen gewährt. Er ahnt die Zusammenhänge und weiß
doch bezwingt. So ist dieses kleine, schlichte Buch unseres öster¬
jetzt, was Brudertreue zu tun imstande ist. Die knappe Tragik schließt
Seih eagee. . L VIuSTuANT I . V KrR AA Wan OrE  FrARt (a—
wie mit einem füßen Gedicht auf die brüderliche Liebe.
Darum wirkt Schnitzlers Novelle nun auch gleich einem Gesang zu
Ehren der allgemeinen Bruderpflicht, die an den Blinden
1—
dieses Krieges zu erfüllen ist. Mit einem neuen geheimen
Ausschnitt aus: Häies Vieder Juirual, Wi
Inhalt, den die wilde Zeit ihr gegeben, ruft sie alle Opfer¬
lust auf. Auch die dem Buch beigegebene Radierung von
Ferdinand Schmutzer, an Feinheit dem Werk des Dichters
# Sch 1
vom:
ebenbürtig, hat diesen Nebensinn. Sie zeigt den blinden Geronimo nebey
 
seinem Bruder im dunkeln Torbogen als Straßensänger. Unsere Kriegs¬
* Von der mit einer Radierung von Ferdinand Schmutze
blinden vor diesem Bettlerschicksal zu bewahren, ist, wie man wilß,
r.# Novelle „Der blinde
geschmückten Ausgabe von Artur Schn
eine Aufgabe, die gelöst werden muß.
Geronimo und sein Bruder“ ist eine von Schnitzler und Schmu
eigenhändig signierte Vorzugsausgabe in 200 numerierten Exemplat
zum Preise von 4 Mark erschienen. Nummer 1 bis 100 dieser Ausgabe
hat die Hellersche Buchhandlung in Wien, I., Bauernmarkt 3, erworben
Das Erträgnis ist zugunsten der im Felde Erblindeten
bestimmt. 00  „  on</Unicode>
            </TextEquiv>
        </TextRegion>
    </Page>
</PcGts>
