3344 4320
1521 228 1979 324 box 36/1
1204 247 1258 303 1
188 229 1368 337 1. Panphlets, Offpri.
1467 1095 1836 1175 Richard Charmatz.
927 1102 1050 1174 458
924 1190 2378 1248 Ob der überholten, kastenhaften Standesbegriffe des Militärs lodert seine
931 1250 2384 1313 Empörung auf. „Lieutenant Gustl“ zeigt uns, wohin die Lostrennung
926 1298 2386 1343 der Armee von der bürgerlichen Rechtsanschauung und Unrechtsfühne
923 1353 2386 1393 führt. Wer mit weit= und tiefdringendem Blicke des Lebens wechsel¬
918 1398 2387 1442 volles Glücksspiel verfolgt, kann nicht urteilslos an der Thatsache vor¬
926 1441 2385 1493 beigehen, daß die Hohlköpfigkeit und breite Dose über die bescheidene,
931 1500 2373 1565 ehrliche Tüchtigkeit siegt. Das Genie bricht sich durch, lassen wir uns
924 1556 2379 1607 gläubig sagen, weil wir eine sittliche Einlullung brauchen. Schnitzler
929 1608 2376 1659 duldet keine Übertünchung der Wahrheit; er reißt den glitzernden Schleier
930 1645 2387 1693 weg und zeigt die im Elend sang= und klanglos hinsterbenden Talente,
935 1698 2226 1752 denen die wortreiche Mittelmäßigkeit alle Wege verammelt hat.
1029 1739 2367 1799 Schnitzler ist ein Freund der Natürlichkeit, und der Ohrase abhold.
933 1789 2381 1839 Er sagt, was er empfindet und wie er empfindet. Die schlichte Ein¬
935 1834 2371 1896 fachheit seiner Werke ist der Ausfluß seiner starken Kunst. Während andere
933 1889 2385 1945 einen gewaltigen Apparat entwickeln, um auf uns zu wirken, hat Arthur
931 1945 2380 2007 Schnitzler im vorhinein schon den seelischen Erfolg sicher, weil er die reine
926 2005 2387 2056 Sprache eines edlen Herzens spricht. Er ist der Dichter des Lebens,
921 2035 2152 2105 das in seinen zartesten Regungen erkannt, ganz genossen ist.
1031 2082 2377 2140 Wo ein echter Künstler wirkt, fehlt es nicht an Neidern und Spöttern.
934 2133 2375 2188 Ich finde es begreiflich, wenn Hugo von Hofmannsthal den Hohn
928 2183 2377 2244 des Litteratenpöbels erweckt. Er ist kein Dichter für die Menge. Seine
928 2237 2388 2292 poctischen Schöpfungen sind für die Glücklichen im Sonnenglanze bestimmt
924 2280 2376 2331 und von einer Ruhe und Feierlichkeit überstrahlt, die aufgeregte Lebens¬
931 2341 2380 2390 kämpfer nicht in sich aufnehmen können. Hofmannsthal kennt die großen
931 2374 2388 2443 sozialen Leiden der Menschheit nicht, er weiß nur von den kleinen Herzens¬
918 2429 2383 2477 qualen zu erzählen. Aber verursachen die psrchischen Martrrien der
929 2472 2386 2524 Glückskinder wirklich bloß geringfügige Pein? Der Barde des reichen
917 2522 2378 2589 Bürgertums wird, ohne es zu wollen, zum Verkünder des tiefen Wehs,
925 2571 2378 2618 das auch durch die Reihen der Beneideten zittert. Ist des reichen Kauf¬
926 2623 2376 2681 manns junge Frau, die „Sobeide“ nicht so unglücklich wie nur irgend
920 2668 2385 2723 ein verfolgtes Geschöpf? Es sind dies nur Leiden unter seidener Hülle.
918 2713 2378 2761 Hofmannsthal ist der einzige Doet Österreichs, der sich mit Erfolg an
914 2770 2373 2817 klassische Formen heranwagt. Aber seine Werke sind lebensfremd und
923 2826 2382 2877 zeitentrückt, weil er die Stürme unserer Tage kaum jemals empfunden
922 2868 2376 2926 hat. Er steht in gemütlicher Stube am Fenster blickt in einen blumen¬
922 2916 2381 2971 besäten, gepflegten Garten hinaus, sieht das Spiel froher Kinder, hört
923 2975 2391 3025 den Sang ungestörter Dögel und meint: das ist das Leben. Ihm ist
929 3024 2388 3071 das Schicksal ein liebliches Buch, in dem die zufriedenen Erdenkinder
933 3060 2381 3113 kummerlos von Lenz und Liebe, von seel'ger gold'ner Zeit lesen.
1026 3120 1973 3198 Claudio (in „Der Thor und der Tod“) sagt:
1225 3187 2076 3251 „Stets schleppte ich den rätselhaften Fluch,
1229 3245 2035 3313 Aein Leben zu erleben wie ein Buch,“
916 3301 1797 3372 und meint wohl damit den Dichter selbst.
1022 3354 2379 3417 Hofmannsthal begnügt sich nicht, den Inhalt der Bücher trocken hin¬
921 3402 2379 3458 zunehmen; er ist ein Philosoph, der in der Studierstube seine Welt findet.
