3344 4320
2048 197 2304 267 —.—
1499 260 1942 357 box 36/1
262 278 1336 375 Panphlets offprints
1323 1027 1687 1100 Wiener Litteraten.
2115 1037 2242 1107 439
787 1134 2240 1185 Trotzdem ist er der feinste Seelenmaler, der mit eigenartigen, verschwommenen
783 1196 2236 1253 und doch glänzenden Farben seine Gestalten malt. Diese sind jedoch nicht
789 1251 2242 1297 aus der Wirklichkeit geholt, sondern Traumgebilde. Aber es geht von ihnen
782 1295 2233 1342 ein sonderbarer Zauber aus, wir vergessen, daß es Phantome sind und
792 1336 2241 1392 fühlen mit. Ja, wir folgen ihnen willig in ihre, weit in der Geschichte
787 1381 2239 1447 zurückliegende, Zeit und verleugnen uns selbst. Wer Muße hat, um
787 1443 2244 1492 an einem schönen Sommernachmittag im duftigen Grün ein Stündchen
788 1482 2236 1539 sorgenlos zu verweilen, wird in Hofmannsthals Werken erlesenen Genuß
783 1531 2240 1585 finden. Man legt seine Bücher nicht aus der Hand, ohne eine leises,
785 1591 2240 1638 wonniges Nachklingen zu empfinden. So zarte Dichtungen können nicht
782 1630 2246 1683 recht den Dunst und die Lauschermenge des Theaters vertragen. Kein
787 1677 2237 1732 Wunder, wenn bisher keines der dramatischen Gedichte auf der Bühne
783 1736 2237 1787 festen Fuß fassen konnte. Aber Hofmannsthal ist jung und eine reiche
779 1776 2242 1823 Arbeitszeit liegt vor ihm, vielleicht lernt er auch das Leben besser verstehen,
793 1829 2232 1882 ein bißchen Lebenswahrheit. Sein Talent ist stark und unleugbar, bei
782 1877 2235 1940 sorgsamer Pflege müßte es herrlich erblühen. Der Dichter, der so gerne
784 1927 2233 1973 bei den Bildern und dem scheinbaren Frieden der Vergangenheit weilt,
784 1976 1514 2038 hat eine vielversprechende Zukunft.
880 2012 2234 2073 M. E. delle Grazie ist im besten Sinne des Wortes Dichterin.
794 2080 2227 2140 Jeder Zoll, jedes Gefühl ist Doesie. Ihre Wiege stand in Ungarn,
786 2117 2243 2174 und viel von dem Temperament dieses Landes liegt in ihrem Wesen.
791 2175 2235 2236 An einem Dollmondabend ging ich heuer über eine ungarische Land¬
782 2221 2232 2267 straße, da tönte vom nächsten Dorfe Musik an mein Ohr. Ungarisches
789 2270 2237 2316 Geigenspiel — selig, jauchzend, schwärmerisch und wieder sinnend, klagend
790 2319 2238 2367 und glücklich zugleich. Damals zogen mir delle Grazies Dichtungen
780 2380 2243 2430 durch den Sinn. Ungarisches Blut und Leben mit deutscher Kultur!
781 2428 2232 2478 Die Dichterin ist die formvollendeteste Sprachmeisterin und die gemüt¬
791 2474 2239 2527 vollste Kennerin der Frauenseele, deren süßestes Erklingen sie mit derselben
785 2536 2237 2578 Dirtuosität wiederzugeben vermag, wie das wuchtige Aufbrausen
783 2571 2244 2627 entfesselter Leidenschaft. Sie beherrscht alle Tonarten des weiblichen
796 2614 2236 2661 Empfindens und zeigt uns dieses mit einer Unmittelbarkeit, welche uns
782 2656 2245 2723 kaum glauben läßt, es seien die Erlebnisse Dritter. Delle Grazie hat
792 2710 2240 2755 das Leben durchkostet und taumelt nicht nur im Sonnenglanze des Daseins.
788 2773 2250 2826 Sie hat ein warmschlagendes Herz für die Leiden der Menschheit und
790 2811 1748 2882 giebt ihrem Mitgefühl erschütternden Ausdruck.
1143 2872 1780 2952 Losgerungen aus dem Schoße
1136 2937 1642 2998 Der entgötterten Natur,
1137 2977 1920 3047 Sah die Menschheit, friedlos, zagend,
1141 3030 1741 3092 Überall des Jammers Spur ¬
1140 3084 1966 3146 Weh! — gleich einem Gott am Kreuze
1148 3127 1752 3193 Blutet nun ihr krankes Herz,
1141 3187 1841 3238 Und vom Himmel der Geschichte
1138 3222 1951 3307 Starrt gebroch'nen Aug's der Schmerz.
886 3287 2243 3357 Die stimmungsvolle Dichterin der Liebe hat in einem sprachschönen,
782 3357 2243 3420 handlungsreichen Epos die französische Revolution besungen. Sie kennt
