3392 4320
1442 215 1914 305 box 36/5
109 218 1300 331 1. Panphlets, offprints
1261 994 1539 1048 Hanns Sachs
680 1007 776 1056 302
885 1111 1910 1199 Die Motivgestaltung bei Schnitzler.
1060 1194 1776 1286 Von HANNS SACHS, Wien.
778 1278 2131 1359 Jie folgenden Ausführungen erheben nicht den Anspruch als
828 1332 2139 1395 Beitrag zur Künstlerpsychologie zu gelten. Ich habe es mir
917 1382 2128 1448 von einer Ausnahme abgesehen — nicht gestattet, von
683 1442 2141 1496 den Resultaten der Psychoanalyse Gebrauch zu machen und mich
685 1492 2134 1540 darauf beschränkt, ihre Anschauungsweise anzuwenden. Durch diese
684 1555 2150 1596 Methode läßt sich zwar kein neues Verständnis des künstlerischen
687 1571 2136 1645 Schaffens gewinnen, aber vielleicht eine wichtige Vorarbeit dafür
683 1644 2140 1690 leisten, es soll damit der Beweis erbracht werden, daß im Schöpfungs¬
677 1689 2152 1743 akte des Künstlers, wie sonst im Seelenleben, alles, das Kleinste
694 1756 2151 1804 wie das Größte, dem Gesetze der Determination unterworfen ist.
891 1806 1937 1900 Eine Abzweigung vom -Weg ins Freies.
794 1900 2145 1960 Es ist dem Dichter nicht möglich, den Kreis zu durchbrechen,
693 1939 2145 2006 den seine Pläne und Entwürfe um ihn gezogen haben. Wonach er
680 1987 2148 2058 auch greifen mag, in seiner Hand verwandelt es sich wieder in eines
692 2035 2145 2105 seiner Grundmotive, ihm ergeht es wie jenem Tankred im BBe¬
682 2099 2150 2147 freiten Jerusalems, der die Geliebte verwundet, wenn er einen Ast
694 2129 2156 2214 vom Baume schlägt, weil es sein Schicksal ist, ihr überall und
696 2189 2156 2267 in allen Dingen zu begegnen. Wie vergeblich das Bemühen bleibt,
698 2228 2155 2310 über seinen Schatten zu springen, läßt sich an dem großen Roman
694 2304 2153 2354 Schnitzlers „Der Weg ins Freieg gut erweisen. Es ist kaum anzu¬
696 2356 2158 2415 nehmen, daß er die bewußte Absicht hatte, in den beiden Literaten
686 2380 2163 2445 des Buches, Bermann und Nürnberger, sein eigenes künstleri¬
693 2447 2162 2506 sches Porträt zu zeichnen, durch ihre Pläne und Werke sein eigenes
688 2477 2162 2564 Programm für die Zukunft mitzuteilen. Es darf nicht einmal für
689 2534 2165 2598 sicher gelten, daß er seine künftigen Stoffe damals schon gewählt
704 2575 2156 2649 hatte, um so reizvoller ist es, ihnen in der ersten Gestalt zu be¬
694 2619 2162 2714 gegnen — früher vielleicht als der Dichter selbst — und ein Stück
700 2685 1471 2753 seiner Arbeitsmethode zu erraten.
823 2717 2165 2800 Die politische Komödie Bermanns und ihr Versuch, gegen
690 2767 2165 2830 beide Parteien gerecht zu sein, der daran scheitert, daß der Dichter
709 2814 2168 2908 innerlich beiden Parteien Unrecht gibt, ist in PProfessor Bernhardie
702 2886 2153 2950 unschwer wiederzuerkennen. Der ablehnende und ironische Aus¬
688 2910 2160 2992 gang des Stückes, der viele nicht befriedigt hat, erklärt sich aus
697 2980 2172 3033 der Selbstkritik, die der Dichter durch seine Geschöpfe an sich üben
696 3027 2167 3084 ließ. Gleichzeitig sind in eProfessor Bernhardis die Grundlinien von
1777 3065 2167 3133 . und zum
698 3074 1751 3135 Nürnbergers Roman aufbewahrt geblieben:
697 3108 2163 3204 Helden seines Buches hatte er einen tätigen und braven Mann ge¬
704 3159 2166 3236 wählt, der .. auf der Höhe Überblick und Einsicht gewann und
805 3221 2168 3290 ins Leere hinabstürzte.g Schnitzler hat dem einen Autor
700 3256 2175 3317 die Tendenz, dem anderen den Aufbau seines Werkes leihen
707 3308 2171 3379 müssen, oder richtiger gesagt, als er daran ging, sein Werk zu
711 3371 2189 3436 schaffen, hatte er die Teile schon da und dort ausgestreut. Schöpfen
2077 3857 2117 3914 605
2039 3850 2094 3933 50
2025 3911 2088 3967 Sr
2041 3934 2128 3992 ch a
2064 3972 2138 4067 80
1895 4047 2432 4131 D
3179 946 3275 1029 bie
2773 1076 3274 1164 heißt nur auffnden un
2777 1145 3254 1211 handen war, und es
2785 1194 2947 1264 fügen.
2896 1237 3271 1307 So liegt auch
2779 1285 3280 1349 der Keim zum Med
2782 1336 3286 1410 Attentat, der von ein
2812 1386 3289 1450 aßten und bewunden
3096 1439 3276 1502 sam. Ge
3130 1483 3279 1550 chluß
3176 1532 3273 1592 und
3176 1584 3260 1648 en
3190 1635 3273 1687 en
3207 1683 3273 1746 Ans
3197 1782 3274 1837 1er
3202 1829 3274 1888 lei
3185 1929 3275 1984 dar
3137 1975 3282 2042 er#
3096 2021 3287 2084 Es 801
3039 2072 3274 2137 Stzelt! Er
2851 2074 2897 2127 eli
2796 2120 3275 2192 die Begnadigung zurüc
2815 2172 3272 2231 Tod. Gemeinsam ist
2789 2221 3268 2282 heimnisvoll, bald als
2778 2262 3281 2335 Mörderin entgegentritt
2790 2319 3284 2382 äußerliche Weise, dur
2790 2368 3287 2435 in der Tragödie geh
2792 2413 3288 2485 den Bewegungen ihres
2780 2466 3285 2534 sich nicht völlig zu ei
2784 2513 3279 2581 kann das vielleicht da
2782 2558 3286 2631 eingehaucht wurde, als
2895 2609 3283 2681 Der Dichter hat
2789 2657 3285 2721 zu beschäftigen schien,
2782 2718 3285 2768 altes Eigentum bei d
2786 2758 3278 2824 neues zu erhnden wi
2787 2805 3275 2876 Untersuchung gilt nur
2785 2858 3282 2923 keit in dieser Wieden
2786 2902 3280 2965 chanismen der Entstel
2907 2962 3278 3020 Aus der Phantas
2803 3005 3289 3068 Wachheit die Mensch
2789 3053 3276 3107 taumeln sieht, ist ein
2776 3103 3287 3169 geschichte geworden: M
2779 3150 3280 3217 Dichter die Stimmung,
2787 3204 3270 3268 festzuhalten und zu v
2780 3252 3278 3317 die das ganze Stück d
2773 3297 3282 3364 lichen geistigen Antlitz
2792 3347 2972 3409 wollte.
