3392 4320
2039 232 2315 308 —
1420 288 1886 397 box 36/5
86 296 1276 423 1. Panphlets, offprints
921 1182 1013 1241 318
1510 1169 1774 1254 Hanns Sachs
899 1285 2364 1382 maßen weiter auf als sonst. Und ich spürte eine Art von Neid
901 1373 2370 1432 auf dich, wie manchmal zu jener Zeit. In mir erwachte ein Gefühl,
899 1423 2363 1481 als könnt' ich auch alles, — wenn ich nur wollte. Es gab so viel
901 1460 2371 1539 zu sehen und erfahren, — das Leben strömte so mächtig hin, man
909 1514 2361 1569 mußte nur etwas frecher sein und selbstbewußter und sich hinein¬
913 1550 1119 1615 werfen. &
1028 1603 2365 1667 „Der Selbstverrat dringt den Menschen aus allen Porens sagt
900 1659 2368 1741 Freud in seiner PPsychopathologie des Alltagslebensg. Das gilt für
904 1704 2257 1800 Gestalten der Dichtung nicht minder wie für jene des Lebens.
1564 2209 1692 2309 32
1495 2287 1800 2425 615
2272 4125 2434 4203 BAT
