3392 4320
1442 173 1890 275 box 36/5
94 179 1290 285 1. Panphlets, offprints
1378 998 1663 1081 Hanns Sachs
786 991 890 1084 306
777 1135 2243 1209 den knappsten Wendungen, eine Fülle von Charakteren und Situa¬
788 1193 1388 1264 tionen auszuschöpfen weib.
901 1242 2250 1298 Der Direktor des Marionettentheaters legt die Absicht des
799 1285 2249 1350 Werkes, wenngleich im Stil des Praterausrufers, deutlich genug dar:
793 1333 2252 1392 Ein Theater, welches fürderhin jeglichen Theaterbesuch endgiltig
781 1398 2260 1467 überflüssig zu machen geneigt und anvertraut ist. Denn eine Be¬
783 1440 2249 1496 trachtung oder selbst Besichtigung des Theaterzettels beweist, daß
791 1485 2247 1538 hier für jegliches dramatische Bedürfnis des geehrten Publikums in
785 1540 2246 1601 vollen Maß gesorgt und vertreten ist.s Dramatische Motive in un¬
782 1580 2250 1662 persönlicher Allgemeinheit zusammenzufassen ist ein für den Dichter
791 1643 2257 1700 unlösbares Problem, wieviel von dem, was Schnitzler gestaltet
791 1681 2262 1748 hat, in dem kleinen Marionettendrama wiederkehrt, wird eine kurze
799 1736 1313 1796 UIntersuchung ergeben.
909 1768 2262 1843 Die Anfangssituation zeigt uns den Helden zwischen zwei
787 1833 2260 1892 Frauen stehend: das süße Mädel, das ihm Blumen bringt und harm¬
782 1884 2260 1940 los beglückende Zärtlichkeit schenkt, und die dämonische Frau, für
795 1927 2265 1993 die er im Duell mit ihrem Gatten fallen soll, obgleich sie ihm
792 1989 2256 2038 nichts bedeutet. Der Konflikt der -Liebeleis ist unverkennbar, nur
795 2018 2261 2086 daß in parodistischer Zuspitzung der Held die Frau nicht einmal
798 2084 2258 2132 kennt, für die er sterben muß, Auch diese Übertreibung ist nicht
800 2130 2262 2187 völlig neu: Im Tagebuch der Redegondax büßt Dr. Wehwald
790 2169 2256 2232 seine bloß geträumten Wonnen mit dem Tod von der Hand des
797 2226 2264 2278 Gemahls der Unbekannt-Geliebten, während ein anderer sie ent¬
796 2264 2257 2343 führt. Als Nebenmotiv kehrt dieselbe Situation im 2Zwischenspiele
800 2312 2257 2382 wieder, dort hat der Graf die unangenehme Eigenschaft, die Ver¬
796 2360 2266 2429 hältnisse seiner Frau erst zu entdecken, wenn sie vorbei sind.
786 2418 2257 2481 Amadeus wird durch die Sorge Cäciliens davor bewahrt, sich für
799 2462 2254 2520 eine längst Vergessene schlagen zu müssen, wie sein Vorgänger, der
791 2534 2259 2582 Maler, von dem Albertus Rhon sagt: -Da wäre ein junger Mensch
801 2561 2256 2626 um ein Haar umgebracht worden, wegen einer Sache, die längst
1137 2622 2258 2674 Weißt Du was mir eigentlich leid tut, in höherem
805 2615 1141 2683 vorbei ist
801 2668 2252 2726 Sinn? Daß der Maler kein Genie ist und der Graf ihn nicht wirk¬
800 2702 2257 2769 lich erschossen hat. Da läge was großartig Tragikomisches in der
801 2770 2260 2825 Sache.& Ahnlich wird Friedrich Hofreiter von der Rache Natters
798 2836 2264 2868 erst getroffen, nachdem ihm dessen Frau gleichgiltig geworden ist.
925 2854 2260 2915 Die Liebenden nehmen Abschied, für kurze Trennung nach
799 2913 2263 2970 Liesls Meinung, der Held weiß, daß es für ewig ist. Ebenso hofft
797 2965 2261 3022 der Freiherr von Leisenbohg, da er aus Klärens Armen kommt,
808 2998 2256 3062 auf ein ungetrübt glückliches Beisammensein in naher und ferner
805 3061 2262 3115 Zukunft und ahnt nicht, daß sie nur mit der Absicht, sich ihm für
803 3109 2258 3166 immer zu entziehen, die Seine geworden ist, Auch Frau Berta
798 3150 2264 3212 Garlan hält die Nacht, die den Abschied von dem Jugendgeliebten
799 3208 2268 3267 und der Jugend bedeutet, für den Beginn einer neuen Liebeszeit.
794 3264 2264 3312 Schwache Ausläufer lassen sich hier nicht minder aufzeigen. Im: Weg
799 3298 2265 3361 ins Freies zum Beispiel ist es Oskar Ehrenbergs Amy die nicht
812 3346 2269 3406 weiß, daß der lustige Abend im Prater der letzte ist, den sie mit
794 3397 2270 3466 ihm verlebt und Bermann, der sich den Abschiedstag in Erinnerung
