3392 4320
98 1223 234 1309 hals
101 1301 234 1359 s mir
127 1343 250 1410 von
115 1395 247 1460 mich
108 1450 247 1506 diese
109 1498 252 1558 ischen
116 1547 246 1612 dafür
102 1598 250 1663 ungs¬
96 1648 254 1717 einste
107 1697 261 1775 en ist.
109 1857 251 1927 echen,
105 1913 250 1971 ach er
142 1962 262 2019 eines
128 2009 265 2064 BBe¬
139 2058 260 2120 Ast
151 2105 265 2170 und
111 2157 264 2223 bleibt,
117 2212 273 2264 oman
121 2261 264 2322 anzu¬
129 2311 269 2371 raten
121 2355 265 2418 stleri¬
113 2408 264 2468 igenes
115 2452 266 2514 al für
126 2498 277 2561 wählt
125 2551 273 2607 u be¬
129 2598 278 2660 Stück
143 2688 277 2762 gegen
114 2747 278 2804 Dichter
109 2795 277 2857 nhardie
129 2845 268 2903 Aus¬
101 2894 287 2959 ich aus
102 2943 281 3005 chüben
99 2993 290 3051 ien von
106 3041 283 3103 d zum
106 3096 268 3156 hnn ge¬
103 3136 282 3201 nn und
119 3191 281 3251 Autor
131 3237 297 3296 leihen
116 3286 284 3347 erk zu
111 3336 291 3411 chöpfen
1438 181 1903 279 box 36/5
237 171 1289 278 Panphlets, offprints
2223 941 2340 993 303
1291 950 1929 994 Die Motivgestaltung bei Schnitzler
880 1070 2329 1116 heißt nur auffinden und einsammeln, was schon längst seelisch vor¬
881 1123 2338 1178 handen war, und es zu neuen und gemäßen Formen zusammen¬
891 1165 1071 1236 fügen.
1012 1217 2345 1266 So liegt auch in dem Opernstoff Heinrich Bermanns schon
886 1267 2345 1322 der Keim zum -Medardusg. Ein Hauptmotiv, das mißlungene
883 1321 2341 1373 Attentat, der von einem schwärmerischen Jüngling gegen einen ge¬
893 1368 2348 1420 haßten und bewunderten Tyrannen vergeblich erhobene Dolch, ist
883 1401 2350 1451 beiden gemeinsam. Gemeinsam auch die Unklarheit der Motive, aus
893 1457 2354 1511 denen der Entschluß reiß, im Entwurf kennt sie der Dichter selbst
888 1500 2344 1567 noch nicht recht und verspricht sie nachzutragen, in der Tragödie
885 1557 2351 1614 sind sie dem Helden so wenig bewußt, daß er sie erst aus dem
888 1611 2344 1665 Munde eines anderen erfährt, Gemeinsam ist ferner die Begnadigung,
894 1648 2349 1702 die der durch den Anschlag bedrohte Hlerrscher hier wie dort dazu
888 1691 2343 1757 benützt, um mit Menschenseelen und Schicksalen zu experimentieren,
893 1747 2346 1799 auf die er von seiner Höhe ungerührt hinabsieht. Ahnliche Motive,
897 1793 2354 1845 wie sie den König leiten, der den jüngling Jaus einem Tag, wie
901 1855 2353 1906 ihn noch kein Sterblicher genossen, ins furchtbarste Dunkel stürzene
906 1899 2360 1956 will, vermutet Medardus bei Napoleon, um das zuvorkommende
896 1941 2362 1984 Benehmen des Kerkermeisters zu erklären: Nein, eine Verschärfung
894 1987 2349 2040 bedeutet es. Es soll mich um so furchtbarer treffen. Sie war seine
888 2042 2356 2099 Geliebte, Etzelt! Er rächt sich!... Das ist es.& Beidemal wird
892 2079 2358 2129 die Begnadigung zurückgewiesen und der Held wählt freiwillig den
896 2138 2353 2189 Tod. Gemeinsam ist schließlich die Prinzessin, die dem Helden ge¬
900 2194 2364 2252 heimnisvoll, bald als hingebende Geliebte, bald als Feindin und
899 2245 2362 2296 Mörderin entgegentritt. Im Entwurf wird dieser Zwiespalt nur auf
907 2284 2355 2349 äußerliche Weise, durch die seltsame Lage des Helden begründet,
896 2343 2360 2397 in der Tragödie gehen Wonne und Gefahr, Liebe und Haß von
892 2381 2356 2437 den Bewegungen ihres Innern aus, wenn ihr Empfinden und Handeln
903 2431 2349 2490 sich nicht völlig zu einer Persönlichkeit zusammenschließen will, so
903 2487 2358 2544 kann das vielleicht dadurch begründet sein, daß ihr die Seele erst
903 2535 2361 2589 eingehaucht wurde, als es die Gesetze der Komposition verlangten.
1024 2578 2355 2636 Der Dichter hat das Motiv, das ihn im Roman nur beiläußig
893 2624 2366 2675 zu beschäftigen schien, in seine Tragödie aufgenommen. Ob er sein
907 2669 2357 2731 altes Eigentum bei der zweiten Verwendung wiedererkannte oder
899 2739 2361 2785 neues zu erfnden wähnte, darf uns hier nicht kümmern. Unsere
898 2782 2370 2829 Untersuchung gilt nur der einen Frage: Läßt sich eine Gesetzmäßig¬
905 2823 2362 2889 keit in dieser Wiederkehr der Motive vermuten und welche Me¬
902 2886 2248 2938 chanismen der Entstellung und Veränderung sind dabei tätig?
1023 2923 2362 2985 Aus der Phantasiegestalt des Königs, der in seiner ungeheuren
918 2970 2357 3023 Wachheit die Menschen zwischen Dämmerung und Dunkel hin¬
909 3030 2368 3083 taumeln sieht, ist eine höchst reale Person, eine Figur der Welt¬
909 3065 2359 3129 geschichte geworden: Napoleon I. Mit unfehlbarer Divination hat der
912 3117 2365 3179 Dichter die Stimmung, die diesen Namen umwittert, herauszufinden,
903 3167 2358 3214 festzuhalten und zu vertiefen gewußt, seine geheimnisvolle Wirkung,
909 3217 2364 3268 die das ganze Stück durchzieht, läßt die Umrisse eines übermensch¬
907 3264 2375 3331 lichen geistigen Antlitzes ahnen, so etwa wie Bermann sie bilden
902 3321 1083 3388 wollte.
