3392 4256
1845 201 2326 318 box 22/1
181 211 1709 330 16.2. Die Franmitden  Doiche
312 1589 2418 1679 gemuth, dargestellt wurde. In lockender Schön= graben zwei prächtige Auerhahne geschossen hat,
1356 1668 2145 1730 ist wieder nach Graz zurückgekehrt.
315 1676 1369 1738 heit und äußerer Pracht, ganz schillernde Weibes¬
1457 1693 2399 1790 Aussichnung des Landesgendarmeriekom¬
314 1725 1362 1786 natur. Weniger gut sind dem Verfasser die männ¬
322 1772 2409 1838 lichen Rollen gelungen. Herr Heine (Salomo) mandanten. Wie man uns aus Wien drahtet, wurde
317 1800 2412 1889 wandre seine ganze Kunst auf, um die Würde, dem Landesgendarmeriekommandanten Oberst¬
322 1857 2406 1917 Weisheit und versteckte Herrscherlaune zu ver¬ leutnant Oswald Edl. v. Kostenzer das Ritter¬
311 1899 2210 1963 körpern, Herr Gerasch, um dem verweichlichten kreuz des Franz Josef=Ordens verliehen.
1464 1928 2446 2033 Trauung. Morgen um 10 Uhr vormittagsk
313 1969 1364 2027 Sabud gerecht zu werden. Das Gesamtspiel war
1358 1998 2457 2089 wird in der Herz=Jesu=Kirche Herr Rudolf Schal=sc
318 2019 1362 2080 hier im Gegensatze zum Schnitzler=Einakter wirklich
2006 2043 2468 2133 Fräulein Christlsa
1354 2053 1969 2127 ler Edl. v. Hirschau.
316 2066 1356 2127 Burgtheater. Der Besuch war gut, der Beifall zum
1314 2114 2282 2173 [Miskey Edl. v. Delney raut werden.
1086 2117 1338 2194 Dr. F. K.
315 2111 792 2195 Schlusse sehr herzlich.
1459 2157 2481 2223 Todesfall. Gestern um 10 Uhr abends ver¬ S
1353 2186 2426 2259 schied hier die Mutter des Professors Herrn Dr. 9
382 2179 1357 2256 (Exls Tiroler Bühne) brachte gestern ein Volks¬
314 2231 2478 2314 stück: „Die Wildkatz' vom Hollergrund“, Karl Lorenz, Frau Elise Lorenz, Realitäten= di
310 2313 2117 2373 zur Aufführung. Nach dem gesunden, kräftigen, besitzerin, im Alter von 67 Jahren.
1442 2321 2478 2420 Ausschreibung der Landtagsersatzwahl für den w##
311 2363 1373 2419 würzigen Schwarzbrot Anzengruberischer Er¬
319 2373 3264 2468 zeugung wirkte dieses Werk von I. Willhardt Städte= und Märktewahlkreis Murau. Wie man der ##aw 11 Uhr nachts nach Hause kan
319 2453 3246 2505 recht wie ein schwammiger, unschmackhafter Brei. uns mitteilt, wurde die durch die Mandatsnieder= hat nichts Verdächtiges gehört. Der Eindrec
317 2505 3263 2554 Wenn sich das genügsame Publikum trotzdem nicht legung des Landtagsabg. und Landesausschußmit- das Haus durch eine von innen versperrte Ti
327 2555 3265 2605 schlecht unterhielt, so gebührt das Hauptverdienst gliedes Herrn Dr. Leopold R. #. Link notwendige lassen. Die eingeleiteten Erhebungen bliebe
316 2592 2677 2654 für die freundliche Aufnahme des Stückes den Dar= Ergänzungswahl in den steirischen Landtag für den her erfolglos.
2494 2636 3258 2698 Selbstmord einer Frau durch Ersch
320 2648 2400 2713 stellern, die das möglichste taten, um den schmalz= 16. Juli, eine allfällige engere Wahl für den
309 2694 3244 2770 losen Schmarrn einigermaßen genießbar zu [24. Juli ausgeschrieben. Der Wahlbezirk umfaßt Unter dem 28. d. schreibt man uns aus
308 2732 3250 2804 machen. Das Beste waren der schneidig getanzte die Städte Murau und Oberwölz und die Märktel a. d. M.: Als heute mittagsde in der Z#
322 2783 3227 2854 Schuhplattler im ersten Aufzug und der stim¬ Neumarkt, St. Lambrecht, St. Peter am Kammers, des hiesigen Elektrizitätswerkes beschäftigte
2351 2839 3184 2902 brettwäter Leop. Hausmann von seine
1339 2837 2071 2917 berg, Oberzeiring und Unzmarkt.
313 2842 1262 2927 mungsvolle Zithervortrag Franzl Mayers.
1143 2870 1330 2970 W. M.
1455 2868 3168 2941 Hausbesitzerversammlung. Heute abends um nach Hause kam, fand er seine Wohnun
1333 2916 3159 3010 8 Uhr findet, wie bereits gemelbet, im Gasthof und seinen fünfjährigen Sohn außerhal
1347 2984 3169 3054 „Zum roten Kreuz“ (Griesplatz) eine allgemein nung. Da seine Frau morgens sehr trüb
432 2962 1363 3049 Als Chargenspieler wurden für die Spielzeit
318 3032 3245 3098 1913/14 Rud. Lampert und Hans Pilanger zugängliche Hausbesitzerversammlung statt, in der und sich in letzterer Zeit über Zwistigkeiten
1324 3089 3273 3152 zu Gemeindeangelegenheiten Stellungen genom= den Parteien ihres Wohnhauses aufgeregt
311 3087 1144 3164 den Grazer Bühnen wieder verpflichtet.
1313 3116 3266 3217 men werden wird. In dieser Versammlung wird vermutete der Gatte einen Ohnmachtsanfall
