3392 4256
572 131 1543 191 (Zum ersten Male im Neuen Deutschen Theater.)
645 192 1544 250 Schon lange hat ein neues Opernwerk nicht so
570 232 1539 290 rasche Verbreitung gesunden, wie Max Schillings
562 289 1539 338 Mona Lisa. Schon ver der Stuttgarter Urauffüh¬
561 335 1545 390 rung im vorigen September, noch bevor man wußte,
574 373 1543 428 wie sich das Publikum zu der Sache verhalten werde,
566 427 1552 473 war die Annahme Mona Lisas unter den Theater¬
562 470 1543 524 leitern beschlossen und in dem Vierteljahr, das seit.
558 501 1554 557 her vergangen ist, wurde bereits an den meisten
562 552 1546 607 Bühnen die Neuheit herausgebracht. Früher hatte
572 591 1548 652 es Max Schillings nicht so gut. Sein Komponisten¬
573 641 1549 691 ruhm ist älter, als der fast aller heute in Betracht
573 692 1554 737 kommenden musikalischen Bühnenautoren. Als man
566 717 1544 776 ganz am Beginne der Neunziger Jahre die „Ing¬
562 762 1545 816 welde“ als ein hoffnungserweckendes, und trotz seiner
559 820 1547 875 Wagnerabhäginkeit eine eigene Note aufweisendes
564 859 1547 912 Musikdrama zu begrüßen vermeinte, hatte sich noch
562 897 1551 964 nicht einmal der Symphoniker Strauß gefunden,
564 938 1545 1003 Humperdinck war noch nicht auf dem Plan erschie¬
557 988 1556 1044 nen. Hans Pfitzner noch nicht entdeckt und die, welche
558 1027 1552 1085 später so erfolgreich für den Spielplan des Alltags
563 1080 1558 1143 sorgten, Kienzl und d'Albert machten noch ihre
566 1117 1550 1168 tustenden Versuche. Max Schillings aber stand da
569 1165 1551 1220 als der überlegene, den bilkigen Erfolg stolz ver¬
566 1207 1555 1262 schmähende Aristokrat, der nur an den idealsten,
565 1259 1555 1314 herbsten und sprödesten Stoffen seine Kräfte maß
567 1287 1563 1348 und sich mit der Anerkennung einer Minderheit be¬
566 1346 1551 1399 gnügte. In dieser Haltung ist er verblieben, hat der
564 1383 1562 1439 nordischen Skaldenoper Ingwelde, den Pfeiffertag,
570 1440 1556 1480 das Lied von des deutschen Spielmanns Lust und
566 1477 1554 1531 Leid, folgen lassen und sich an der Unmöglichkeit,
562 1518 1558 1571 dem Hebbelschen Molochproblem etwas, wie Musik
572 1557 1559 1631 abzugewinnen, ehrlich den Kopf eingerannt. Hoch¬
558 1601 1553 1668 achtungserfolge zu erringen, war bisher die Spezia¬
562 1642 1554 1719 lität Max Schillings, der sein Epigonentum bis
574 1695 1559 1750 auf den heutigen Tag nicht zu überwinden imstande
570 1748 1558 1796 war, eine Hochachtung, die aus der Erkenntnis re¬
574 1789 1551 1852 sultierte, daß in den vorliegenden Werken ein ehr¬
576 1823 1560 1878 liches Ringen, ein strenger sachlicher Ernst obwaltete
579 1871 1558 1927 und daß hier einer nicht vom Wege abbog, trotzdem
577 1914 1392 1997 sich ihm die Aussicht ins Freie nicht zeigte.
648 1978 1565 2025 Mit seiner „Mona Lise“ ist nun Schillings von
578 2011 1562 2074 diesem früher als richtig erkannten Weg abgebogen.
581 2058 1565 2121 Der ewigen Hochachtung müde, wollte er den wirkli¬
569 2093 1559 2153 chen Erfolg verkosten und versuchte es mit diesem
576 2141 1560 2206 Kinostück der Sensationslust des an den Nerven¬
578 2193 1562 2251 kitzel der Tosca und der Elektra gewöhnten Publi¬
580 2245 1572 2297 kums zu schmeicheln. Und in der Tut, die Martern
571 2281 1562 2344 aller Arten, welchen die Floria Tosca im Vorzim¬
570 2320 1562 2379 mer der Folterkammer Soarpias ausgesetzt ist, sind
582 2363 1568 2430 eine Kleinigkeit im Vergleich zu den Grausamkeiten,
578 2410 1569 2471 welche Francesko del Giocondo, an seiner um keinen
570 2453 1560 2524 Preis lächeln wollenden Gattin verübt, der Lieb¬
576 2520 1566 2561 haber dort wird bloß ein bißchen geschunden,
581 2555 1572 2602 hier muß er ersticken, und während er seine letzten
582 2585 1563 2658 Atemzüge röchelt, darf man zusehen, wie der
588 2627 1564 2697 rasende Gatte die beklagenswerte Nichtlächlerin
574 2673 1566 2748 vergewaltigt. Aber auch die Rache Mona Lisas ist
580 2716 1574 2778 nicht von schlechten Eltern. Wie sie durch List und
574 2761 1566 2825 Verstellung den Gatt, in dieselbe Falle lockt, die
586 2814 1571 2867 er dem Liebsten berei hat, wie ihr der liebe Kien¬
582 2846 1566 2905 topp-Gott dabei hilft, indem sich der einzige Schlüs¬
583 2898 1563 2963 sel zu dem ominösen Juwelenschneien plötzlich wie¬
583 2952 1567 3009 derfindet, und wie sich Mona Lisa nach vollzogener
595 2990 1579 3049 Revanche zu Tode tanzt, jetzt nicht nur lächelnd
605 3040 1575 3092 sondern in gellem Wahnsinnslachen, Aufregenderes,
595 3072 1581 3133 Schauerlicheres und Grausigeres hat man auf der
604 3122 1570 3176 Opernbühne nicht sobald zu schauen bekommen. Zur
601 3160 1584 3224 Scheinmilderung, nur um das ästhesische Gewissen
596 3207 1585 3267 zu beruhigen, sind diese an Brutalität nicht zu über¬
596 3249 1570 3315 bietenden und jeglicher seinerer psychologischen Moti¬
591 3302 1569 3356 vierung entbehrenden Vorgänge von dem in der
594 3349 1582 3405 Gegenwart spielenden Rahmenstück umgeben. Beginn
603 3382 1584 3446 und Schluß zeigen eine moderne Mona Lisa und
600 3419 1577 3483 ihren ältlichen Gemahl bei der Besichtigung von
597 3465 1583 3537 Giocondos berühmtem Palazzo und die Koketterie der
597 3507 1585 3584 jungen Frau mit dem Laienbruder, von dem man
598 3564 1588 3628 aber nicht weiß, wie er sich zu dem Verführungs¬
596 3615 1584 3669 versuch verhalten wird. In Arthur itr#¬
593 3636 1577 3714 akter „Die Frau mit dem Dolch“ findet sich derselbe
611 3692 1576 3761 szenische Trik, dort aber sind es beim kommulieren¬
605 3735 1586 3804 renden Verschwimmen von Gegenwart und Vergan¬
600 3791 1581 3842 genheit die Fragen der Seelenwanderung, mit wel¬
598 3823 1582 3885 chen sich ein Dichter, Rätsel und Geheimnisse ersor¬
605 3848 1597 3933 schend behutsam tastend beschäftigt. Davon ist in
583 3913 1544 3990 Beatrice Dovskys Libretto auch nicht eine Spur.
1886 1040 2072 1118 —
1874 1075 2993 1155 loge und Bibelforscher Hermann Rönsch (in Jahns Jahr.
1870 1145 2983 1187 büchern“, Band 123, 1881 und 131, 1885) nachwies, daß dieser
1863 1186 2980 1236 mit Hen gefüllte Korb zum Warmhalten des Wassers und des
1874 1212 2989 1268 Fleisches diente, dessen man am Sabbath bedurfte, ohne doch
1874 1260 2978 1312 an dem heiligen Tage selbst etwas dafür tun zu dürfen. Die
1868 1296 2990 1341 Erfahrung lehrt, daß eine solche Einrichtung die Speisen nicht
1875 1338 3071 1396 nur warm hält, sondern auch gar macht; der altjüdische bei
1872 1373 2961 1434 kor#isdalso im Grunde ganz dasselbe wie die modefne Luch¬
1874 1415 1982 1468 kiste.
1965 1425 2981 1504 (Frauechauspiethans.] Einakter =Abende
2411 1490 2975 1548 Bei Dramen wird man nicht
1872 1475 2156 1544 aben immer
1860 1535 2982 1574 #ng gequält, bei Lustspielen dauert die Vorrede nicht lang,
1857 1610 3010 1669 und kann es auch nicht. Denn entweder wird der Einalter“
1857 1658 3009 1704 der letzte Aufzug eines Dramas sein, dessen Vorbedingungen“
1862 1674 3012 1745 eilig mitgeteilt werden müssen, wobei dann natürlich vor')
1856 1716 2987 1777 Entwicklung und Motivierung nicht die Rede sein kann, also“
1866 1758 3023 1825 gerade die feinsten Offenvarungen dichterischer Kraft nichtg
1862 1812 3016 1865 zur Oberfläche kommen, oder er wird ein Auftritt, ein Dia#
1861 1838 3016 1897 log, eine Szeue sein, die irgend eine heitere Ueberraschung#
1869 1881 2987 1937 abschließt. Gestern hatte man im Schauspielhaus in einem“
1868 1927 2980 1971 Oesterreichischen Autorenabend alle Formen des Einakters
1869 1951 2994 2014 beieinander. Ein Schauspiel: „Die Frau mit dem
2569 2002 3021 2063 Obgleich dasStüll—
1862 1997 2273 2060 Dolche" von Auts
2367 2003 2403 2045 4
1863 2016 2978 2085 zum ersten Male gespicedütbe, barf vorausgesetzt werden.
1862 2080 2990 2134 daß es der gebildete Mitteleuropäer längst kennt. Er wird
1869 2102 3031 2184 vom Lesen mehr Genuß gehabt haben als von der Wieder¬ X
1856 2164 3057 2208 g#be, in der die fein geprägten Verse des mittleren Vor¬
1857 2198 2972 2255 nangs mit ihren nachdenksamen, zum Verweilen lockendet
1873 2220 3054 2293 Worten schnell vorüberwehen. Die Absicht, aus der das Stück #
1861 2278 2977 2338 entstand: den Glauben Vieler, einen bestimmten Vorgans#
1865 2311 3013 2370 schon einmal erleht zu haben, die ewige Wiederkehr des Glei¬*
1872 2352 2991 2400 chen also auch im Einzelleben, in einem Gegenwarks= und
1857 2385 2829 2445 Vergangenheitserlebnis dichterisch zu gestalten, ist kü
2936 2394 3004 2464 ch
1861 2437 2817 2489 gewinnt das Werk im Bühnenlicht mehr triminelles als
1871 2476 2807 2525 gisches Interesse, so stark der Dichter auch gerade dies
1870 2515 2791 2560 möchte. Er scheitert am Einakter, der nur Umriss
1860 2549 2782 2606 Das Drama „Die von nebenan“ von Thadde
1874 2586 2775 2634 ner ist kein Drama, sondern nur das Zwiegespr
1875 2630 2780 2678 Studenten, die in Paris in einem ärmlichen Zin
1866 2671 2773 2726 gernd in ihren Betten liegen. Im Verlauf des
1867 2711 2790 2763 der sich nur um das Brot und die lukullischen G
1860 2750 2805 2805 Dame von nebenan dreht, werden sie vom Hunger
1869 2787 2823 2827 ergriffen: die von nebenan tritt als Tod, grün bi
1863 2818 2881 2875 berein und erlöst die armen Teufel. Der spukhafte Aktn
1871 2859 2992 2918 mit schöner Einstimmigkeit abgelehnt. Hermann Bahrs
1874 2899 2996 2968 „Die riefe Natur“, in der dieser Meister der Plauderei
1867 2943 2995 2988 sein Lieblingsthema von der Schaukelpolitik der Frauen
1863 2979 2991 3032 wieder einmal in erheiternder Weise abwandelt und hübsch und
1872 3027 3002 3077 gewagt beweist, daß man bei den lieben Frauen auf jede
1863 3057 2997 3119 Ueberraschung geaßt sein darf, gefiel vor allem im zweiten
1873 3092 2994 3150 Teil, der die Probe aufs Exempel bringt. Das Vorspiel,
1874 3132 2997 3194 in dem zwei Freunde über ihre Auffassung vom Weibe lang
1862 3162 2995 3254 und breit daherreden, ermüdete und mußte ermüden. Die
