3344 4352
107 874 229 956 accio?
119 948 243 1018 viene
138 996 248 1073 Fra
111 1057 239 1124 0fare
123 1112 221 1175 ma:
152 1158 236 1228 eri¬
2030 148 2284 223 —
203 220 1865 315 Panphlets offorints box 36/2
1376 776 1908 853 ARTURO SCHNITZLER
2470 783 2603 855 113
658 876 1649 961 sione, lo studio di caratteri che lo Schnitzler sa
1681 877 2636 951 II dramma, accettato dal Burgtheater, il teatro
655 947 1644 1013 rendere sommariamente. Si direbbe ch’egli ha sa¬
1650 950 2646 1019 imperiale di prosa della corte austriaca, venne poi
655 998 1640 1061 puto assimilarsi il procedimento dei grandi maestli
1653 1006 2643 1079 respinto all'autore e rappresentato per la prima
653 1058 1642 1115 del ritratto che in pochi tratti di matita fermano
1664 1057 2650 1107 volta a Breslavia con esito contrastato per mala
657 1103 1636 1169 T’aspetto e con l’aspetto l'anima di un personaggio.
1654 1122 2656 1185 disposizione del pubblico forse, forse per insuffi¬
1373 1788 1457 1856 4
1462 2902 1808 2979 ARTURO SCHNITZLER.
2230 2895 2596 2994 (Fot. Lövy, Vienna).
698 3159 1643 3218 II novelliere e il drammaturgo talvolta si com¬
656 3205 1648 3270 piacciono di lavorar di fantasia: e ricercan la trama
1706 3194 2648 3270 Se le accoglienze della scena non furono cosi
1649 3270 2649 3322 liete come l'autore poteva sperarlo, quelle della
668 3257 1650 3333 della commedia umana anche in epoche lontane
1667 3312 2653 3376 critica dovevano interamente soddisfarlo; dai piü
671 3317 951 3378 dalla nostra.
1670 3374 2656 3431 venne considerato come il suo capolavoro ed anzi
701 3357 1650 3435 L’ uomo sostanzialmente ha variato cosi poco, che
1652 3415 2648 3490 taluno non si peritö di asserire che il Velo di Bea¬
657 3422 1645 3497 quando si tratta dei momenti piü gravi della pas¬
1665 3489 2664 3545 trice fosse il miglior dramma tedesco dell’ ultimo
658 3476 1640 3527 sione il mutamento dello sfondo giova solo al capric¬
667 3528 1655 3610 cio descrittivo dell'artista, come pel lelo di Beatrice.
1656 3530 2144 3598 decennio dell’ottocento.
726 3603 1168 3673 Eurokiun-Vor. XXII-8
