3344 4224
367 300 750 396 Wien, Samstag
1056 296 1773 399 Neue Freie Presse.
105 386 754 461 Emrintes 222 Iinamiestinelimins 22: U Cieneausatugg
802 392 1973 466 „Flamme“ angesagt, ohne daß es zu einer Aufführung in
797 440 1952 495 Newyork, die allein maßgebend ist, gekommen wäre.
799 485 1963 539 Aehnlich verhält es sich mit Schnitzler, dessen „Komödie der
797 531 1955 599 Verführung“ uns für diesen Winter versprochen worden.
114 464 565 628 nikbeilage
795 571 1960 643 Man wagt sich wohl, und mit Recht, an Schnitzlers seine,
157 598 267 651 der
601 521 706 676 *
800 621 1955 673 abgekönte und trotz ihres weiten Horizonts durchaus lokale
103 632 539 735 Freien Presse“
795 673 1956 731 Kunst nicht recht heran. Nicht aus Unvermögen; Broadway
793 724 1956 780 wagt heute alles, und es gelingt ihm eine ganze Menge.
104 718 776 819 ponentterngngwen rekuen iersngwerte
796 759 1949 814 Aber offenbar aus psychologischer Einsicht. Man sollte ver¬
801 804 1959 857 suchen, Schnitzler hier so zu spielen, wie man ein gewisses
118 798 531 887 auf Broadway.
806 847 1964 923 Wiener Kinodrama mit dem Titel „Ringelspiel“ hier pro¬
100 879 460 958 un Tizia Bellich.
794 896 1952 952 duziert hat: In der Vergangenheit, als Historie. Schnitzlers
105 924 780 996 der Saison haben nichts Ueber¬
795 946 1967 1015 Menschen sind heute Historie, seine Atmosphäre ein Destillat
92 989 778 1050 ays Bretter geführt. In der Ferne
795 1000 1958 1056 von pre-war Vienna (Vorkriegs=Wien). Diese Kultur ist
100 1037 781 1099 und der Publizitätslärm, der um
796 1041 1950 1093 versunken und heute nur mehr Humus, aus dem neues
96 1073 793 1139 pesen und Morris Gest, sein Adjutant,
786 1086 1949 1150 Leben sprießen wird. Seine „Komödie der Verführung“
105 1125 774 1198 ischen Atem geschöpft für irgendeine
784 1118 1954 1186 zum Beispiel hier bloß aufzuführen, wie sie geht und
89 1166 779 1248 kolle Geschichte. Trotz Castiglione¬
793 1178 1961 1246 steht, würde Durchfall bedeuten, weil man diese Menschen
97 1218 783 1278 ardt diesen Winter der anderen
801 1226 1957 1291 hier nicht verstehen würde und daher für sie gar
91 1269 787 1326 leiben. Pawlowa und ihr russisches
793 1261 1953 1331 kein Interesse aufbringen könnte. Broadway ist eine
98 1313 784 1370 ktournee ist nicht mehr aufregend. Die
800 1315 1954 1374 Macht und man muß mit ihr rechnen; aber sie läßt
102 1363 780 1416 te in Anbetracht der internationalen
788 1360 1955 1424 sich ködern. Hier ein wenig unterstreichen, dort ein
97 1416 792 1478 äfte — Sänger, Dirigenten und
785 1415 1961 1454 wenig unterschlagen und den Menschen mit den Ge¬
89 1455 784 1511 die erste der Welt bezeichnet werden
797 1454 1953 1513 sichtern und den Gefühlen ihrer Zeit und ihrer Epoche
92 1504 782 1560 hitierung von etwas neuem bis jetzt
850 1505 1962 1565 und ihrer Stadt hinausstellen! Damit erweckt man das
96 1546 788 1606 Wir haben damit zu warten, wann
792 1558 1961 1603 ewig=wache Interesse des Amerikaners für etwas anderes,
104 1597 785 1654 ifa erscheinen wird. Zu den vierund¬
794 1596 1962 1662 für etwas noch nicht Gewußtes, für etwas neue Gebiete Er¬
127 1642 773 1705 hat man mit dem neuen Martin
786 1649 1960 1708 schließendes, ohne damit aus dem Rahmen des Dramas zu
786 1692 1960 1736 fallen. Man muß das Publikum — und das amerikanische
119 1689 786 1748 gereiht, das von einem Architekten
101 1737 777 1793 rde, der dem dort üblichen spanischen
785 1733 1964 1801 Publikum vor allem — behandeln wie eine Schulklasse
101 1790 770 1844 Newyorker Atmosphäre beimischte,
793 1786 1963 1848 voller Kinder, die dem Lernen gleichgültig=ablehnend, aber
95 1831 776 1893 d, das aussieht wie eine Kreuzung
791 1826 1968 1899 dem Leben voller Neugierde gegenüberstehen; es handelt
102 1881 782 1939 und einer Markthalle. Da hinein
795 1860 1962 1939 sich dann bloß darum, die Voltmenge der Neugierde in
92 1908 787 1985 iden werden — heiter, glücklich und
781 1919 1968 1999 solche der Wißbegierde umzuwandeln und alle Spannung,
83 1964 778 2034 en Raum setzte man am Firnistag
785 1974 1963 2042 die jener gegolten, auf diese umzuschalten. Es würde aller¬
93 2008 774 2080 padour“. Leider nicht mit der ver¬
795 2014 1967 2079 dings ein Magier der Adaptierkunst nötig sein, um die
789 2062 1949 2117 Gestalt einer Aurelie für Amerika gebrauchsfähig zu machen.
91 2060 779 2126 rn mit einem der üblichen bild¬
789 2105 1963 2176 Eine Schauspielerin würde eher dafür gefunden werden
104 2098 783 2169 American Girls, die ihre Rolle
791 2157 1949 2217 können als ein Schauspieler, der eine solche echte Wiener
100 2152 785 2208 rette selbst wurde fast erstickt in der
786 2199 1961 2263 Zierpflanze wie Max v. Reisenberg stilgerecht darstellen
91 2199 776 2262 ren kunstgerechte Herrlichkeit einem
786 2247 1955 2299 könnte. Vor allem müßte man aber den Titel ändern.
97 2248 775 2315 Hand in Hand mit der Virtuosität
785 2295 1950 2353 Allabendlich demonstrieren in den Revuen Newyorks
102 2295 778 2351 unerreicht auf dem europäischen
786 2333 1949 2395 hervorragend schön gebaute Mädchen mehr oder weniger,
133 2338 775 2398 Fall und der berühmten Dams
798 2386 1961 2430 meistens mehr, entblößte Gliedmaßen; in den Ziegfeld
112 2378 786 2459 übrig blieb, war eine prachtvolle
797 2426 1957 2493 Follies gibt es eine junge und tatsächlich entzückend schöne
95 2431 297 2498 keinlagen.
787 2481 1968 2541 Dame, die langsam, sehr langsam, eine breit geschwungene
96 2455 772 2542 igt ein Spaziergang durch die
787 2519 1956 2581 Treppe herabsteigt, mit nichts bekleidet als mit ihrem hell¬
75 2518 772 2593 an heuer im Sommer fleißig in
784 2569 1956 2617 blonden, geschmackvollerweise nicht dauergewellten Genoveva¬
84 2563 777 2632 gauft hat, und die geschickten Zu¬
790 2610 1953 2671 Haar — also Verführung genug. Aber es klipp und
97 2620 767 2677 e Beutel. Sogar „Alt=Heidelberg“
784 2666 1949 2728 klar in Broadways magisch=hellem Kohlenlicht in die
89 2655 784 2724 Seidenpapier, herübergebracht und
782 2704 1950 2776 Welt hinauszuposaunen, daß es so etwas wie Verführung
87 2711 780 2768 ird es Anfang Dezember aus den
786 2750 1400 2828 gibt, das geht denn doch nicht.
90 2760 777 2811 Adaptiererin — wenn mein Ge¬
219 2809 779 2863 Claire Kummer auf die
877 2808 1955 2870 Auch Hermann Bahr soll demnächst seine Stimme er¬
90 2859 766 2915 ssen werden. Waren die Ungarn
781 2850 1964 2919 heben. Rudolf Schildkraut wird in einem seiner Stücke, das
109 2903 765 2957 vertreten, so ist ihre Zahl heuer
786 2916 1958 2979 man hier als „The mongrel“ ankündigt, erscheinen. Die Fran¬
83 2941 762 3001 Ulmstand, der verschiedene Gründe
784 2953 1961 3020 zosen begnügen sich nicht damit, gallischen Witz und die ewig
102 2994 778 3043 Stücke auf Broadway laufen hat,
784 3004 1960 3063 schillernden Facetten ihrer dreieckigen Probleme zur Würze
89 3043 778 3107 nschaft, wie man sein Publikum
783 3041 1954 3110 heimischen Fabrikates zu liefern — „comedy adaptod krom
119 3077 759 3139 macht, im kleinen Finger zu
793 3091 1031 3159 the French“
1059 3100 1956 3149 — sondern sie kommen in persona über den
120 3125 774 3195 sich mit einem amerikanischen
779 3136 1960 3195 Ozean, um hier ihre gewichtigere und traditionelle Kunst
100 3178 772 3242 harrick — drüben eine Reputation
781 3192 1953 3249 unfiltriert zu zeigen. Nach Gemier mit dem Ensemble des
158 3225 764 3289 ein gewiegter Fregoli — hier
782 3237 1951 3304 Théätre Nationale de l'Odéon und Mme. Simon ist Maurice
126 3269 764 3333 wirklichen ungarischen Namen
786 3286 1951 3337 de Féraudy auf dem Programm. Die Woge, die den Italiener
88 3320 776 3375 m der ungarischen Konjunktur zu
793 3336 1952 3403 Pirandello die letzten zwei Jahre emporgetragen hat, scheint
83 3364 773 3424 der lurch seinen ungleich bedeuten¬
790 3383 1752 3446 zurzeit verebbi. Er schweigt heuer auf Broadway.
84 3404 765 3474 hr, und zwar durch dessen „Liliom“
867 3431 1952 3486 Nun, last, not least, die Engländer. Sir James Barries
80 3451 769 3522 Die für die Wiener schon etwas ab¬
778 3470 1950 3543 liebliche Phantasie „Peter Pan“ feiert Triumphe. Eine von
82 3495 765 3567 Molnarschen Gardeoffiziers blühen
791 3534 1951 3589 jenen professionellen Theatergesellschaften, wie sie in den
94 3548 768 3612 Herrn Kramer wird es freuen, zu
771 3575 1945 3633 letzten Jahren sich mehrfach gebildet haben mit dem ein¬
93 3596 765 3663 ed Lunt einen ganz ausgezeichneten
783 3634 1946 3689 gestandenen und streng verfolgten Zweck, die gute ameri¬
97 3641 773 3691 In Boston wird eben desselben
776 3658 1955 3735 kanische und internationale dramatische Literatur zu pflegen,
84 3679 763 3744 probt, und es wird interessant sein,
786 3717 1956 3781 führt eben William Congreves (1670 bis 1729) „Way of the
106 3733 776 3798 rhervorragend guten des Wiener
788 3767 1948 3824 World“ auf. Dem brillanten und galanten Komödiendichter
91 3776 766 3844 stung Elsie Fergusons, einer feinen,
778 3813 1954 3883 hatten viktorianische und puritanische Strömungen wenig
94 3833 764 3882 Schauspielerin, mit der elementar¬
784 3863 1946 3923 Gelegenheit gegeben, der modernen Welt seine artige Ver¬
110 3873 773 3932 zu vergleichen. Die Deutschen
785 3911 1947 3981 beugung in parfümierter Loch nperücke, Schnallenschuhen,
91 3921 770 3979 nach Tollers „Masse Mensch“ das
791 3962 1949 4018 farbig=glühendem Sami und Seiden, rieselnden Jabots usw.
83 3959 774 4025 chwunden war, kam Rudolf Lothar
786 4009 1949 4063 zu mach.n. Nun drückt man eben ein Auge zu — und macht
101 4015 773 4074 rgewagtesten Frivolität, die man
791 4052 1958 4116 das zweite desto weiter auf. Denn die Cheiry Lane Players
100 4051 779 4116 bekommen hat. Die Amerikaner
100 4106 1949 4140 Ohren kaum, daß man ihnen so haben mit Hilfe eines ausgezeichneten Londoner Kostüm¬
2143 297 2559 375 17. Januar 1925
2821 307 3123 374 Nr. 21676
1965 400 3146 464 dieses lebenskräftigste Stück Sir Arthur Wing Pincros;
1978 443 3138 497 „The Second Mrs. Thankeray.“ Es ist nun 30 Jahre her,
1968 495 3147 559 daß es in London zum erstenmal aufgeführt worden, und seit
1973 544 3140 588 jenen Tagen hat sich gerade in der Frage, die so leidenschaftlich
1969 587 3141 665 darin aufgeworfen und verneint wird, das Bild geändert, der
1975 634 3149 691 Frage nämlich, ob eine Frau über ihre Vergangenheit hinweg
1969 691 3149 747 kann. Ein Stück, heute um dieselbe Frage geschrieben, müßte
1965 735 3143 782 vielleicht auch dieselbe Antwort geben, abei sie würde doch
1967 777 3148 841 anders gefaßt sein. Daß das Stück heute noch so fest steht,
1979 824 3146 893 spricht für Pincro; daß es aber neulich einen solchen Erfolg
1975 872 3142 920 hier errang, ist Ethel Barrymores Paula Thankeray zu
1967 911 3143 973 verdanken. Ethel Barrymore trägt einen berühmten Namen,
1978 971 3139 1033 aber der Ruhm ist nicht nur der ihrer Familie, sondern auch
1975 1012 3153 1071 ihr eigener. Sie ist mit ihrer hohen, kräftig=chlanken Figur,
1969 1064 3150 1107 den rein geschnittenen Linien ihres schönen Gesichtes, der
1970 1105 3148 1160 immer am Sprung sitzenden Vitalität des Wesens, der doch
1965 1160 3148 1226 eine vollendete Damenhaftigkeit zur Seite steht, dem über die
1966 1199 3147 1277 Dinge hintrilleinden Humor und der Natürlichkeit ihrer
1971 1252 3145 1318 Gefühle die Repräsentantin besten amerikanischen Frauen¬
1964 1304 3143 1347 tums und in ihrer Künstlerschaft diejenige bester ameri¬
1979 1348 3146 1405 kanischer Darstellungskunst. Ih war für die Gelegenheit
1970 1398 3146 1445 dankbar, Ethel Barrymore, von der ich schon so viel gehört
1973 1444 3142 1492 hatte, in einer Rolle zu sehen, die ihren Talenten und ihrer
1975 1489 3147 1552 herrlichen Stimme Spielraum gab, aber ich setzte aus, daß
1975 1536 3153 1595 sie dem guten Thankeray gegenüber doch wohl ein wenig
1970 1588 3153 1649 zu scharf, zu dominierend zu geeizt sei; man eilte jedoch
1963 1638 3146 1697 amerikanischerseits meine Meinung nicht. Offenbar dürfen
1968 1679 3160 1741 eben die Frauen in unserem Land dies alles ungestraft sein.
1970 1729 2623 1797 Und der Erfolg gibt ihnen recht.
2151 1833 2948 1912 Abendbummel in Amsterdam.
2193 1909 2916 1992 Von Franz Friedrich Oberhauser.
2056 1988 3147 2049 „Avendblad, Avendblad!“ — „Schokolade!“ — „Zi¬
1974 2045 3148 2111 garetten!“ gellt es dem Ankommenden in die Ohren, und im
1976 2090 3147 2151 #tternden, verwischten rötlichen Licht der Bogenlampen wird
1966 2142 3140 2201 er von den Straßenjungen überfallen. Der Nebel hängt schwer
1968 2189 3142 2246 über der Stadt, in dichtem grauen Tüll hängt er um die
1962 2246 3143 2299 Häuser, um die entlaubten Bäume, und die elektrischen
1965 2283 3144 2342 Lampen sind wie südliche, große, leise glühende Lichtfrüchte,
1964 2323 3147 2396 wie flüssige, silberne Tulpen, die ungezählt zwischen den
1964 2371 3141 2444 schweren dunklen Falten der Nacht hängen. Breite, glänzende,
1975 2427 3138 2497 nasse Straßen, Häuser steigen ins Endlose des Nebels, eine
1974 2468 2858 2537 Flut von Licht schlägt in die graue Nachttiefe.
2061 2508 3142 2596 Plötzlich springt eine breite, von vierarmigen Straßen¬
1967 2555 3048 2628 lustern eingekränzte Brücke über die erste Wasserbreite.
2056 2613 3143 2672 Da sind schon die Grachten. Die Grachten Amsterdams,
1966 2653 3136 2724 die Poesie, seltene Schönheit, wie sie jede größere Stadt auf¬
1968 2705 3142 2765 zuweisen vermag. Diese breiten und engen Grachten aus der
1968 2762 3147 2828 ältesten Zeit der Stadt, mit ihrem G.wirr, ihrem Geflecht
1969 2796 3136 2855 von Masten und Segeln und Schiffen und kleinen Booten.
1970 2847 3142 2913 Matte Lichttafeln schwimmen auf der schwarzen Wasserfläche,
1966 2893 3138 2955 manchmal werden sie durch ein eiliges Boot zerschnitten, unter
1967 2943 3141 3008 dem breiten Brückenbogen rauscht es auf, Pfiffe fliegen über
1970 2992 3137 3065 das Wasser brechen sich an den Ufern, fallen aus dem Gewirr
1967 3038 3141 3115 der Schiffe, hängen in der Nebelwelle der Luft oder sind wie
1967 3084 2614 3151 ein dumpfer, tiefer Ton im Baß.
2049 3128 3138 3187 Die Trams tragen ihre handvoll Lichter in die Nacht
1969 3175 3148 3245 davon, in die Straßen hinei, drüben hinter ungezählten
1974 3225 3146 3272 Brücken blühen farbige Blumen auf, wiegen sich auf den
1966 3273 3145 3347 Masten, auf den Spriets, Dückdalben ragen dumpf und hart
1958 3330 2680 3393 zusammengebunden aus dem Wasser.
2043 3366 3140 3438 Glockengeläute fällt in die Nacht herein, von fernen
1966 3417 3140 3465 Türmen, von Kirchen, Stadthäusern. Da hebt sich etwas der
1960 3460 3139 3545 Nebel, ein Wind aus der Zuidersee her fährt hinein, es pfeift
1968 3511 3140 3554 in engen Gassen, winddurchlaufen kommen sie von den Vinnen¬
1964 3560 3136 3606 häfen her, windüberstürzte Plätze öffnen sich, in den zer¬
1961 3606 2763 3661 flatternden Nebeln hebt sich Rembrandt.
2049 3638 3131 3710 Matrosen, Schiffsknechte gehen untergefaßt am Arm
1962 3686 3136 3753 eines dicken drallen Mädchens den Schenken zu. Kinder in
1967 3739 3137 3806 lärmenden Holzklompen tanzen einen klappernden Reigen
1958 3791 3144 3853 zu dem Nationalgesang, Dunkelheit einer Gasse, eines
1962 3844 3137 3899 winzigen Straaties übernimmt den Wanderer, man gleitet
1970 3886 3139 3940 auf Kochabfällen, faulem Obst aus, man entfernt ein großes
1958 3930 3114 3992 schönes Stück Brot an den Rand der kleinen Gasse.
1959 3973 3131 4045 Herrgott, gibt es nicht irgendwo Hunger, eienden Hunger auf
1962 4016 3135 4085 dieser unsinnigen Welt? Ein Junge sieht es, der auf den
1964 4068 3127 4133 Steinstufen eines Hauses sitzt, lächelt und schreit „Och, meneer,
1953 4107 2337 4167 het is de bwestier
2376 4119 3132 4172 .“ aber der Wind reißt die Verbindung
