3392 4352
264 207 2353 308 29. Konoedie der Verfuchnung box 33/6
2258 1211 2390 1291 ke.
2400 1196 2606 1298 Pie e
149 1219 447 1310 Dprzkupesno,
428 1285 3219 1341 wieder verschwunden, dann taucht er wieder auf; mindes. Der Luftschiffsingenieur Wizemann geisterung groß und die Teilnahme ossen¬
162 1289 431 1353 es russischen
421 1335 2558 1434 er ist noch etwa fünf Kilometer von der Halle sagte: Wir haben nach der ersten Aufregung sichtiid.
169 1329 446 1397 Finanzrates
391 1433 1351 1490 Sala und Georg Wergenthin, aller dieser liebens¬
1336 1415 3206 1493 mon wit Don Juan, sondern ein kluger Nutznießer sagt hatte: „... mir erscheini es als schlimmste
417 1476 1350 1554 würdigen Räsonneure und Müßiggänger ist histe¬
1349 1466 3207 1541 der Situation, der Dichter Ambros Doehl, der Untreue, irgendwo auszuharren, während man
418 1516 1354 1603 risch geworden und mit leiser Trauer blicken wir
1348 1513 3214 1591 Modemaler Gysar, Prinz Arduin in österreichischer längst schon anderswo sein möchte,“ erfährt, daß
149 1542 321 1645 ung.
404 1563 1341 1639 zurück. Schnitzler ist der Österreicher alten Stils,
1333 1575 3207 1637 Husarenuniform; aber aus diesem bunten Men= Seraphine ein Kind, sein Kind, erwartet. Aber
162 1613 434 1711 ng im Burg¬
424 1627 1353 1691 dessen Reich vom Wiener Cottage bis zum Karer¬
1346 1631 3204 1697 schenschwarm tauchen zwei Gestalten auf, Träger sie weist sein verspätetes Vatergefühl zurück, wie
417 1675 1346 1740 see und Völser Weiher reichte. Sein Wien ist die
2255 1674 3211 1753 Anna Arosner im „Weg ins Freie“ ist sie auf
1340 1684 2277 1759 des Seelendramas, über alle Liebelei, die sich
158 1698 430 1793 zu den fest¬
418 1724 1344 1780 alte Kaiserstadt mit Gartenfesten und Fiakerfahr¬
1333 1727 3214 1799 hier unter den bunten Lampions des Modena= ihre einfame Mutterschaft stolz. Das Einsame
428 1776 1350 1836 ten, mit den Leutnants und den füßen Mädels
151 1770 435 1842 Der Vorkriegs¬
2261 1775 3213 1835 aller Menschen: ein altes Thema Schnitzlers, wird
1345 1785 2259 1845 parks entfaltet, hinaus: Gräfin Aurelie und Ba¬
430 1827 1352 1882 und vor allem mit den Praktikern und Theore¬
174 1829 427 1890 als Aman¬
2260 1812 3215 1895 am schönsten von Falkenic (zu Aurelie) ausgedrückt:
1334 1836 2267 1900 ron Falkenir, Aurelie hat unter allen Bewerbern
152 1869 1350 1930 weite Land“, tikern der Liebe, denn je reifer diese Kunst wird,
2264 1873 3208 1932 „Mir ist es gegeben, die ewigen Ströme rauschen zu
1346 1886 2272 1960 den alternden Falkenir, den Berater ihrer Jugend
164 1920 1354 1987 ende, die sich desto wortreicher, dialektischer wird sie: von der
2262 1924 3202 1992 hören, die dunklen ewigen Strö#e, die unaufhirlich
1341 1933 2259 1991 gewählt, liebeglühend offenbart sie ihm ihren Ent¬
168 1968 1353 2039 veranstaltete. knappen Dialogfolge des „Reigen“ bis zur vier¬
2267 1977 3207 2041 fließen, von Mann zu Weib, zwischen Geschlecht
1335 1990 2264 2043 schluß. Aber der ernste, frühgealterte Mann zau¬
149 2018 1350 2091 aßen dieselben stündigen, in drei Handlungen mächtig ausladen¬
2268 2033 3212 2094 und Geschlecht. Und das ist, was mich zur Ein¬
1339 2012 2265 2098 dert: er sieht in ihrem Tanz die unbewußte
159 2059 1356 2139 eistreiche und den Komödie der Verführung führt ein Weg keines¬
2266 2066 3207 2131 samkeit verdammt, auch am treuesten, am geliebte¬
1341 2079 2267 2149 Sinnlichkeit und fürchtet die Flamme, die er nicht
168 2115 437 2187 Villenviertel
430 2126 1340 2185 wegs technischer Vervollkommnung, wohl aber in¬
2267 2121 3215 2185 sten Herzen.“ Und als er nach den vielverschlun¬
1333 2125 2274 2183 löschen kann. Falkenir sieht mit dem psychoanaly¬
427 2150 1345 2233 nerer Verdichtung, Kondensierung aller Schnitz¬
170 2165 438 2237 und Frauen,
2270 2172 3214 2236 genen Schicksalen der Nebensiguren am Schluß
1334 2181 2271 2232 tisch geschulten Auge des Dichters das Wild¬
181 2202 441 2288 Dichter der
433 2225 1347 2281 lerschen Problematik. Wir begrüßen alte Bekannte,
2261 2218 3217 2287 wieder auftaucht, nunmehr bereit, die Einsam¬
1347 2229 2272 2286 Erotische, Sinnliche in Aurelie, das denn auch
164 2261 429 2336 Jugendfreund
434 2272 1352 2337 und doch sind sie anders, müder, schwerblätiger,
2260 2263 3204 2350 keit aufzugeben, auch die entseelte, in den Sinnes¬
1347 2257 2273 2349 wirklich ihr Schicksal wird. Es ist wohl auch
422 2327 1347 2380 von Melancholie umschattet, ein Zug von Toten,
155 2307 446 2401 atol“ gekenn¬
2268 2323 3208 2380 taumel herabgezogene Auretie an sein Herz zu
1338 2326 2267 2393 die den Schnitzlerschen Männern eigentümliche
428 2372 1353 2432 wie die Gestalten in Hofmannsthals Drama vom
2269 2361 2443 2436 nehmen
2418 2360 3223 2454 — ist es zu spät: er kann nur mit ihr
1349 2378 2275 2453 Ehescheu, die Angst vor der Verantwortung, die
2264 2422 2646 2494 gemeinsam sterben.
426 2415 1348 2479 Toren Claudio: steht doch am Ende der Schnitz¬
1334 2425 2271 2497 Falkenir verzichten läßt. Und Aurelie, in ihrem
422 2468 1343 2536 lerschen Seelenhistorie, wie wir diese Riesenkomödie
1339 2475 2272 2553 besten Trieb, der sie zum geistigen, überlegenen,
2311 2458 3202 2549 Aber auch die bunte Welt der Figuranten
430 2511 955 2594 nennen wollen, der Tod.
1333 2518 2274 2590 bedeutenden Mann geführt hatte, verletzt, geht
2252 2511 3212 2605 zerstiebt: es ist der 1. August 1914, der Krieg
1342 2558 2279 2645 den Weg nach abwärts: über Max v. Reisenberg
471 2561 1366 2648 Der Anfang ist freilich lebendig genug: ein
2263 2584 3211 2637 beginnt, alles eilt in die Heimat und nur der
421 2599 2271 2694 Gartenfest eines imaginären österreichischen Prin= zum Maler Gysar, der die Frauen, die er be¬
2249 2634 3206 2705 heimatlose Sprößling vieler Geschlechter, Prinz
150 2666 3209 2730 rt und Schnitz= zen, auf dem sich die Personen und Kreise, die besessen, nockt orgiastisch malt. Dazwischen tum= Arduin, fährt auf seiner Jacht ins Unbekannte,
155 2725 449 2786 asanova schritt
438 2713 3202 2792 in dieser Komödie durcheinanderrolten, treffen: meln sich die kleinen Gestalten der Schicksale: vor die Welt der schmucken Paradeuniform versinkt,
151 2772 435 2837 benteurer der
441 2777 3205 2846 der Kammersänger mit seinen Mädels, der Prä= allem der Verführer Max, leer und nichtig, auf der furchtbare Ernst ist da und diese Menschen
439 2825 3203 2901 sident Westerhaus mit seinen Damen, der Juwelier den Trümmern seiner Existenz sorgen= und ge= sind ihm nicht gewachsen: darin besteht ihre
157 2809 448 2885 en in Trümmer
153 2874 441 2939 en wir Disfanz
433 2875 3209 2928 Max von Reisenberg, der Verführer, dam die dankenlos, bis ihn das Schicksal ereilt. Er, der Schwäche, aber auch ihre menschliche Ehrlichkeit,
161 2917 3209 3011 es Herrn von Frauen im schwachen Moment zufallen, kein Dä= zur Tochter des Kammersängers, Seraphine, ge= ihr Charme. Es ist wie Hofmannsthals „Schwir¬
887 2990 1848 3215 #ge #en
2188 3096 2545 3237 1.
