3392 4352
218 179 2290 288 29. Kongedie der Verfuchnung box 33/6
801 766 1391 850 Dr. Max Goldschmidt
755 812 1446 900 Büro für Zeitungsausschnitte
571 852 884 928 BERLIN N4
1090 872 1588 952 Telefon: Norden 3051
877 951 1265 1014 Ausschnift aus:
718 977 1465 1071 Badische Presse, Karlsruhe
1059 1055 1396 1177 3 Nov 1091
1960 1179 2356 1270 S
1751 1256 3032 1319 probe des jungen Grazers Ernst Fischer, „Das Schwert des Attila“.
479 1231 1019 1343 Das Wiener
1026 1256 1335 1351 Musik¬
1749 1301 3059 1362 die leider durch die Art der Wiedergabe um die halbe, ja stellenweise¬
1744 1334 3063 1392 um die ganze Wirkung kam, noch das herzlich schwache und gleich=
1032 1330 1241 1430 und
1222 1246 1720 1443 Theaterfest.
1746 1372 3036 1446 falls ungenügend dargestellte Märchenspiel „Der Agiser im Walde“,
1031 1402 1172 1463 Von
1750 1409 3043 1486 von Walter Eidlitz noch endlich „Die Komödie der Verfuyrung von
626 1442 1554 1522 Hofrat Max von Millenkovich-Morold.
1747 1454 3046 1520 Arthux Schnitzler, in der sich der berühmte und in Wienhochansehene
1741 1488 3034 1552 Verfassel Von füst allen guten Geistern des Theaters und der Dicht¬
788 1502 1400 1577 Schluß und Rückblick.
1745 1528 3044 1593 kunst verlassen zeigt, können als Festvorstellungen im rechten Wort¬
515 1538 1739 1631 Mit einer Volksbelustigung im Nathause, mit Clown und
1738 1566 3048 1655 sinne betrachtet werden. Sie würden auch im gewöhnlichen Spiel¬
432 1595 1745 1677 Kasperl endete das Musikfest. Die letzte „ernste“ Vorstellung war das
1747 1617 2488 1668 plane keinen Anklang gefunden haben.
437 1647 1737 1720 „Volksschauspiel vom Doktor Faust“ im Schönbrunner Schloßtheater
1812 1653 3039 1722 Scheinbar tiefen Widerhall fand das Drama mit Musik „Die
437 1681 1737 1756 Das durch Richard Kralit ebenso feinfinnig als wirksam ernenerte
1735 1689 3025 1754 glückliche Hand“ von Arnold Schönberg in der Volksoper.
441 1716 1724 1802 Urbild des Goetheschen „Faust“ wurde schon vor mehreren Jahren im
1748 1725 3042 1803 Man konnte sagen: ein solcher Erfolg ist schon lange nicht erlebt
435 1756 1728 1833 Akademietheater von der „Wiener Kammerkunst“ aufgeführt. Seinen
1744 1765 3034 1842 worden. Man muß aber auch gleich hinzusetzen: so wenig hat die
1740 1808 3029 1858 aufrichtige Gesinnung der Zuhörer dem äußeren Beifall kaum je¬
427 1793 1743 1884 Zweck und seinen Mitteln gemäß wendete sich dieses Unternehmen
1738 1839 3037 1913 mals entsprochen. Niemand, auch nicht der auf Schönberg einge¬
429 1834 1728 1916 damals hauptsächlich an gebildete Kenner der deutschen Sage und
1742 1877 3031 1943 schworene Teil der günstigen Kritik, konnte aus dem bloß halbstün¬
433 1873 1736 1950 deutschen Schrifttums. Im Nahmen des Musik= und Theaterfestes
1731 1914 3033 1989 digen „Drama“ klug werden, das in leeren Sinnbildern, wozu auch
428 1922 1734 1998 aber hätte das Volksschauspiel, das Kasperltheater, denn doch stär¬
1723 1948 3032 2034 Licht und Farbe verwendet werden die menschliche Tragödie eines
433 1962 1726 2037 ker betont und klarer zum Ausdruck gebracht werden müssen. Statt
1728 1995 3021 2058 großen Künstlers oder herrlichen Mannes aufzeigen möchte, der mit
422 2008 1725 2080 dessen war die Darstellung bei weitem nicht so frisch und kräftig wie
1726 2032 3029 2105 „glücklicher Hand“ Werke, Taten vollbringt und dennoch (weshalb?)
434 2041 1727 2116 in der „Kammermusik“ und die Verpflanzung der gerade in ihrer tra¬
1725 2067 3032 2144 zugrunde geht. Es kommt weder zu packenden Bildern noch zu einem
424 2076 1727 2156 gischen Hälfte wahrhaft volkstümlichen, schlicht=innigen Hanswurstiade
1727 2101 3036 2188 einleuchtenden Sinne. Dasjenige aber, was trotzdem, über allen
438 2117 1725 2196 in das schönste, aber volkstümlichste, höchst vornehmste und eni¬
1726 2148 3029 2207 Nebel der „Handlung“ hinweg, einen starken Theatereindruck erzwin¬
430 2146 1723 2232 legenste Theater Wiens, nach Schönbrunn, schien dem „Volke“ von
1736 2189 3023 2258 gen könnte, nämlich die Musik, ist nicht nur untheatralisch und daher
429 2192 1732 2278 vornherein zu sagen: das ist nichts für dich, während sie dem kleinen
1736 2223 3029 2304 untauglich, sondern auch mit ihrem häßlichen abstoßenden zum
428 2238 1730 2315 Kreise wohlhabender und anspruchsvoller Besucher doch nur einen
1725 2266 3027 2336 Zorn oder Lachen reizenden Gemisch von Sprech= und Singstimmen,
427 2282 1392 2347 unbefriedigenden, sonderbaren Eindruck verschaffte.
1727 2289 3029 2373 Tönen und Klangen, Lärm und Gerausch so ziemlich das Gegenteil
505 2315 1726 2394 An solchen inneren Widersprüchen, an dem Mißverhältnis zwi¬
1729 2337 3018 2407 von allem, was bis jetzt als Musik gegolten hat. Nehmen wir an,
423 2347 1726 2428 schen Absicht und Ausführung, zwischen Möglichkeit und Wirklichleit
1723 2377 3029 2461 daß die Schönbergianer Recht hätten und seine Kunst die Zukunft
425 2397 1721 2476 litt das ganze Musikjest. Vor allem: es war kein Fest, sondern nur
1721 2424 3024 2489 wäre ——. so ändert dies doch nichts an der Tatsache, daß in der Ge¬
420 2440 1724 2516 eine fünf Wochen dauernde ziemlich planlose Folge guter und minder
1726 2455 3030 2523 genwart wenigstens die Besucher der Volksoper nichts damit anzu¬
427 2471 1724 2551 guter Aufführungen, deren Bestes (die Abende in der Staatsoper.
1732 2501 3013 2567 fangen wissen, daß bei der Uraufführung der „Glücklichen Hand“.
424 2511 1727 2599 die Anzengruber=Abende im Volkstheater mit dem Meisterdarsteller
1731 2539 3024 2606 eben nur Verblüffung, die sich schließlich in Zorn oder Lachen löste,
424 2559 1717 2633 Rudolf Tyrolt, Männergesangverein und Schuberlbund und einiges
1719 2565 3015 2645 die allgemeine Wirkung war. Just so allgemein war aber auch das
422 2605 1717 2672 andere) den Einheimischen und Fremden auch sonst jahraus jahrein
1724 2608 3008 2675 Beifalltosen. Schönberg wurde wie ein unbestrittener Meister gefeiert.
422 2641 1718 2704 zum festlichen Genusse dargeboten wird. So hat denn, außer den Be¬
1716 2645 3026 2721 Es wiederholte sich da in gesteigertem Maße, was auch die Urauf¬
422 2678 1721 2747 richterstattern, wohl kein Mensch dem „Feste“ in seiner vollen Aus¬
1726 2685 3016 2759 führungen in den Konzertsälen während des Festes kennzeichnete:
420 2711 1723 2799 dehnung beigewohnt und wie konnte auch wahre Feststimmung, das
1716 2714 3008 2789 daß die fragwürdigsten und anfechtbarsten Stücke am lautesten be¬
419 2754 1719 2835 Gefühl des Außerordentlichen, bei den Mitwirkenden und den Teil¬
1719 2764 3021 2839 jubelt wurden. Nicht, weil sie am besten gefielen, sondern weil ihre
421 2792 1716 2861 nehmern so lange anhalten? Verneint wurde der Begriff des Festen
1715 2785 3018 2877 Urheber und deren Freunde dafür Sorge getragen hatten, daß vor¬
426 2835 1715 2917 aber nicht nur durch übermäßige Länge und die verwirrende Buntheit,
1723 2841 3009 2902 wiegend persönlich eingenommene Anhänger, grundsätzlich verpflich¬
417 2865 1718 2952 sondern auch besonders dadurch, daß das Hauptgewicht von Anfang
1721 2875 3010 2945 tete Gönner, parteimäßige Lobredner und — dankbare Freikarten¬
419 2925 1718 2979 an auf die Uraufführung neuer unerprobter, zum Teil dem Namen
1724 2916 3006 2991 besitzer die Zuhörerschaft bildeten. Unbefangene und ehrliche Be¬
418 2958 1711 3032 nach gänzlich unbekannter Männer und Werke gelegt war. Bei die¬
1720 2953 3013 3033 sucher gab es immer nur sehr wenige. Die Konzerte waren halb
1720 2991 3010 3071 leer und nichtsdestoweniger halb verschenkt. Der Fehlschlag dieses
416 2987 1709 3077 sem wenig Loctenden, Unsicheren, sogar Furcht und Mißtrauen Her¬
1715 3027 3018 3125 eigenartigen „Festes“ soll sich auf eine ungewöhnlich hohe Summe
409 3037 1716 3119 aufbeschwörenden, das schon in den Ankündigungen lag. konnte
1716 3055 1921 3126 belaufen.
421 3086 1721 3155 „wahre Feststimmung“ überhaupt nicht auskommen. Ein Fest soll,
1795 3109 3013 3192 In der Schlußsitzung des Hauptausschusses für das Musik= und
417 3115 1713 3184 auch wenn es sich um Neues handelt, doch stets einer starten Hoff¬
1707 3116 3014 3227 Theaterfest wurden alle hier vorgebrachten Einwendungen und Be¬
407 3135 1719 3235 nung, einer frohen Zuversicht Bestätigung und Erfüllung bringen.
1710 3168 3017 3275 denken wenn auch mit einer gewissen Zurückhaltung — geäußert.
407 3196 1720 3278 Mit der Erfüllung sah es just am schlimmsten aus. Es gab fast nur
1712 3221 3005 3311 Der Festleiter Dr. Bach abe; auch sein Shutzherr, der Bürgermeister,
413 3230 1710 3303 zweifelhafte und unentschiedene Eindrücke, oder — ausgesprochene
1707 3265 3009 3330 ließen sich nicht irre machen: sie bezeich ten die Verluste als uner¬
407 3283 3070 3400 Mißerfolge, so namentlich im Burgtheater. Weder die schöne Talent= heblich, die Festdauer als keineswege zu lang und sich selbst als 19
1753 3570 2195 3632 „gar nicht eigensinnig“.
2246 3572 3051 3658 sie würden daher in Zukunft ganz be¬
1722 3579 2660 3690 stimmt wieder Feste ähnlicher Art veranstalten.
1793 3673 2477 3755 (perharh bonnt„—
