3392 4224
217 182 2288 251 29 Konoedie der Verfuchrung box 33/6
1850 1421 3003 1460 Wan#heit seiner Menschen selbst wenig überzeugt sei. und
1004 1424 1465 1501 Staatstheater.
1852 1454 3003 1493 deshalb verzweifelt nach Worten. schönen, klugen und sehr
1859 1478 2928 1544 kultivierten, aber doch blutleeren Worten ringen müsse.
1018 1482 1474 1566 (Kleines Haus.)
1928 1510 2994 1574 Dr. Burbaum, der die Dichtung sehr sinn= und zweck¬
733 1531 1033 1598 Reichsdeutsche
1027 1538 1815 1608 Uraufführung: Artur Schnitzler:
1847 1553 2995 1604 gemäß bearbeitete, hat das anspruchsvolle Stück glänzend
662 1586 1828 1641 „Komödie der Verführung“. In Szene gesetzt von Dr. Bux¬
1839 1583 3003 1641 bewältigt und namentlich in den Gesells aftsszenen mit ihrer
640 1624 860 1675 baum.
1839 1623 2998 1672 offen zungelnden und versteckt schwelenden Glut stärksten Ein¬
1849 1662 2760 1701 druck erzielt Ein faszinierender Rhythmus
753 1659 1817 1718 Dem verführerischen Titel. der deutlich an den Reigen¬
2762 1663 2990 1710 sorühenden
1851 1698 2997 1744 Lebens erfüllte die Bühne, und das Antlitz einer sittlich stark
648 1705 1817 1751 Schnitzler erinnert. möchte das ausverkaufte Haus guten
1845 1721 3001 1776 ramponierten Gesellschaft starrte geisterhaft in den Raum.
660 1747 1816 1785 Teils zu danken gewesen sein. In der Tat spielt das Eroti¬
1843 1769 2992 1817 Das Räderwerk des Kommen und Gehens, der Frage und
661 1766 1822 1829 sche die Hauptrolle und dominiert auch über Tragik und
1847 1790 2998 1838 Antwort, der Zwischenrufe funktionierte prompt. und der
662 1803 1816 1844 Tod. Die alten Reize gehen noch von dem Dichter aus: in
1847 1828 3006 1877 anmutreiche Dialog wies reizvolle Nuancen auf. Dr. Bux¬
665 1839 1821 1898 dem Stück herrscht wieder die eigenartige Atmosphäre aus
1844 1864 3006 1910 baum. seinem Mithelfer Gerhard Buchholz für dekorative
663 1869 1819 1910 Leichtsinn und Schwermut. aus Lebensfreude und Skepsis.
1839 1904 2993 1950 Bühnenbilder sehr verpflichtet. konnte denn auch am Schluß
665 1903 1811 1964 Er ist noch der seine Stimmungskünstler, der die zartesten
1842 1937 3006 1990 starken Beifall und Zurufen wiederholt Folae leisten. Von
664 1940 1820 1986 Farben und Zwischentöne auf seiner Palette hat. mit fast
1851 1962 2987 2013 den zahlreichen Solisten sei zunächst die Gräfin Aurelie“
664 1965 1822 2017 unbegreiflicher Offenheit und Unbefangenheit Sezuelles ver¬
1848 2001 2997 2047 von Thila Hummel genannt, die sich redliche Mühe gab.
666 2010 1825 2044 handelt und mit großartiger Gelassenheit zeigt, wie die Ge¬
1848 2030 2999 2086 geistiges Verstörtsein auf Grund weitgehender Verhaltnisse
664 2044 1823 2094 sellschaft von sinnlichen Trieben beherrscht wird. Oft sehr
1845 2070 3009 2115 bei nicht lädierter feelischer Reinheit usw. durch eine schwe¬
665 2080 1814 2126 weich und innig. leise und zart: oft auch so, daß uns die
1839 2107 3008 2146 bende Sing=Sprechweise vlausibel zu machen. Kurt Sell¬
664 2110 1822 2154 girrenden und balzenden Menschen fast wie besessen erschei¬
1851 2142 2992 2186 nick. immer an richtiger Stelle, fand sogar für das
667 2139 1829 2190 nen oft so. als ob er die Ansicht feines (medizinischen)
1854 2171 3000 2220 seltsame Gedankengekräusel Falkenirs Ton und Hal¬
665 2175 1821 2230 Kollegen Freud demonstrieren wollte, der jede Gefühls¬
1853 2212 2994 2258 tung und Wolfgang Langhoff war ein Anatol=Typus von
665 2207 1826 2270 regung als abhängig von der inneren Sekretion gewisser
1852 2244 3008 2301 angenehmer Besonderheit. Friedl Nowack ist eine Naive
665 2242 1827 2307 Drüsen bezeichnet. Immerhin ist hier Schnitzlers ureigenste
1848 2279 2996 2321 von weitreichenden Fähigkeiten, deren schätzbarste ist, daß sie
655 2283 1829 2328 Domäne, in der er sich noch immer mit Geist und unnach¬
1842 2312 3009 2358 nichts macht, sondern immer zu sein scheint, daß sie sehr
658 2316 1824 2367 ahmlicher Grazie und einer Konsequenz bewegt. die zuceilen
1849 2351 3000 2385 theaterfern ist. Bernhard Herrmann trug sein prinz¬
657 2348 1823 2395 nicht ohne eine gewisse Größe ist. Aus Gründen des Kon¬
2874 2382 3007 2435 und
1853 2375 2884 2421 liches Ordensband mit salopper Selbstverständlichkeit.
664 2383 1823 2434 trastes, vielleicht auch, weil er dichterisch tiefer greifen
1849 2407 3000 2459 Aug. Momber war ein sehr dämonischer Maler: außer den
664 2426 1830 2468 wollte. hat er nun in den amoureusen Betrieb die tragische
1843 2452 2999 2488 Genannten war fast das gesamte künstlerische Personal auf¬
687 2456 1828 2503 Evisode von Aurelie und Falkenir eingebaut. Mit wenig
1853 2486 2996 2529 geboten und vereinigie sich zu einer sehr noblen und
664 2480 1828 2533 Glück. Aurelie wählt von drei Bewerbern diesen Falkenir
1840 2514 2999 2560 disziolinierten Gesamtleistun; die rückhaltlose Anerkennung
665 2520 1828 2571 mit schönen Worten, die sie als offenen gereiften Menschen
1852 2552 2998 2600 fand. Im ganzen ein Abend, der die Inszenierungs= und
657 2552 1823 2601 erkennen lassen. Faklenir lehnt ab mit der Begründung,
1847 2586 2993 2635 Schausvielkunst unseres Staatstheaters auf erfreulicher Höhe
655 2577 1827 2630 daß er sie beiser als sie sich selbst kenne. Kurz, daß sie dem
1851 2624 3000 2683 und den Prozeß der schon längere Zeit währenden Schnitzler¬
653 2622 1822 2674 rauschenden Leben gehöre und nicht einem allein. Er ent¬
2845 2662 2933 2711 a.
663 2673 1824 2706 vuvot sich mit dieser Entscheidung, die eine Marotte ist, als
1838 2659 2547 2716 Dämmerung unzweideutig nachwies.
662 2691 1826 2737 Kauz. voll unverkennbarer Ahnlichkeit mit dem melancholi¬
665 2725 1821 2771 scen Junker von la Mancha. Aber sein salomonisches Urteil
658 2766 1832 2807 hat die verhängnisvo##e Folge, daß Aurelie den Weg. den er
661 2792 1835 2840 als den ibrigen bezeichnet geht und umgehend einige frag¬
664 2828 1823 2881 wurdige Beziehungen anknupft. Als Falkenir sieht, was
667 2873 1815 2928 er angerichtet hat. lenkt er ein und bietet Liebe. Heim,
660 2901 1829 2945 Name. Er hält der (ziemlich veinlichen) Konfrontation mit
663 2926 1834 2975 Geliebten Aureliens ehern stand, und fast scheint ein neuer
651 2951 1833 3007 Liebesfrühling zu erstehen. da stürzt sich Aurelie ins Meer
657 3006 1816 3047 und. was soll er anders tun, er ihr nach. Diese ganze
665 3033 1828 3082 Enisode bleibt rein rhetorisch, ertüftelt: nicht einen Moment
668 3066 1826 3113 kann man an die Gestaltung einer dichter'schen Vision. kann
661 3100 1830 3153 man an die geniale Witterung eines Künstlers glauben;
664 3148 1831 3188 man lugt vielmehr dem Verfasser in die Werkstatt, gewinnt
653 3169 1838 3225 mehr und mehr den Eindruck, daß Schnitzler von der inneren
