3344 4352
243 226 2322 318 29. Konoedje der Verfuehnung box 33/6
2663 986 3039 1079 —0 eingelieserr
741 1025 3047 1135 nragzen Siits, deren Freunde so ungalant waren, ge= = und eines mußte man sogar die erste Nacht hindurch bei
739 1099 1101 1174 S
1885 1156 3030 1218 matologische Abteilung gäbe, wäre die Liebe das populärste
1124 1151 1506 1271 Theater.
1890 1201 3037 1277 Wiener Gesellschaftsspiel. Aber es zeigt sich, daß Arthur
1891 1253 3030 1327 Schnitzler älter geworden ist, und anfängt, nachzudenken.
997 1249 1587 1342 Von Hans Liebstoeckl.
731 1239 893 1363 2
564 1269 746 1361 9
1894 1309 3039 1368 „Bettauers Wochenschrift“ und die psychoanalytische Litera¬
1885 1354 3027 1431 tur haben das Problem bedauerlicherweise arg kompliziert.
819 1365 1875 1454 Das Käthchen von Heilbronn hat mir einen Brief
1883 1390 3028 1464 Es flitzt jetzt nur so von verdrängten Komplexen, und ein
729 1447 1874 1501 geschrieben: nach mittelalterlichem Brauche auf der
1882 1437 3039 1522 Kollege hat sogar behauptet, daß Schnitzlers neuestes
718 1499 1863 1560 Schreibmaschine. Das Käthchen von Heilbronn behauptet,
1876 1488 3036 1561 Burgtheaterstück einen Fall von „Erlebnisangst“ bedeutet.
718 1544 1875 1604 eine Stenotypistin zu sein und mich sehr zu verehren, doch
1889 1541 3035 1617 Zwei gehen in's Wasser, weil sie sich vor der großen Liebe
1874 1583 3039 1664 fürchten. Was mich betrifft, so bin ich in dieser Wissenschaft
727 1584 1866 1652 hat es allerhand Eintände gegen den Grafen Wetter vom
1871 1637 3026 1724 zwar nicht unbewandert, aber doch stark genug geblieben,
717 1644 1862 1709 Strahl. Der Graf bin ich: ungeheuren Kowet wälzt diese
1870 1687 3017 1743 nicht hereinzufallen. Seit der Erfindung des Unterbawußt¬
731 1695 1864 1754 holde Klapperschlange auf mein Haupt. Sie kann gar nicht
1869 1721 3029 1809 seins und der Kindheitserinnerungen ist die ganze schöne
719 1744 1860 1804 begreifen, daß ich einen Zeitungsroman schreibe, daß ich
1883 1781 3023 1852 Erotik gründlich ruiniert. In den ersten Kuß mischt sich
726 1791 1871 1859 im Kabarett auftrete und daß ich nichts gegen die Reklame
1875 1822 3032 1913 das Gift verdrängter Komplexe, und die schöne alte Liebe
726 1848 1865 1905 unternehme, nichts gegen den Weihrauch, der mir gestreut
1875 1875 3029 1960 wird schließlich nichts, als eine grandiose Fehlleistung.
718 1893 1852 1964 wird. Was soll ich dir erwidern, Käthchen? Kann ich
1868 1929 3025 2005 Auch an Schnitzlern ist diese neue Lehre nicht spurlos vor¬
716 1943 1855 2012 dafür, daß man wieder ehrlich arbeiten muß, und die
1862 1971 3016 2059 beigegangen, und ich bin fest überzeugt, daß der Falkenier
717 2001 1862 2046 Börse pleite ist? Kann ich die Zeiten ändern, darin wir
1866 2025 3017 2090 und die schöne Aurelie nur deshalb in den Tod gehen,
708 2046 1847 2115 leben, du und ich? Ich schreibe, und du tippst. Sei mir
1868 2073 3019 2154 weil sie zu viel psychoanalytische Bücher gelesen haben. Die
704 2099 1465 2179 versöhnt und laß' uns woiterziehen!
1870 2122 3013 2199 beiden Helden der neuen „Komödie der Verführung“ sind
1869 2162 3012 2251 einig: Sie lieben sich über alles; Falkenier hat ruhig zur
1236 2184 1340 2260 II.
1868 2219 3009 2291 Kenntnis genommen, daß Aurelie in der Zwischenzeit mit
803 2252 1865 2325 Von Zeit zu Zeit seh' ich den Schnitzler gern. Viele
1872 2266 3010 2351 anderen Umgang pflog. So ist also doch alles in Ordnung?
696 2312 1860 2377 Fäden verknüpfen mich mit ihm, auch bin ich ihm äußer¬
1867 2316 3001 2388 Nein, nichts ist in Ordnung! Man stirbt, weil man sich liebt,
709 2359 1851 2422 lich, so sagte man, ähnlich, und seit unser armer Freund
1859 2361 3013 2444 man liebt, weil man daran stirbt. Arthur Schitzler brei¬
707 2414 1846 2462 Leo Feld tot ist, gibt es nur mehr zwei Schnitzler in Wien,
1865 2414 3010 2497 tet ein schwarzes Leichentuch über die Liebe. Er endet als
698 2468 1857 2531 den wirklichen und mich. Auch seelisch bin ich ihm gut,
1863 2463 3011 2544 Skeptiker, er kann nicht weiter, die rauhen Dinge des Lebens
697 2509 1856 2566 und er braucht nur ein wenig mehr an die Geister zu
1858 2505 3003 2587 zerstören den Reiz der Liebe. Ich finde, daß dieses Stück
709 2555 1851 2618 glauben, als die Dichter es sonst zu tun pflegen, so würde
1862 2562 3002 2620 nicht wahr ist, weil es nicht aus den inneren Notwendig¬
699 2610 1847 2665 zwischen ihm und mir volles Einverständnis herrschen.
1861 2609 3007 2691 keiten der Seele hervorgeht. Aller Liebe Reiz und Schönheit
706 2661 1862 2715 Arthur Schnitzler ist ein Dichter der Liebe und speziell
1862 2658 3002 2722 ruht just darin, daß sie vorübergeht, daß sie nicht für die
699 2689 1856 2763 jener seinen Sorte von Liebe, die in dieser Stadt beson¬
1849 2703 3009 2774 Dauer geschaffen scheint. Darum ist die Ehe nur die tiefere
701 2738 1852 2812 ders gut gedeiht. Er hat das süße Mädel, richtiger, das
1850 2738 2996 2837 Oktav der Liebe, darum gibt es diesen ganzen Ehe¬
714 2794 1845 2860 süße Mädel hat ihn erfunden, und wenn auch nicht mehr
1862 2804 2993 2885 jammer, davon in allen Zeitungen der Welt täglich zu lesen
703 2849 1857 2893 von diesem süßen Mädel gesprochen wwird; es lebt noch, es
1846 2857 2988 2922 ist, und der in allen Gegenden vor Gericht steht. Nach den
710 2896 1843 2963 ist da, mit seinen blauen Augen, seiner reizvollen Gestalt,
1842 2898 2988 2986 alten Geheimlehren waren einst alle Menschen eingeschlecht¬
705 2942 1856 3010 seinem Bubikopf und allen den hübschen Sachen, auf die
1848 2948 2984 3031 lich, sie konnten sich aber als solche vollkommene Wesen
702 2994 1850 3063 der Schnitzler und ich so großen Wert legen. Alle die
1849 3012 2988 3069 nicht behaupten und zerfielen später in zwei sehr ungleiche
705 3039 1841 3096 Stücke, die Schnitzler dem süßen Mädel zu Füßen gelegt
1851 3040 2993 3117 Teile. Nun handelt sich's darum, daß man just den Teil
695 3088 1842 3146 hat, haben die holde Harmlosigkeit dieser entzückenden
1855 3091 2987 3174 findet, der einem vom Anbeginn an zugehörte. Man findet
696 3145 1838 3207 Donanortschaft, welche Wien heißt und nach der man
1859 3149 2990 3214 ihn fast nie, aber das Suchen ist halt reizend. (Und es macht
687 3191 1846 3254 ewig zuständig bleibt. Ich habe schon einmal an dieser
1851 3200 2984 3270 gar nichts, wenn sich zwei Falsche erwischen.) Passiert es
704 3239 2982 3322 Steile gesagt: wenn es keine kleinen Kinder und keine der= aber einmal, daß die Richtigen zueinander kommen, läßt sie
3030 1174 3318 1235 der Schnitzle
3048 1219 3323 1285 ihm. Er vers
3038 1268 3325 1338 übersiedelt au
3033 1316 3321 1383 Thüvingen,
3037 1370 3318 1451 Wartburgthe
3038 1419 3304 1478 Bahr wird
3054 1459 3317 1542 öffnen und R
3127 1604 3320 1699 Die Ko
3032 1664 3319 1747 eine russische
3036 1728 3317 1802 sie verliebt si
3035 1775 3318 1839 sondern der
3029 1829 3324 1896 wiederum zu
3027 1868 3324 1959 hat. Der Fra
3032 1928 3317 1992 ungefähr wie
3023 1969 3312 2045 tüchtige Pole
3036 2020 3331 2100 obert, und er
3030 2068 3327 2144 die Theaterdir
3022 2119 3317 2186 heit angenomm
3020 2164 3320 2238 zahlen. Es sch
3024 2223 3316 2291 änderter Forn
3017 2268 3326 2330 unter der Ue
3010 2316 3324 2385 aus den Trün
3009 2362 3326 2435 volle Wort, un
3020 2416 3323 2482 Im dritten A
3012 2462 3315 2534 russische Gräfi
3016 2512 3314 2593 genug, auf da
3011 2565 3323 2637 Balalaika und
3013 2611 3320 2688 Wien hat jetzt
3004 2666 3328 2725 weniger wir vo
3007 2711 3321 2776 Aber ich glaub
2999 2762 3325 2826 sondern daß die
2996 2806 3324 2877 geschichte ausge
3002 2855 3316 2927 sich noch und I
3005 2903 3315 2975 ausgezeichnete
3006 2956 3329 3031 junger Komöd
2989 3002 3327 3075 Bonvivant fehle
3001 3059 3324 3126 vivants sind üh
2993 3102 3330 3176 das Stück insze
3005 3151 3328 3235 führte, weiß die
2999 3199 3302 3287 abringen läßt.
