3392 4256
1236 362 1463 444 miener
848 417 1791 571 — Allgemeine Zeitung
1356 555 2251 627 Gilda, die Tochter des Hoteldirektors von
723 575 1071 659 CABAREr
1347 606 2256 682 Gillelaije besitzen, aber der Donnerschlag des
858 639 1260 729 ISSIAU
454 639 739 724 SIAP
1359 668 2262 719 Krieges, der im August 1914 Europa durchzuckt,
1267 670 1339 743 2
271 669 366 770 2
469 689 1075 751 DIIEITION: KARLN
1358 708 2077 769 macht diesem Liebesreigen ein Ende.
486 705 1336 807 WOLLZEILE SZ TELEFON 76-4.-54
1442 727 2258 819 Indessen ist Aurelie auch die Beute des
1366 777 2258 865 Malers Gysar gewesen. Er hat sie in seinem
490 790 1298 850 ROLF RONAV konferiert im Oktober:
1355 834 2258 895 Garten nackend gemalt, wie er vorher Julia,
469 845 1346 927 LLse BOUS Huge BENTAUER
1361 888 2259 937 die Gattin des Bankdirektors gemalt und be¬
471 913 1327 973 ROSL. BERNDT  MIZZN DNESSEL
1360 923 2260 986 sessen hat, dieselbe Julia, die früher des
120 949 261 1040 che.
1363 973 2258 1031 Prinzen Arduin Geliebte war und die ihren
504 969 1320 1035 ANS NORER -AUL. FOERSTEN
1359 1009 2267 1072 Mann jetzt mit dem Staatsanwalt Braunigl
465 999 1344 1097 LOREF NODRLI MAR-AR OBETKOUHIN KOLATSIEKOFSKT
113 1024 432 1089 tien des Opern¬
1354 1068 2252 1128 betrügt. Es ist nicht zu sagen, wie diese Gesell¬
470 1074 1334 1134 Kerten in alen Kartenburesus u. o. G. Tageskasse, I., Wolze 1e—4
126 1073 426 1140 Woche lautet:
1361 1111 2272 1164 schaft ineinander verfitzt und verwühlt ist.
182 1121 427 1176 „Tosca.“
482 1140 674 1195 Ab 11 Uhr
718 1114 1332 1194 StBAPL-DIELR 2b 1 Uhr
1355 1152 2261 1215 Eingeschachtelt in das Drama der Aurelie,
128 1150 439 1234 Piccaver, Herr
715 1177 1091 1224 Leitung: Rolt Ronay
1370 1196 2270 1257 findet sich der sanfte Roman der Seraphine,
674 1201 1119 1261 COLLMBIAN- IA2Z
126 1215 306 1282 nberger.
471 1214 1308 1295 aus der britischen Reichsausstellung in Wembley.
1365 1244 2257 1297 der jungen Geigerin, die von ihrer Liebesnacht
122 1247 439 1313 tober: „Die
515 1280 778 1348 Elntritt frei!
995 1285 1276 1348 Zivlle Preise!
1359 1290 2264 1337 mit Max ein Kind unter dem Herzen trägt und
125 1293 446 1364 Vera Schwarz,
709 1292 1094 1360 und WEIDE kocht!
1353 1334 2259 1387 beglückt ist. Ferner das Schicksal der Julia,
125 1340 441 1403 Herr Tauber,
1359 1377 2270 1421 die ihren Schwager liebte, im Begriffe steht,
126 1388 443 1460 r Renner, Herr
971 1393 1301 1473 Uhr früh !
1359 1419 2262 1484 Sängerin zu werden, gleichfalls dem Max ange¬
471 1389 971 1504 Heute bis 2.
118 1436 260 1497 berger.
473 1454 816 1512 Aunt mmmmmttmimm
916 1462 1349 1521 Mnrmmemhnunn
1364 1461 2267 1519 hört hat und das Stück mit dem zweiten Lieb¬
134 1462 431 1542 (in italienischer
1355 1513 2255 1563 haber verläßt. Eingesügt ist die Tragödie der
307 1528 440 1583 Herr
129 1528 227 1578 auK
1359 1559 2259 1609 Julia und ihres Gatten, des Bankiers, den der
444 1537 1358 1626 ruhigen, zum Wohlwollen geneigten Art des
341 1571 437 1644 Herr
127 1571 202 1638 Dir
1362 1604 2270 1663 Staatsanwalt Braunigl „ohne rechtlichen
449 1600 1352 1664 Schauens, mit seiner subtilen Kunst des
1362 1635 2270 1691 Grund“ verhaften läßt, nur, weil Julia ihn
450 1644 1355 1704 Formens gezeigt, wie viele interessante, kom¬
340 1636 431 1713 n.“
1357 1684 2268 1745 dazu antreibt, weil sie für eine Weile frei sein
445 1690 1343 1753 plizierte, reizvolle Individualitäten dieser Ge¬
324 1700 434 1779 über,
458 1735 1354 1797 sellschaft Prosil und Charakter geben. Seine
1367 1737 2270 1803 möchte. Aber der Bankier ist ein ganzer Kerl.
451 1773 1346 1822 Werke werden auch für spätere Epochen auf¬
1348 1774 2259 1826 Er hat sich über seine Frau nie Illusionen ge¬
284 1777 435 1854 Köni¬
446 1823 1360 1887 schlußreich bleiben, da sie ein großes Bild des
1353 1816 2267 1885 macht. Sie ist von ihm gekauft worden. Fertig.
227 1835 436 1898 unn, Frau
445 1879 1351 1923 alten Oesterreich, genauer: des alten Wiens,
1363 1868 2274 1934 Es kann gar kein „reinlicheres Geschäft“ geben,
243 1881 439 1942 Fischer¬
441 1908 1355 1974 entwerfen und ebenso mustergültig sind für die
1367 1916 2259 1968 wie er sagt. Das ist seine unsentimentale Auf¬
167 1920 434 1994 rr Markhoff
452 1955 1072 2023 Literatur bis zum Jahre 1914.
1362 1958 2262 2017 jassung von der Liebe, eine Auffassung, die ihn
1363 2008 2258 2063 aber doch nicht vor dem Verzweiseln schützt.
538 1996 1354 2080 Diese Komödie, die im Frühsommer 1914
143 2000 440 2078 ber: „Das
1362 2054 2262 2105 Er weiß ferner, daß ein Mann in seiner
205 2054 442 2120 rau Achsel,
441 2041 1350 2122 spielt, und mit Kriegsbeginn endigt, kann in
1367 2095 2262 2147 Stellung rettungslos verloren ist, wenn er ein¬
446 2103 1349 2182 diesem Zusammenhang als ein bedeutungsvoller
213 2110 434 2168 erger, Herr
1358 2141 2261 2201 mal, berechtigt oder nicht, verhaftet wird. Und
448 2151 1060 2221 Schlußpunkt betrachtet werden.
246 2152 441 2221 Markhoff,
1351 2184 2275 2241 wie es, unberechtigt dazu kommt, knallt er sich
531 2187 1344 2269 Sie bringt im Gartenfest des ersten Aktes
1361 2225 1633 2292 eben nieder.
125 2212 250 2297 ober:
286 2228 436 2302 „Die
442 2243 1358 2301 eine ganze Fülle von Figuren. Als wichtigste
1443 2243 2270 2325 Aurelie ertränkt sich im Meer, in den Tod
157 2277 429 2348 Frau Weidt,
447 2301 1354 2358 Gestalt die Gräfin Aurelie, die von ihren drei
1353 2302 2262 2374 begleitet von dem einzigen Mann, den sie wahr¬
144 2335 279 2406 hubert,
298 2334 434 2399 Herr
447 2341 1348 2401 Bewerbern den ältesten wählt, den Baron
1363 2364 2263 2415 haft geliedt hat, von dem sie wahrhaft geliebt
443 2391 1356 2449 Falkenir, indessen sie den jungen Prinzen
1361 2408 2269 2458 wurde und dem sie niemals zu eigen war; von
445 2420 1348 2489 Abuin, ihren Jugendgespielen, und den be¬
1364 2445 2275 2511 Fauenir. Aurelie, die zwei Männern nach¬
158 2443 234 2522 kl
316 2442 434 2523 sche
447 2475 1343 2533 rühmten Dichter Ambros Doehl verschmäht.
1368 2498 2271 2543 einander sich hingab, die in den Tiesen ihres
132 2486 223 2567 Ba
302 2510 423 2570 nne.“
441 2516 1349 2572 Aber Falkenier, der tiefer in dem Inneren
1365 2539 2266 2592 Blules und in dem Bird, das Gysar von ihr
278 2551 444 2613 Serva
130 2550 271 2613 „La
443 2566 1344 2626 Aureliens liest, gibt das geliebte Mädchen noch
1363 2589 2266 2637 gemalt hat, die unstillbare Begierde erkennt, die
116 2597 443 2666 rau Schumann,
444 2612 1344 2665 am selbigen Abend frei. Und Aurelie fällt noch
1367 2631 2265 2686 auf dem Grund ihres Wesens almet und die
136 2644 447 2706 ssan.“ Frau
448 2658 1359 2703 am selbigen Abend in die Arme des jungen
1366 2672 2266 2731 ihr edieres Selbst immer wieder überwälnigen
121 2673 441 2759 orbert. Dirigent
455 2693 884 2758 Max von Reisenberg.
1364 2719 2267 2773 wird, mag nicht leben, mag dem Manne, den
538 2724 1349 2815 Ja, in der „Komödie der Verführung“ ist
1365 2768 2060 2818 sie liebt, nicht das Dasein vergisten.
132 2761 254 2836 ober:
281 2772 445 2837 „Der
456 2774 1365 2851 Max von Reisenberg der Verführer an und für
1444 2798 2263 2867 So reich an Figuren dieses Werk auch ist,
242 2815 441 2888 Dirigent
132 2825 224 2881 n.“
451 2838 1351 2888 sich. Andere sind es nur so nebenher, nur wenn
1366 2852 2266 2913 es fehlt darin die Gestalt ganz einfacher, un¬
448 2885 1346 2949 die Stunde, die Gelegenheit ihnen zu Hilfe
1361 2901 2261 2961 differenzierter, an Geld, wie an Geist armer
452 2928 1350 2991 kommt. Aber Max ist die Verführung in Person.
1369 2940 2269 3001 Leute, und es fehlt das Mädchen, fehlt der
458 2973 1348 3022 Er ist hübsch, er ist jung, er ist liebenswürdig.
133 2943 386 3039 die der
1369 2988 2275 3046 junge Mann, die durch Liebe, sehit das Ehe¬
456 3008 1359 3068 sogar seelenhaft, gutmütig und brav. Aber er
1369 3042 2270 3094 paar, das durch die Ehe glücklich wurde. Ist
451 3055 1359 3109 hat kein Gewicht und keine Wichtigkeit. Die
1364 3087 2236 3137 dem Dichter das Glück der Einsachen zu
117 3089 411 3165 rlag, Berlin.
447 3102 1350 3165 Frauen spüren an ihm die Erfüllung ihrer
1374 3113 2264 3181 dumpf? Glaubt er an das Glück, das die Liebe,
140 3140 409 3205 Burgtheater.
461 3149 1353 3197 Sehnsucht und sie spüren, daß Max sie nicht
1373 3169 2268 3230 an die Harmnonie, die eine Ehe gewähren kann,
145 3191 446 3252 des Abschieds,
453 3190 1353 3240 quälen, ihnen niemals häßliche Szenen bereiten,
1374 3213 2272 3269 so gar nicht? Jedenfalls hat er es verschmäht,
140 3229 435 3290 t. Der seltsam
457 3220 1349 3292 ihnen nie das Leben verbittern wird. Sie
1361 3256 2279 3330 seinem großen Gemälde durch solche Typen
148 3278 435 3335 den diese drei
439 3282 1350 3333 nehmen ihn, sie sinken in seine Arme, fast willen¬
1367 3301 2273 3365 Vollständigkeit zu geben. Nicht aus Nach¬
136 3313 437 3384 ersten Mal im
446 3320 1350 3373 los. Für eine Nacht, für zwei, drei Nächte. Er
1373 3339 2276 3405 lässigkeit. Gewiß nicht. Denn seine Meisterhand
135 3362 449 3435 im „Zwischen¬
444 3371 1355 3427 ist immer begeistert, immer in den Augenblick
1362 3392 2273 3457 hätte ein paar Figuren mehr leicht und rasch
134 3408 442 3464 mödie der Ver¬
441 3415 1350 3471 und in die Augenblickliche restlos verliebt. Und
1367 3438 2278 3496 geformt. Er hält also sein Gemälde für voll¬
152 3450 442 3525 hier beherrscht
443 3448 1364 3517 er geht, ohne Vorwürfe, wenn sie ihn dann
1370 3475 2268 3540 ständig. Aus diesem Werk schimmert eine große
450 3486 1354 3554 bald wieder verabschieden. Er bleibt der
1370 3527 2273 3577 Dichterkunst. Aber auch ein ebenso großes Ent¬
450 3521 1356 3592 Freund von allen Frauen, aber von keiner der
133 3524 450 3606 Tanzmusik und
1362 3554 2281 3623 täuschtsein. Die Menschen, mit diesem letzten
454 3578 1365 3638 Geliebte. Er hat die Kraft, alle Weiber zu ver¬
141 3576 445 3643 ein und endigt
1372 3606 2278 3670 Schluß der Weisheit entläßt uns das Stück,
455 3626 1353 3687 führen, doch er hat nicht die Gabe eine einzige
142 3627 445 3682 einem Wiener
1361 3656 2267 3711 die Meüischen sind edel, begabt, klug, wertvoll,
140 3662 441 3728 Wohltätigkeits¬
463 3661 1353 3724 festzuhalten. Und er weiß es selbst nicht, was
1368 3696 2279 3756 aber die Liebe korrumpiert sie alle, daß man
452 3713 1145 3779 seine Gefährlichkeit nur noch erhöht.
141 3715 442 3771 itzler der Schil¬
1364 3745 2269 3800 Niemandem vertrauen kann. Die Liebe ist eine
534 3727 1353 3806 So besitzt er nach Aurelie, die ihm bald
135 3755 441 3811 dramatiker der
1372 3794 2264 3844 im Grunde unwichtige Sache, die man viel zu
127 3801 446 3866 rnur reichen
435 3795 1357 3853 den Laufpaß gibt, Serophine, die Tochter des
1372 3833 1485 3891 sehr
1477 3832 2282 3898 überschätzt, aber sie ist dennoch fähig,
455 3824 1356 3908 alten Kammersängers Fenz, und er besitzt
147 3847 443 3903 s in fast allen
1368 3883 2239 3935 jedes Lohen bis in die Wurzeln zu zerstören.
452 3878 1353 3949 Judith, die S###ägerin des Bankdirektors
131 3885 444 3945 und der „Lie¬
1444 3924 2276 3968 Dieses Werk, dessen größte Schönheit der
454 3927 1354 3990 Westerhaus, die hren Schwager verliebt war,
132 3926 443 3992 chauspiel „Das
1365 3948 2263 4032 Schimmer von Pocsie ausmacht, der darüber hin¬
139 3977 447 4033 icht eben über¬
456 3971 1369 4031 der sich totgescheiten hat und die aus den
1676 4007 2266 4071 schreitet langsam, scheinbar
457 4018 1368 4069 Armen Maxens, mit dem Prinzen Arduin
170 4011 450 4074 durch seine
1371 4007 1664 4073 gebreitet ist,
142 4049 2274 4119 hat mit seiner! davonfährt. Er würde auch noch die kleine schlendernd, mit einer Last von novellistischem
2341 412 3063 507 Samstag, 11. Oktober
2269 554 3170 633 Beiwerk beladen, vorwärts, und gelangt den¬
2274 626 3180 681 noch, unversehens, zu hohen Gipfeln drama¬
2261 667 3169 717 tischer Wirkung. Die einzige, optimistisch ge¬
2276 709 3172 760 sehene Gesalt, die es enthält, ist der alte
2276 758 3182 820 Kammersänger Eligius Fenz. Ihm geht es wie
2268 798 3179 850 dem greisen Maler Hokusai, Japans größtem
2263 850 3171 895 Künstler, der mit neunzig Jahren sagte: „Jetzt
3122 881 3166 921 7
2277 891 3159 952 wüßte ich, wie man eine gerade Linie zeichnet.“
2270 931 3176 982 Eligius Fenz, der kaum noch Stimme hat,
2268 976 3176 1032 meint, er wüßte jetzt erst, wie man den Don
2261 1011 3175 1066 Juan singen müsse. Und er fährt, trotz seiner
2269 1051 3196 1138 grauen Haare fort, wenigstens im Leben
2279 1109 2914 1168 fröhlich der Don Juan zu sein.
2354 1134 3174 1206 Kein anderer Dichter ist von der Kritik,
2277 1185 3177 1260 von der großen Schar seiner Verehrer so oft
2263 1239 3184 1284 und so eindringlich gebeten worden, ein Lust¬
2270 1279 3175 1343 spiel zu schreiben. Kein anderer besäße so wie
2267 1316 3186 1381 Arthur Schnitzler die kostbarsten, seltensten und
2275 1362 3189 1436 feinsten Gaben dazu. Das beweist auch die
2276 1420 3182 1481 „Komödie der Worte“ wieder, die heute abends
2263 1448 3182 1521 im Burgtheater zur Uraufführung gelangt,
2271 1509 3190 1571 diese meisterliche Komödie „die bis zum Rand
2277 1556 3188 1608 mit echten Lustspiel=Elementen erfüllt und
2269 1585 3185 1672 dennoch wieder fast zur Tragödie geworden ist.
2734 1644 3134 1713 Felix Salten.
2274 1732 3190 1820 Korff im Modernen Theater.
2353 1820 3182 1882 Die „Komödie der Worte“ ist frisch wie
2273 1864 3194 1931 am ersten Tag; sie ist unvergänglich, weil sie
2269 1904 3199 1970 zu den Stücken gehört, wo das Theater bloß
2281 1958 3200 2013 eine Form, der Inhalt aber Ewig=Männliches
2271 2000 3192 2061 und Ewig=Weibliches ist. Dies hindert natürlich
2268 2046 3189 2107 nicht, daß eine Zeitgenossin vor Beginn fol¬
2285 2087 3190 2147 genden hier wörtlich wiedergegebenen Aus¬
2283 2137 3189 2192 spruch tat: „Daß der so gern hat, dieser
2277 2178 2746 2246 Schnitzler, so Einakter.“
2365 2214 3197 2291 Korff ist als Dr. Eckold am wenigstens
2273 2269 3192 2332 überzeugend; die Baritonrolle liegt dem teno¬
2281 2318 3197 2379 ralen Charakter seines Spieles nicht ganz.
2278 2358 3194 2419 Dennoch besteht auch hier schon seine dem Leben
2274 2412 3198 2464 abgelauschte unkomödiantische Leistung. Sein
2284 2456 3195 2512 Staufner aber und vor allem sein Herbot sind
2275 2488 3194 2554 ganz ausgezeichnete Erscheinungen der Gestalt
2276 2544 3197 2598 Korffs, der immer sich spielt, weil er so wenig
2282 2584 3196 2642 „spielt“. Von den drei Damen Rhode,
2275 2632 3191 2692 Bukovics und Lvovsky ist diese die
2280 2677 3190 2735 beste, weil man ihre Persönlichket fühlt. Die
2275 2721 3199 2780 Herren Rhoden und Jensen sind die
2282 2770 2782 2838 männlichen Gegenspieler.
2323 2819 3108 2999 GERSTHOFER
2465 3003 2984 3091 .Haisese G. 6. 75-4-34
2486 3109 2979 3173 TAGLICE ½8 Uhr abenos
2531 3155 2942 3232 Quartett Pranz
2553 3219 2928 3282 mit seinen Sängern
2487 3261 2909 3336 Amalie Nagl
2562 3315 2945 3376 Eintrift frei!
2470 3361 2975 3422 Ausschank v. erstklassigen
2477 3399 2979 3459 olfenen Weinen, exquisite
2336 3382 2447 3476 *
2484 3434 2977 3479 Rüche :
2365 3538 3194 3617 (Risa Hanussen=Steinschneider) hat die
2281 3595 3192 3663 „Hölle“ übernommen. Eine Neuigkeit, die ge¬
2289 3642 3197 3710 wiß für die große Zahl ihrer Anhänger und
2281 3692 3192 3739 Freunde eine angenehme Ueberraschung be¬
2271 3731 3195 3789 deutet. Die Umsicht und die Energie, mit der
2288 3782 3186 3857 Frau Hanussen die „Hölle“ verwaltet, wird
2283 3824 2965 3897 auch den erhofften Erfolg bringen.
2375 3855 3196 3926 Der humanitäre Geselligkeitsklub „Olym¬
2289 3922 3189 3993 pia“.), Stifter des Blindeninstituts auf der
2286 3946 3197 4022 Hohen Warte, beginnt Sonntag, den 12. d. M.
2289 4009 3197 4075 im Café Prückl, 1. Bezirk, Wollzeile, um 8 Uhr
2279 4057 3085 4112 abends, seine wöchentlichen Klubabende.
2793 4078 2843 4146 —
