3344 4352
191 177 2270 279 29. Konoedie der Verfuchnung box 33/6
1717 1178 2932 1245 schaftsspiel ab; aber einige, nicht ganz unwesentliche Fasern ihrer
1713 1207 2946 1288 Nerven sind darin verstrickt, und zeitweilig sinkt sie in der Um¬
582 1188 1598 1315 Komödie der verführung.
1722 1263 2940 1321 klammerung der Schlingpflanzen unter. Doch ist sie immer nur mit
1716 1304 2946 1370 den Nerven, nie mit der Seele dabei. Die gehört dem einen jener
851 1295 1317 1392 Der neue Schnitzler.
1719 1338 2933 1396 beiden Freunde, und daß er wider Willen an ihrem Gleiten schuld
1314 1341 1680 1436 [Nachdruck verboten.]
1030 1361 1141 1427 Von
1725 1381 2942 1442 ist, das ist eine wirklich traurige Geschichte, traurig und wirklichkeits¬
1720 1415 2941 1482 getreu. Denn als sie ihn, den Vierziger, einigen um ein halbes
872 1409 1302 1498 Dr. Erich Everth.
535 1435 673 1531 0
1727 1460 2945 1519 Menschenalter jüngeren Bewerbern vorzieht, glaubt er nicht, daß es
1173 1457 1642 1540 Wien, den 14. Oktober.
1722 1501 2943 1556 Liebe sei, sondern nur Vertrautheit und Vertrauen aus der Jugend
524 1531 1697 1601 Das Burgtheater brachte die Uraufführung von Schnitzlers
1715 1537 2944 1598 her, zumal er einst ihr Vormund war. Er meint, sie täusche sich, er
382 1577 1709 1655 — neuem Stück. Nach einer „Komödie der Worte“ die eigent¬
1726 1586 2944 1642 fürchtet die Enttäuschung und spintisiert weiter: sie, die Strahlende,
478 1624 1693 1679 lich auch von nichts anderem als von Verführung handelte, unter be¬
1719 1632 2946 1683 müsse mehr vom Leben gewinnen als einen Menschen. So sehr sie
484 1655 1699 1727 sonderer Berücksichtigung des Ehebruchs, kommt nun nach einem
1724 1668 2936 1732 auch, in wundervollen Worten, sich dagegen verwahrt, es bestätigt sich,
478 1719 1702 1767 langen Zwischenraum, während dessen die Gestalt Casanovas dem
1716 1716 2936 1765 worüber er sich klar ist: Die Voraussicht hat geheimnis¬
485 1752 1700 1812 Autor nahe getreten ist, ein neues Lied von den „dunklen ewigen
1719 1759 2936 1813 volle Kraft, heraufzubeschwören, was sie verhüten
482 1804 1703 1857 Strömen, die unaufhörlich fließen von Mann zu Weib und von Weib
1712 1802 2936 1865 möchte! So drängt er sie aus Lebensangst, vielleicht auch in der
425 1835 1706 1915 2 zu Mann, zwischen Geschlecht und Geschlecht“, wie es in der Komödie
1723 1849 2938 1909 schmerzlichen Wollust des Verzichtens — anderen in die Arme, zuerst
1719 1895 2936 1949 zum Tanz, und das andere findet sich ohne sein Zutun. Die Szenen
409 1897 811 1963 von heute heißt.
534 1910 1701 1988 Um gleich ein Mißverständnis abzuwenden: Komödie steht nur
1728 1937 2936 1988 aber des ersten Aktes, in denen diese Grundlinien des Bildes, auf das
411 1965 1702 2048 E im Namen des Stückes, nicht im Untertitel, und es ist auch gar keine
1718 1982 2938 2037 es in dem Werk ankommt, gezogen werden, heben sich — es kann nicht
415 2015 1706 2078 2 Komödie, will keine sein. Es ist bisweilen schwer wie eine Tragödie,
1726 2025 2940 2079 anders sein — auch dramatisch und dichterisch über das Niveau der
425 2059 1707 2123 1 und der wertvollste Teil der weitverzweigten Handlung ist ganz tra¬
1726 2061 2943 2116 meisten anderen hinaus. Hier ist bester Schnitzler, hier ist bei aller
437 2090 1712 2172 E gisch, von einer echten Tragik heutiger Menschen. Das übrige ist schon
1721 2099 2948 2166 Grübelei seines Barons die ganze Kommentarlosigkeit und Vieldeutig¬
484 2141 1705 2201 eher komödienhaft, aber nirgends lustig. So ist das Wort vielleicht
1723 2153 2950 2208 keit des Lebens. Und als am Schluß des Aktes, eben nach jenen
477 2188 1704 2261 bitter gemeint? Man schmeckt allerlei Bitterkeit in dem Werk, einiges
1729 2191 2956 2242 Szenen, die Frau von dem, den sie liebt, „freigegeben“ und sich selbst
479 2222 1709 2300 ist sogar ziemlich Strindbergisch gesehen. Im ganzen glaubt man,
1725 2237 2952 2309 überlassen, mit einem jungen, liebenswürdigen Fant davongeht, nicht
478 2269 1702 2322 vor einem Schopenhauerschen Welttheater zu sitzen, wo die Menschen,
1723 2285 2956 2359 schwer zu erraten, wohin, ist man erschüttert. Komödie? Nein.
469 2313 1700 2369 Narren des Geschlechtstriebs, Marionetten gleich an den
1730 2321 2198 2394 Die Mischung ist anders.
482 2360 1703 2422 Fäden tanzen, die der allmächtige Dämon der Gattung zieht, vor dem
1777 2375 2943 2436 Inzwischen wirhelt nun der Liebestanz der menschlichen Eintags¬
479 2404 1700 2458 die Individuen als Individuen kaum in Betracht kommen, nur als
1732 2433 2934 2487 fliegen fast zwei Akte lang, lange Akte. Dann hat die Frau, bei
483 2432 1714 2518 Eremplare, die gerade da sind, wenn die Zeit wieder einmal erfüllt ist
1725 2480 2946 2529 aller Unwandelbarkeit ihrer Liebe, erkannt, daß nach alledem auch
471 2495 1251 2564 und die Gelegenheit Kuppierdienste leistet.
1730 2523 2936 2571 der einzige, den sie je geliebt hat, sie niemals so völlig besitzen
542 2521 1700 2594 Das geht aus einem Arm in den anderen, in ewigem Spiel „Ver¬
1722 2564 2937 2624 könnte, wie er es zur Bedingung machte, weil kein Mensch einen
481 2578 1702 2650 wechselt das Bäumlein“ — fast eine Art von „Reigen" Oder, wenn
1730 2609 2944 2658 andern je so besitzen kann. Ihm aber ist inzwischen der Fluch
480 2619 1702 2682 das zu anzüglich klingt. eine Kreuzung zwischen „Liebelei" und
1721 2653 2948 2706 der bloßen Betrachtung aufgegangen, er hat eingesehen, was
490 2658 1694 2742 „Reigen“. Im Ernst, es wird ein bißchen viel durcheinander geliebelt,
1725 2693 2952 2753 der Zuschauer im ersten Akt ihm glaubte einwerfen zu sollen: daß
479 2708 1706 2769 und daß durch dieses Schauspiel die Lust zum Leden gerade vermehrt
1726 2727 2950 2797 er hätte anders eingreifen können und müssen, um sie vor uanchen
486 2750 1707 2817 würde, könnte ich nicht sagen. Aber vielleicht ist es eine melancholische
1725 2782 2942 2837 „Möglichkeiten“ ihrer Natur zu bewahren, die durchaus nicht un¬
488 2790 1715 2860 Wahrheit, daß fast nur zwei Männer, deren Gefühl rein und stark
1729 2824 2940 2873 verbrüchlich Wirklichkeiten zu werden brauchten, und deren Reali¬
488 2833 1713 2898 ist, unter all den vielen Menschen darauf verzichten, den Cancan mit¬
1730 2869 2941 2929 sierung sie zerrüttet haben. Man kommt ja keineswegs nur dann
484 2880 1699 2950 zutanzen. Beide lieben dieselbe Frau, ohne Wetbewerb, ohne Eifer¬
1730 2910 2945 2968 zu sich und seiner Form, wenn man alle Möglichkeiten ausschöpft —
494 2932 1701 2992 sucht, und die Szene, da diese beiden Männer zum ersten Mal auf
1729 2954 2947 3011 Form heißt immer Verzicht. Früheren Zeiten ist das eine selbst¬
498 2961 1716 3045 der Bühne zusammenkommen, ist die erste, wo man den Schnitzler,
1723 3002 2940 3057 verständliche Weisheit gewesen, und nur die quantitative Denkweise
485 3020 1325 3097 den man kennt und liebt, zu hören bekommt.
1723 3044 2935 3093 dieser Zeit hat die Qualität der Menschen gefährdet. Schnitzlers
543 3032 1718 3112 Die Frau, der ihre beste Gedanken, nicht bloß ihre Empfindungen
1726 3085 2943 3142 Aurelie hat Form und Qualität, und so zerbricht sie, als der von
497 3090 1721 3157 gelten, und die sie selbstlos zu betreuen suchen, hebt sich mit dem Ent¬
501 3127 2945 3219 scheidenden ihres Wesens und Schicksals von jenem aimablen Gesell=I ihren „Möglichkeiten“ besessene Grübler sie allen diesen Möglichkeiten
2953 1186 3277 1256 aussetzt. Nun ist
2953 1240 3264 1296 geworden, daß
2950 1269 3285 1339 nicht mehr glaut
2948 1328 3272 1382 ihr versichert ha
2952 1365 3249 1431 haben, und sie,
2958 1409 3278 1473 in seine Zweifel
2956 1452 3280 1513 Frau, in richtige
2960 1493 3275 1557 im Bereich sei
2950 1539 3260 1602 folgt, geschieht
2948 1582 3248 1642 Der Zuschauer
2955 1623 3270 1699 weil es notwend
3006 1672 3276 1730 Das Ganze is
2948 1707 3278 1772 Gewicht nicht dus
2952 1754 3282 1819 überhaupt eigent
2950 1802 3277 1859 Schnitzler in derk
2951 1840 3278 1910 einer Erzählung
2950 1884 3271 1945 sehr wenig mite
2954 1932 3280 1996 er da, wo er dre
2949 1974 3264 2034 sens bewegt; in
2957 2018 3281 2076 Tonfall und bei
2949 2061 3279 2119 an das Erwachen
2945 2103 3284 2164 Vertrauens erin
2961 2154 3279 2205 Das Ganze jedoc
2961 2195 3276 2262 fast vierstündig
2958 2235 3142 2301 man tat.
2991 2272 3275 2339 Die Aufführn
2956 2319 3274 2384 und in dem wer
2959 2366 3270 2430 mildert. Die 5#
2958 2411 3260 2468 Aslan. Die
2958 2453 3276 2515 seelisch ausschöpf
2957 2500 3277 2557 und stimmte alle
2947 2535 3273 2603 baren Ernst. D
2946 2580 3282 2647 Herrn von Sala
2950 2626 3279 2688 vielleicht äußerlich
2949 2671 3282 2735 ein wenig scharf
2953 2716 3279 2773 angst der andere
2953 2758 3279 2824 letzten Akt aber
2998 2800 3279 2858 Das Stück w#
2950 2837 3270 2904 theatralisch wirk
2946 2885 3267 2943 liches darin, und
2956 2935 3274 2995 Affären ergötzen.
