3344 4224
485 126 1500 181 einem Epilog, so ist das undramatische, steife Stück
480 155 1497 204 vorsichtig benannt. Es beginnt damit daß die
481 200 1494 242 Hühner des Schloßhauptmanns Robert von Bau¬
474 245 1487 295 dricourt keine Eier legen wollen, und siehe da, als
482 284 1497 322 der energische Junker das Mädchen aus Lothringen
470 324 1488 362 zum Dauphin ziehen läßt, da erscheint der Ver¬
483 357 1494 403 walter wieder gleich mit fünf Dutzend Eier. Diese
479 400 1498 441 Episode ist für die Methode Shaws sehr bezeich¬
471 433 1489 492 nend. Er zwinkert mit den Augen: Seht, so pas¬
473 464 1484 523 sieren die Wunder! Und ein Erzbischof in der
479 513 1485 560 nächsten Szene erläutert dann, was der Spötter
464 555 1482 601 unter Wunder versteht. Es ist das eine ganz raffi¬
477 591 1488 631 nierte Art, die Wundergabe des Mädchens zu ver¬
468 625 1484 676 spotten und das Wunder rationalistisch zu er¬
462 668 1485 712 klären. Es ließen sich noch mehr Beispiele dafür
473 711 1492 749 anführen. Johanna erscheini dann vor dem Dau¬
466 745 1487 791 phin und krönt ihn schließlich in Reims. Unter¬
465 788 1479 835 dessen sind wir auch schon mit den treibenden Kräf¬
460 824 1483 878 #ten im englischen Lager bekannt gemacht, mit dem
472 865 1475 918 Kaplan von Stogumber und dem Oberfeldherrn,
465 905 1481 942 dem Grafen Warwick. Sie sinnen auf Mittel und
457 944 1488 992 Wege, die Jungfrau zu verbrennen, zwar im hart¬
472 988 1487 1039 näckigen Kampf mit dem Bischof, aber schon hat
467 1016 1473 1075 man das Gefühl, daß sie Recht behalten werden.
467 1066 1483 1109 Schließlich das Inquisitionsgericht mit Bischof und
466 1104 1505 1160 Inquisitor, den Kirchenrechtslehrern und den Do¬
463 1143 1467 1186 miniranermönchen. Diese Szene ist am dramatisch¬
460 1184 1470 1233 sten angelegt, es kommt zu einem langen und zähen
455 1222 1475 1252 Disput mit der Jungfrau. Sie soll bekennen, daß
459 1258 1469 1310 die Offenbarungen und Visionen vom Teufel
463 1293 1481 1343 stammen, und unterschreibt schließlich auch den vom
460 1334 1472 1379 Gericht aufgesetzten Widerruf. Daraufhin zu
461 1356 1477 1420 lebenslänglicher Gefangenschaft verurteilt, zerreißt
457 1400 1476 1454 sie das Papier in Fetzen und geht standhaft, als
451 1453 1476 1505 rückfällige Ketzerin aus der Kirche gestoßen, in den
462 1481 1483 1544 Feuertod. Ein angeklebter, ganz unkünstlerischer
448 1523 1475 1585 Epilog zeigt sie als Siegerin über ihre Widersacher,
457 1563 1467 1616 und ein geistlicher Herr im Habit überbringt ihr
460 1605 1462 1673 mit amtsgemäßer Miene des Dokument der Heilig¬
450 1639 692 1700 sprechung.
492 1688 1473 1752 Vom katholischen Stankpunkt aus müssen wir
454 1732 1469 1784 gegen die Aufführung der „Heiligen Johanna“ un¬
448 1782 1473 1830 bedingt protestieren. Denn die Objektivität
458 1817 1473 1875 ist nur Glätte, die in der äußerlichen Abwicklung
452 1849 1476 1900 getreue Historie nur Vorwand, damit Shaw die
458 1890 1461 1946 eigene, ganz und gar antireligiöse Weisheit an den
452 1918 1473 1983 Mann bringt. Gleichgültig ist uns wenn er seine
453 1961 1471 2019 Landsleute verhöhnt, aber er hat kein Recht, reli¬
446 2011 1463 2059 gtöse Gefühle zu beleidigen. Gerade weilser es so
447 2042 1465 2094 versteckt tut, weil die Lästerung gleichsam in Skepsis
451 2088 1472 2134 und Ironie hinter den Zeilen lauert, weil das
449 2126 1472 2166 ganze Stück mit einem fast zynischen Rationalis¬
448 2167 1461 2211 mus durchtränkt ist, der den Katholizismus mehr
448 2205 1461 2242 als kluge Ausgeburt menschlichen Geistes hinstellt
447 2242 1460 2299 als irgendeine philosophische oder religiöse Relation,
446 2284 1462 2337 deshalb ist es abzulehnen. Auch künstlerisch ist der
452 2326 1473 2374 Wert nicht bedeutend. Shaws Kraft reicht immer
447 2358 1459 2407 nur für ein Theaterfeuilleton aus, für mehr nicht;
447 2403 1473 2467 und der Ire ist im Eigentlichsten ein Beweis des
446 2437 1467 2492 unproduktiven Elementes unserer Zeit. Er nimmt
446 2474 1464 2531 die Geschichte her, kopiert sie, streut einige Splitter
437 2523 1459 2566 und Einfälle ein und glaubt damit, der Kunst Ge¬
440 2559 1465 2592 nüge getan zu haben. Das mag bei profanen
444 2592 1465 2651 Stoffen manchmal unterhaltsam sein, aber von
440 2636 1464 2675 heiligen und religtösen Vorgängen soll er die Hände
433 2669 666 2720 weglassen.
759 2683 1469 2720 Shaw gehört schon der vergan¬
440 2714 1459 2757 genen Gercation an, die in religiösen Dingen
433 2748 1469 2797 so merkwürdig lau und also tolerant war. H. J.
477 2831 1427 2887 Arthur Schnitzler: „Komödie der Verführung“
599 2876 1314 2938 Zur reichsdeutschen Erstaufführung
483 2924 1466 2980 Schnitzler — das ist Wien; diesmal das Wien in
437 2965 1463 3012 den gewitterschwülen Monaten vor Ausbruch des
442 3006 1459 3059 großen Krieges. Freilich taucht nur zuweilen, wie
437 3046 1458 3086 Blasen in einem Sumpf, ein Ahnen der Kata¬
437 3077 715 3125 strophe auf.
713 3081 1456 3138 Im übrigen: „Wiener Luft“ ein
439 3106 1465 3182 Nachtfest beim Prinzen von Perosa, Masken Cham¬
436 3161 1456 3205 pagner. Küss' untertäniast die Hand usw. Inmitten
433 3199 1457 3262 einer Gesellschaft, die dem schrankenlosen Lebens¬
435 3240 1454 3287 genuß ergeben ist und deren ganzes Sinnen und
437 3272 1456 3329 Trachten bei Männern wie bei Frauen einzig da¬
443 3323 1459 3377 rauf gerichtet scheint, für jede Nacht einen neuen
434 3361 1456 3393 Liebhaber, eine neue Geliebte zu gewinnen, in¬
438 3395 1462 3451 mitten eines Dialogs, der wunderlich schwankt
438 3438 1457 3479 zwischen trivialstem Verkehrston und schmalzigem
435 3476 1454 3531 Pathos, melancholischer Ironie und aufdringlichen
431 3516 1452 3550 Pikanterien, setzt plötzlich etwas wie eine tragische
436 3554 1457 3611 Verwicklung ein: Die Gräfin Merkenstein erwählt
431 3588 1451 3648 aus drei Bewerbern den einen, dem sie nichts als
443 3635 1454 3675 Frau sein will; doch dieser stößt sie in den Taumel
434 3665 1449 3728 sinnlicher Lust hinein, weil er die „ewigen
431 3706 1472 3764 Ströme“ des sexus auch in ihr, der noch Reinen, für
1517 129 2526 173 ihr eigenen eminenten Gestaltungskraft das rötsel¬
2553 146 3217 202 tig. Jeder will zeigen, was er ka
1518 164 2517 217 hafte Wesen dieser Frau einigermaßen verständlich
2547 170 3217 227 besser wissen. Diesmal ist es Otte
1512 199 2525 244 und ihrer Gestalt zu einer tragischen Wirkung zu
2546 213 3212 278 der es besser weiß als all die and
1517 243 2521 284 verhelfen. Ihr stand der Freiherr von Falkenir
2543 259 3207 314 viel Bruckner in der letzten Zeit
1518 276 2512 335 Kurt Sellnicks ebenbürtig zur Seite. Bernhard
2544 292 3218 358 men, aber so, wie ihn uns Klem
1513 316 2517 380 Herrmann überraschte als Prinz Arduin mit
2548 335 3218 398 hat, kannten wir ihn noch nicht. J
1509 356 2515 410 einer treifenden Darstellung des blasierten Welt¬
2548 371 3222 435 achte Symphonie, die ja am meist
1520 399 2515 460 mannes. Gustav Schwab gab den Dichter Ambros
2550 407 3220 468 ist das Wesen der Brucknerschen
1509 432 2516 495 Doehl mit feiner Zurückhaltung, die dessen vor¬
2545 446 3228 513 schleiern. Unter Klemperer wächst
1521 473 2524 522 nehme Sinnesart inmitten einer leichtlebigen Um¬
2533 491 3147 540 tale Tonwerk ins Unendliche.
3146 501 3218 555 E
1508 511 2514 562 gebung sympathisch hervorhob. Als eigenständige
2535 520 3224 587 die zerklüsteten Felsblöcke aneina
1510 559 2521 613 und tüchtige Kraft zeigte sich Friedel Nowack in
2536 563 3219 625 eine neue Form. haucht ihnen Leb
1519 589 2517 652 der Rolle der Seraphine: gut waren auch die beiden
2541 602 3232 665 zum Schluß den herrlichen Bau, den
1521 628 2516 694 Schwestern Indith und Julia non Guhrun Ka¬
2529 646 3220 704 Kraft hat erstehen lassen, der ihm
1517 667 2511 737 bisch und Hilde Wernburg. Anaust Momber
2545 686 3225 745 gewachsen ist, der wie ein gewaltic
1513 701 2522 776 spielte den Maler Gysar mit verhaltener Dämo¬
2536 718 3226 782 Wolken ragt. Es wird sich ja zei
1511 749 2512 802 nie, Mar Andriano den Kammersänger Eliains
2541 758 3232 828 nun an die Wiener Staatsover gel
1511 782 2514 833 Fenz mit der Pose des „jugendlichen“ Alten. Da¬
2530 795 3217 853 nicht den rechten Wirkungskreis in
1513 827 2521 900 gegen bedeutete die Darstellung des Mar von
2527 838 3220 903 wird. Denn Bruno Walter will a
1503 861 2513 925 Reisenberg eine ziemliche Enttäuschung: Wolfaang
2527 879 3231 937 werden, obwohl man ihn in jede
1514 899 2511 962 Langhoff gelang es nur selten, der Person des
2526 921 3225 976 winnen sucht. In der Philharmon
1513 944 2516 1002 „Herzensbezwingers par excellenee“ bezeichnende
2534 959 3208 1019 unverdrossen Mozart. Er macht
1513 982 2509 1026 Züge zu geben Und gerade diese Rolle hätte einer
2531 983 3219 1046 Lärm um eine Sache er begnügt
1506 1021 2504 1081 vorzüglichen Darstellung bedurft. Trotzdem konnte
2529 1031 3223 1096 Stilvrogramm. Sich selbst schmeiche
1503 1057 2506 1121 der Reaisseur die Aufführung als Erfolg buchen;
2533 1070 3227 1136 sich hin, wenn es gilt, die sonnige
1502 1098 2515 1156 das Publikum wie immer, beifallsfrendig, klatschte
2524 1109 3224 1167 „Till Eulensviegel“ zu beleben, er
1509 1138 2507 1190 lange den Darstellern seine Anerkennung. darin
2525 1148 3225 1214 wieder bei Schuberts großer C=dur¬
1505 1175 2508 1230 das Zischen einiger weniger unterging; das schien
2532 1189 3233 1252 er ganz ungekannte Klangreize abzi
1505 1218 2513 1277 allein dem Stück selbst zu gelten. Wäre auch der
2526 1226 3223 1284 Auch der Aachener Generalmusi
1505 1252 2509 1298 Beifall zu verstehen so wäre das im Interesse des
2525 1262 3221 1326 Raabe erwies sich als außerordent
1504 1295 2506 1363 Ruses des Wiesbadener Theaterpublikums zu be¬
2528 1308 3227 1367 dirigent. Er scheint etwas bizarr.
1497 1329 1688 1378 dauern.
2534 1351 3225 1411 aber recht intensive Zeichengebun
1538 1372 2492 1428 Damit könnte es nun sein Bewenden haben,
2528 1382 3228 1448 ihn. Mit Rudi Stephans Orchester
1510 1414 2498 1469 wenn nicht der, welcher das Theater als Kultur¬
2532 1424 3215 1486 sich vorteilhaft ein. Auch die
1496 1442 2509 1511 stätte und nicht als Unterhaltungstempel wertet.
2528 1461 3222 1526 siebente Symphonie von Anton B
1505 1489 2504 1540 die Pflicht hätte, nach dem kulturellen Wert eines
2522 1497 3197 1558 ihre Schwungkraft. Zwischendurch
1506 1526 2496 1587 solchen Abends zu fragen. Und da versagt diese
2518 1546 3229 1603 rete Witt Strauß' Klavier=Burleske
1507 1572 2499 1627 „Komödie“ völlig. Was soll uns, die wir durch das
2521 1576 3216 1635 als Töne! Elln Ney mußte man
1506 1608 2499 1673 Erlebnis eines blutigen Krieges und bitterer Not
2532 1619 3225 1682 Nachhaltig wirkte auch der zwe
1500 1636 2496 1706 hindurchgegangen sind, heute eine derartig ange¬
2525 1658 3226 1729 Abend Georg Schneevoigts. Sond
1504 1684 2497 1750 faulte, blasierte und willensmüde Welt? Ihre
2522 1695 3227 1758 Ausland uns Beethoven vermitteln
1503 1724 2496 1779 Lebens.kunst“ widert uns an, und wir sind geneigt,
2519 1734 3216 1783 nigt ist neben Furtwängler der
1489 1766 2497 1813 diese pathologische Blicknerengung einer dekadenten
2516 1764 3227 1827 dieser ewigen Musik. Artur Schn#
1501 1804 2494 1861 Schicht, die in der Fülle der Welt nur das Ge¬
2526 1820 3225 1874 G=dur=Klavierkonzert. Seine natün
1498 1840 2489 1894 schlechtliche sieht und jede Liebeserregung so furcht¬
2516 1853 3218 1912 weise, seine aller Bravour bare Te
1495 1883 2498 1937 bar wichtig nimmt, lächerlich zu finden. Wir glauben
2522 1893 3224 1946 mer, gesunder Ton machen an ihn
1486 1923 2503 1992 nicht an die unüberwindliche Allgewalt der
2516 1937 3228 1992 der Singakademie hörte man eben
1492 1962 2493 2021 „dunklen, ewigen Strömungen, die unaufhörlich
2518 1980 3228 2039 Klaviermusik. Sergei Tager brillie#
1501 1996 2491 2058 fließen von Mann zu Weib und von Weih zu
2521 2019 3218 2074 virtuosem Können und höchst inte
1487 2038 2503 2104 Mann“ und unsere Sympathie gehört durchans
2518 2054 3226 2106 gramm. Fritz Hans Rehbold mei
1496 2077 2498 2138 nicht „der Vielfältigen, Unerschöpflichen, Herrlichen,
2521 2080 3228 2143 sische Literatur. Von Sängern ble
1485 2112 2491 2168 die geschaffen ist, sich zu verschwenden und in aller
2513 2125 3220 2182 lena=Ruckers mit seiner kräftigen #
1488 2149 2499 2209 Verschwendung sich im Innersten stets zu be¬
2517 2168 3221 2226 Erinnerung und die liebliche Ciba
1484 2188 1768 2245 wahren“ (1).
1765 2185 2497 2264 Das ist Gallert, aus dem unser
2519 2209 3226 2273 kultivierten Gesang und Novitäten###
1483 2235 2496 2286 niedergebrochenes Volk schwerlich neue Kraft
2511 2250 3225 2307 Geigerprimas Vecsey löste Huberma
1489 2274 2500 2337 ziehen kann. Gab es wirklich nichts Wertvolleres
2516 2284 3222 2364 Goldmarks Violinkonzert seine ganz
1487 2319 2686 2362 an neueren dramatischen Werken, das unserem Zeit= erwies.
1589 2663 2351 2750 Eteider
2467 2894 2920 2984 Seit Jahrzehnten
2475 2961 2924 3052 bekannt als die
2469 3033 2917 3129 besten Stoffe
2473 3146 2921 3234 in größter Auswahl
2296 3281 2400 3374 6
2313 3418 3201 3539 I. Dacharg
2644 3537 3066 3641 Wiesbaden
2647 3623 3065 3713 Webergasse 4.
2487 3977 2870 4047 Die echten
1866 4042 3214 4181 MAGGI' Fleischbrühw
