<?xml version="1.0" encoding="UTF-8" standalone="yes"?>
<PcGts xmlns="http://schema.primaresearch.org/PAGE/gts/pagecontent/2013-07-15" xmlns:xsi="http://www.w3.org/2001/XMLSchema-instance" xsi:schemaLocation="http://schema.primaresearch.org/PAGE/gts/pagecontent/2013-07-15 http://schema.primaresearch.org/PAGE/gts/pagecontent/2013-07-15/pagecontent.xsd">
    <Metadata>
        <Creator>prov=University of Rostock/Institute of Mathematics/CITlab/Gundram Leifert/gundram.leifert@uni-rostock.de:name=ONB_Newseye_GT_M1+(htr_id=10810)::::v=2.4.2
prov=University of Rostock/Institute of Mathematics/CITlab/Tobias Gruening/tobias.gruening@uni-rostock.de:name=de.uros.citlab.module.baseline2polygon.B2PSeamMultiOriented:v=2.4.2
prov=University of Rostock/Institute of Mathematics/CITlab/Tobias Gruening/tobias.gruening@uni-rostock.de:name=/mnt/transkribus/LA/DEA/URO/LA_news_onb_att.pb:de.uros.citlab.segmentation.CITlab_LA_ML:v=2.4.2
Transkribus</Creator>
        <Created>2019-10-07T11:09:12.252+02:00</Created>
        <LastChange>2019-10-07T18:15:35.777+02:00</LastChange>
        <TranskribusMetadata docId="223957" pageId="9493708" pageNr="77" tsid="16395147" status="IN_PROGRESS" userId="40391" imgUrl="https://files.transkribus.eu/Get?id=JLYXWHAZYLMMJUHWVBOOPBBH&amp;fileType=view" xmlUrl="https://files.transkribus.eu/Get?id=CCMFHVLSUVIJYYZRNERPVMWA" imageId="6183935"/>
    </Metadata>
    <Page imageFilename="223957_0077.jpeg" imageWidth="3344" imageHeight="4352">
        <ReadingOrder>
            <OrderedGroup id="ro_1711443927176" caption="Regions reading order">
                <RegionRefIndexed index="0" regionRef="r1"/>
            </OrderedGroup>
        </ReadingOrder>
        <TextRegion orientation="0.0" id="r1" custom="readingOrder {index:0;}">
            <Coords points="252,349 252,4144 3342,4144 3342,349"/>
            <TextLine id="r1l1" custom="readingOrder {index:0;}">
                <Coords points="710,368 767,396 790,385 851,406 917,380 983,400 1010,374 1049,375 1049,348 999,347 950,307 872,317 853,309 780,335 761,319 710,322"/>
                <Baseline points="730,372 757,372 784,373 811,373 838,374 865,375 892,376 919,376 946,376 973,377 1000,377 1028,376"/>
                <TextEquiv>
                    <Unicode>Mendt</Unicode>
                </TextEquiv>
            </TextLine>
            <TextLine id="r1l2" custom="readingOrder {index:1;}">
                <Coords points="1599,436 1619,437 1637,454 1668,452 1673,375 1635,369 1628,360 1605,359"/>
                <Baseline points="1618,431 1650,433"/>
                <TextEquiv>
                    <Unicode>1</Unicode>
                </TextEquiv>
            </TextLine>
            <TextLine id="r1l3" custom="readingOrder {index:2;}">
                <Coords points="723,491 888,533 950,500 1235,536 1574,504 1758,549 1760,438 1490,467 1441,432 1313,460 1229,435 1120,468 1067,432 912,456 851,428 723,461"/>
                <Baseline points="744,489 793,492 843,495 893,496 943,497 993,499 1043,499 1092,500 1142,500 1192,500 1242,500 1292,500 1342,500 1392,501 1441,502 1491,503 1541,505 1591,507 1641,510 1691,514 1741,519"/>
                <TextEquiv>
                    <Unicode>Raquchh Kktece</Unicode>
                </TextEquiv>
            </TextLine>
            <TextLine id="r1l4" custom="readingOrder {index:3;}">
                <Coords points="1885,551 2043,513 2174,553 3095,526 3095,476 2783,482 2652,443 1886,459"/>
                <Baseline points="1904,521 1962,518 2021,517 2079,516 2138,515 2197,514 2255,514 2314,515 2373,515 2431,516 2490,517 2549,518 2607,518 2666,519 2725,520 2783,521 2842,521 2901,521 2959,520 3018,519 3077,518"/>
                <TextEquiv>
                    <Unicode>MAntaekkadita</Unicode>
                </TextEquiv>
            </TextLine>
            <TextLine id="r1l5" custom="readingOrder {index:4;}">
                <Coords points="748,631 3006,649 3006,576 749,558"/>
                <Baseline points="767,627 878,626 989,626 1100,626 1211,626 1322,627 1433,627 1544,628 1655,629 1766,629 1877,630 1988,631 2099,632 2210,633 2321,633 2432,634 2543,634 2654,634 2765,634 2876,633 2988,632"/>
                <TextEquiv>
                    <Unicode>Eigentümer u. Herausgeber. Karl Ed. Klopfer. Commandit-Verlag Klopfer &amp; Comp., Wien, VIII., Skodagasse 28. Telephon Nr. 23-1.87.</Unicode>
                </TextEquiv>
            </TextLine>
            <TextLine id="r1l6" custom="readingOrder {index:5;}">
                <Coords points="579,719 3010,713 2964,643 579,653"/>
                <Baseline points="597,691 716,688 836,686 956,685 1076,684 1195,684 1315,683 1435,684 1555,684 1674,685 1794,686 1914,687 2034,688 2153,689 2273,690 2393,691 2513,692 2632,693 2752,693 2872,693 2992,693"/>
                <TextEquiv>
                    <Unicode>J1Y Abonnement (kann m. jed. Nummer beginnen). 15.000 K für 10 fortlfde. Nummern mit Postversandt: ohne Theaterzettel. Man verlange Erlagschein.</Unicode>
                </TextEquiv>
            </TextLine>
            <TextLine id="r1l7" custom="readingOrder {index:6;}">
                <Coords points="242,818 3169,836 3363,752 242,757"/>
                <Baseline points="260,797 414,801 568,804 722,807 876,809 1030,811 1184,812 1338,813 1492,813 1646,814 1800,814 1954,814 2108,815 2262,815 2416,815 2570,816 2724,817 2878,818 3032,820 3186,822 3341,825"/>
                <TextEquiv>
                    <Unicode>Satsechiud dierer Ranner 11. Oltober, Die nichste wird un 1o. Nonhr ungegeben. — Dei emtl. Artitein int der Bachernek verboten,</Unicode>
                </TextEquiv>
            </TextLine>
            <TextLine id="r1l8" custom="readingOrder {index:7;}">
                <Coords points="2192,870 2219,870 2230,877 2234,873 2242,877 2249,869 2269,869 2284,877 2300,869 2327,872 2326,826 2291,830 2276,823 2241,823 2229,812 2226,816 2222,812 2218,816 2191,816"/>
                <Baseline points="2211,857 2243,858 2275,856 2307,857"/>
                <TextEquiv>
                    <Unicode>Snnen di e</Unicode>
                </TextEquiv>
            </TextLine>
            <TextLine id="r1l9" custom="readingOrder {index:8;}">
                <Coords points="1269,920 2302,919 2271,869 1269,870"/>
                <Baseline points="1289,912 1338,911 1388,911 1437,911 1487,911 1537,911 1586,911 1636,911 1686,912 1735,912 1785,912 1835,912 1884,912 1934,912 1984,912 2033,913 2083,913 2133,913 2182,913 2232,913 2282,913"/>
                <TextEquiv>
                    <Unicode>Das hätte die böse Angelegenheit ja in Ord¬</Unicode>
                </TextEquiv>
            </TextLine>
            <TextLine id="r1l10" custom="readingOrder {index:9;}">
                <Coords points="2300,924 3337,939 3337,893 3287,877 2301,870"/>
                <Baseline points="2320,914 2372,915 2425,916 2477,916 2530,917 2582,918 2635,918 2688,918 2740,919 2793,919 2845,920 2898,920 2950,920 3003,921 3056,921 3108,921 3161,922 3213,922 3266,922 3319,923"/>
                <TextEquiv>
                    <Unicode>(König) usw. usw. Der Hausherr Prinz Arduin</Unicode>
                </TextEquiv>
            </TextLine>
            <TextLine id="r1l11" custom="readingOrder {index:10;}">
                <Coords points="1262,969 2302,979 2302,925 2194,914 1262,923"/>
                <Baseline points="1282,959 1332,960 1382,961 1432,961 1482,961 1532,962 1582,962 1632,962 1682,962 1732,962 1783,961 1833,961 1883,961 1933,961 1983,961 2033,961 2083,962 2133,962 2183,963 2233,963 2284,964"/>
                <TextEquiv>
                    <Unicode>nung gebracht, wenn darauf auch die Ehescheidung</Unicode>
                </TextEquiv>
            </TextLine>
            <TextLine id="r1l12" custom="readingOrder {index:11;}">
                <Coords points="2308,976 3332,981 3332,938 3279,930 2308,922"/>
                <Baseline points="2328,963 2377,965 2426,966 2475,967 2525,968 2574,969 2623,970 2672,970 2722,970 2771,970 2820,970 2869,970 2919,970 2968,970 3017,970 3066,970 3116,970 3165,969 3214,969 3263,970 3313,970"/>
                <TextEquiv>
                    <Unicode>(Hennings), den wir uns in seiner goldverschnür¬</Unicode>
                </TextEquiv>
            </TextLine>
            <TextLine id="r1l13" custom="readingOrder {index:12;}">
                <Coords points="356,988 621,999 660,969 722,1001 791,971 864,1010 1038,990 1110,1018 1192,996 1193,911 700,881 650,919 585,875 503,901 427,861 357,876"/>
                <Baseline points="376,966 415,969 455,970 495,972 535,974 575,976 614,977 654,978 694,978 734,979 774,980 813,980 853,980 893,980 933,980 973,980 1012,980 1052,980 1092,980 1132,980 1172,980"/>
                <TextEquiv>
                    <Unicode>Komödie der Verführung</Unicode>
                </TextEquiv>
            </TextLine>
            <TextLine id="r1l14" custom="readingOrder {index:13;}">
                <Coords points="1266,1003 1394,1030 2307,1027 2307,981 2245,969 1266,961"/>
                <Baseline points="1284,1007 1334,1008 1384,1009 1434,1010 1484,1010 1534,1010 1584,1011 1634,1011 1684,1011 1734,1011 1785,1010 1835,1010 1885,1010 1935,1010 1985,1010 2035,1010 2085,1010 2135,1010 2185,1010 2235,1010 2286,1011"/>
                <TextEquiv>
                    <Unicode>Verfolgt wäre. Aber das gräfliche Ehepaar blieb</Unicode>
                </TextEquiv>
            </TextLine>
            <TextLine id="r1l15" custom="readingOrder {index:14;}">
                <Coords points="2294,1019 3361,1052 3361,972 3331,960 3045,989 2294,973"/>
                <Baseline points="2313,1012 2364,1013 2415,1014 2467,1014 2518,1015 2570,1015 2621,1016 2672,1017 2724,1017 2775,1018 2827,1018 2878,1019 2929,1019 2981,1019 3032,1019 3084,1019 3135,1019 3186,1019 3238,1018 3289,1018 3341,1017"/>
                <TextEquiv>
                    <Unicode>ten Uniform eines österreichischen Generals der</Unicode>
                </TextEquiv>
            </TextLine>
            <TextLine id="r1l16" custom="readingOrder {index:15;}">
                <Coords points="248,1070 329,1045 1281,1065 1281,1022 1224,1002 249,997"/>
                <Baseline points="268,1045 317,1046 367,1047 417,1048 467,1050 516,1050 566,1051 616,1053 666,1053 715,1054 765,1056 815,1056 865,1057 914,1057 964,1057 1014,1058 1064,1058 1113,1057 1163,1057 1213,1057 1263,1056"/>
                <TextEquiv>
                    <Unicode>in drei Akten von Arthur Schnitzler. (Ur¬</Unicode>
                </TextEquiv>
            </TextLine>
            <TextLine id="r1l17" custom="readingOrder {index:16;}">
                <Coords points="1280,1064 2309,1074 2309,1020 2086,1003 1280,1018"/>
                <Baseline points="1298,1053 1347,1054 1397,1055 1446,1056 1496,1057 1546,1057 1595,1058 1645,1058 1694,1059 1744,1059 1794,1059 1843,1059 1893,1060 1942,1060 1992,1060 2042,1060 2091,1060 2141,1060 2190,1060 2240,1060 2290,1061"/>
                <TextEquiv>
                    <Unicode>beisammen — vielleicht zwei Verdammte, die in</Unicode>
                </TextEquiv>
            </TextLine>
            <TextLine id="r1l18" custom="readingOrder {index:17;}">
                <Coords points="2301,1071 3333,1070 3333,1024 2301,1021"/>
                <Baseline points="2321,1061 2370,1062 2420,1063 2469,1063 2519,1064 2569,1065 2618,1065 2668,1066 2717,1066 2767,1067 2817,1067 2866,1067 2916,1068 2965,1068 3015,1068 3065,1068 3114,1068 3164,1068 3213,1068 3263,1068 3313,1067"/>
                <TextEquiv>
                    <Unicode>Kavallerie ungefähr als einen Modena-Este vor¬</Unicode>
                </TextEquiv>
            </TextLine>
            <TextLine id="r1l19" custom="readingOrder {index:18;}">
                <Coords points="240,1112 1284,1118 1261,1064 240,1050"/>
                <Baseline points="258,1095 308,1097 358,1099 408,1101 459,1102 509,1103 559,1104 609,1106 660,1106 710,1107 760,1107 810,1108 861,1108 911,1108 961,1108 1011,1108 1062,1107 1112,1107 1162,1107 1212,1106 1263,1106"/>
                <TextEquiv>
                    <Unicode>aufführung im Burgtheater Samstag, den 11.</Unicode>
                </TextEquiv>
            </TextLine>
            <TextLine id="r1l20" custom="readingOrder {index:19;}">
                <Coords points="1283,1118 2300,1118 2300,1068 2242,1060 1283,1064"/>
                <Baseline points="1301,1104 1350,1104 1399,1104 1448,1105 1497,1105 1546,1105 1595,1105 1644,1106 1693,1106 1742,1106 1791,1106 1840,1107 1889,1107 1938,1107 1987,1107 2036,1107 2085,1107 2134,1107 2183,1107 2232,1107 2282,1107"/>
                <TextEquiv>
                    <Unicode>der gemeinsam geschleppten Kette eine gemein¬</Unicode>
                </TextEquiv>
            </TextLine>
            <TextLine id="r1l21" custom="readingOrder {index:20;}">
                <Coords points="2300,1117 3341,1127 3341,1085 3225,1069 2301,1070"/>
                <Baseline points="2318,1109 2368,1111 2418,1112 2468,1113 2519,1113 2569,1114 2619,1115 2669,1115 2720,1116 2770,1116 2820,1117 2870,1117 2921,1117 2971,1117 3021,1117 3071,1117 3122,1117 3172,1117 3222,1117 3272,1117 3323,1117"/>
                <TextEquiv>
                    <Unicode>zustellen haben, erscheint in der Begleitung des</Unicode>
                </TextEquiv>
            </TextLine>
            <TextLine id="r1l22" custom="readingOrder {index:21;}">
                <Coords points="253,1154 276,1154 299,1171 326,1160 341,1172 361,1173 384,1158 411,1171 457,1161 465,1169 492,1166 493,1127 462,1122 451,1110 409,1105 393,1116 374,1104 255,1107"/>
                <Baseline points="274,1141 299,1144 324,1146 349,1146 374,1147 399,1147 424,1147 449,1149 474,1151"/>
                <TextEquiv>
                    <Unicode>Oktober.)</Unicode>
                </TextEquiv>
            </TextLine>
            <TextLine id="r1l23" custom="readingOrder {index:22;}">
                <Coords points="1271,1180 2299,1173 2299,1119 1271,1122"/>
                <Baseline points="1289,1155 1338,1155 1388,1155 1437,1154 1487,1154 1537,1154 1586,1154 1636,1154 1685,1154 1735,1154 1785,1154 1834,1154 1884,1154 1933,1154 1983,1155 2033,1155 2082,1155 2132,1155 2181,1155 2231,1155 2281,1155"/>
                <TextEquiv>
                    <Unicode>same Schuld abbüßen müssen — und „quülte sich</Unicode>
                </TextEquiv>
            </TextLine>
            <TextLine id="r1l24" custom="readingOrder {index:23;}">
                <Coords points="2293,1165 3310,1182 3338,1128 2294,1119"/>
                <Baseline points="2312,1157 2362,1158 2412,1158 2462,1159 2513,1160 2563,1161 2613,1162 2664,1163 2714,1164 2764,1164 2815,1165 2865,1166 2915,1166 2965,1167 3016,1167 3066,1167 3116,1167 3167,1166 3217,1165 3267,1165 3318,1163"/>
                <TextEquiv>
                    <Unicode>Dichters Doehl (Andersen), der sich im Scherz</Unicode>
                </TextEquiv>
            </TextLine>
            <TextLine id="r1l25" custom="readingOrder {index:24;}">
                <Coords points="1275,1218 2311,1222 2311,1164 1275,1168"/>
                <Baseline points="1295,1206 1344,1205 1394,1204 1444,1203 1494,1203 1544,1203 1593,1203 1643,1203 1693,1203 1743,1204 1793,1204 1842,1205 1892,1205 1942,1206 1992,1206 2042,1207 2091,1207 2141,1207 2191,1206 2241,1206 2291,1205"/>
                <TextEquiv>
                    <Unicode>gegenseitig zu Tode“. Uber Aurelie, die um diese</Unicode>
                </TextEquiv>
            </TextLine>
            <TextLine id="r1l26" custom="readingOrder {index:25;}">
                <Coords points="327,1204 1282,1230 1283,1153 778,1173 620,1137 327,1173"/>
                <Baseline points="347,1204 392,1206 438,1207 484,1208 530,1209 576,1210 621,1211 667,1212 713,1212 759,1213 805,1213 850,1213 896,1213 942,1213 988,1213 1034,1213 1079,1213 1125,1213 1171,1212 1217,1212 1263,1211"/>
                <TextEquiv>
                    <Unicode>An der Spitze des Personenverzeichnisses</Unicode>
                </TextEquiv>
            </TextLine>
            <TextLine id="r1l27" custom="readingOrder {index:26;}">
                <Coords points="2295,1215 3335,1219 3328,1172 2295,1161"/>
                <Baseline points="2316,1205 2366,1207 2416,1208 2466,1210 2516,1211 2566,1212 2616,1213 2666,1213 2716,1214 2766,1214 2816,1214 2866,1214 2916,1214 2966,1214 3016,1214 3066,1214 3116,1214 3166,1214 3216,1215 3266,1215 3317,1216"/>
                <TextEquiv>
                    <Unicode>das Amt eines „Geheimrevolutionärs“ bei dem</Unicode>
                </TextEquiv>
            </TextLine>
            <TextLine id="r1l28" custom="readingOrder {index:27;}">
                <Coords points="1273,1254 2278,1268 2302,1214 1273,1208"/>
                <Baseline points="1294,1251 1343,1251 1393,1252 1442,1252 1492,1252 1541,1252 1591,1252 1640,1252 1690,1253 1739,1253 1789,1253 1838,1253 1888,1253 1937,1253 1987,1253 2036,1253 2086,1253 2135,1253 2185,1253 2234,1253 2284,1253"/>
                <TextEquiv>
                    <Unicode>Zeit vor ihrer Mündigkeit stand, übernahm ein</Unicode>
                </TextEquiv>
            </TextLine>
            <TextLine id="r1l29" custom="readingOrder {index:28;}">
                <Coords points="247,1266 1264,1283 1288,1221 247,1212"/>
                <Baseline points="265,1254 315,1254 365,1255 415,1255 465,1256 515,1256 565,1257 615,1257 665,1257 715,1258 766,1258 816,1259 866,1259 916,1259 966,1260 1016,1260 1066,1261 1116,1261 1166,1262 1216,1263 1267,1263"/>
                <TextEquiv>
                    <Unicode>und von den anderen Rollen etwas getrennt stehen</Unicode>
                </TextEquiv>
            </TextLine>
            <TextLine id="r1l30" custom="readingOrder {index:29;}">
                <Coords points="2304,1268 3345,1266 3345,1223 3218,1211 2305,1214"/>
                <Baseline points="2323,1254 2373,1255 2423,1256 2473,1257 2523,1258 2574,1259 2624,1260 2674,1260 2724,1260 2774,1261 2825,1261 2875,1261 2925,1262 2975,1262 3025,1262 3076,1262 3126,1263 3176,1263 3226,1263 3276,1264 3327,1264"/>
                <TextEquiv>
                    <Unicode>Prinzen zuspricht. Auf andere Weise war vor</Unicode>
                </TextEquiv>
            </TextLine>
            <TextLine id="r1l31" custom="readingOrder {index:30;}">
                <Coords points="1273,1304 2309,1325 2310,1255 1273,1254"/>
                <Baseline points="1294,1298 1343,1299 1393,1299 1443,1299 1493,1300 1543,1300 1592,1301 1642,1301 1692,1301 1742,1302 1792,1302 1841,1302 1891,1302 1941,1303 1991,1303 2041,1303 2090,1303 2140,1303 2190,1303 2240,1302 2290,1302"/>
                <TextEquiv>
                    <Unicode>Freund ihres Vaters, der verwitwete Freiherr v.</Unicode>
                </TextEquiv>
            </TextLine>
            <TextLine id="r1l32" custom="readingOrder {index:31;}">
                <Coords points="243,1309 1283,1336 1284,1278 1242,1266 244,1263"/>
                <Baseline points="261,1301 311,1302 361,1302 411,1303 462,1304 512,1304 562,1305 612,1306 663,1307 713,1307 763,1308 813,1309 864,1309 914,1310 964,1310 1014,1311 1065,1311 1115,1311 1165,1311 1215,1312 1266,1311"/>
                <TextEquiv>
                    <Unicode>drei einfache Frauennamen: Aurelie, Judith,</Unicode>
                </TextEquiv>
            </TextLine>
            <TextLine id="r1l33" custom="readingOrder {index:32;}">
                <Coords points="2297,1313 3253,1318 3361,1346 3361,1261 2298,1271"/>
                <Baseline points="2315,1308 2366,1308 2417,1308 2469,1308 2520,1308 2571,1308 2623,1309 2674,1309 2725,1309 2777,1310 2828,1310 2879,1311 2931,1311 2982,1311 3033,1312 3085,1312 3136,1312 3187,1312 3239,1312 3290,1311 3342,1311"/>
                <TextEquiv>
                    <Unicode>dem Krieg ein ehrenhaftes Verhältnis zwischen</Unicode>
                </TextEquiv>
            </TextLine>
            <TextLine id="r1l34" custom="readingOrder {index:33;}">
                <Coords points="1281,1358 2305,1368 2305,1321 2263,1310 1281,1308"/>
                <Baseline points="1299,1351 1348,1351 1397,1351 1447,1350 1496,1350 1545,1350 1595,1350 1644,1350 1693,1350 1743,1350 1792,1350 1841,1350 1891,1350 1940,1350 1989,1350 2039,1351 2088,1351 2137,1351 2187,1352 2236,1353 2286,1353"/>
                <TextEquiv>
                    <Unicode>Falkenir, eine kurze Vormundschaft. Auch in</Unicode>
                </TextEquiv>
            </TextLine>
            <TextLine id="r1l35" custom="readingOrder {index:34;}">
                <Coords points="239,1366 1125,1381 1286,1371 1287,1329 239,1308"/>
                <Baseline points="257,1352 307,1353 357,1353 408,1353 458,1354 509,1354 559,1355 610,1355 660,1356 711,1357 761,1357 811,1358 862,1358 912,1359 963,1359 1013,1360 1064,1360 1114,1360 1165,1360 1215,1359 1266,1359"/>
                <TextEquiv>
                    <Unicode>Seraphine. Wir sollen sie wohl als Typen be¬</Unicode>
                </TextEquiv>
            </TextLine>
            <TextLine id="r1l36" custom="readingOrder {index:35;}">
                <Coords points="2306,1364 3304,1374 3355,1317 2307,1314"/>
                <Baseline points="2325,1355 2375,1355 2425,1356 2476,1356 2526,1357 2577,1357 2627,1357 2678,1358 2728,1358 2779,1359 2829,1359 2879,1360 2930,1360 2980,1360 3031,1361 3081,1361 3132,1361 3182,1361 3233,1361 3283,1361 3334,1360"/>
                <TextEquiv>
                    <Unicode>einem modernen Poeten und einem so hohen</Unicode>
                </TextEquiv>
            </TextLine>
            <TextLine id="r1l37" custom="readingOrder {index:36;}">
                <Coords points="1283,1414 2307,1417 2308,1370 1283,1360"/>
                <Baseline points="1301,1399 1350,1399 1399,1398 1449,1398 1498,1398 1547,1398 1597,1398 1646,1398 1695,1398 1745,1398 1794,1399 1843,1399 1893,1399 1942,1399 1991,1400 2041,1400 2090,1400 2139,1400 2189,1400 2238,1401 2288,1401"/>
                <TextEquiv>
                    <Unicode>dessen Haus waren eheliche Unstimmigkeiten zu</Unicode>
                </TextEquiv>
            </TextLine>
            <TextLine id="r1l38" custom="readingOrder {index:37;}">
                <Coords points="238,1404 1251,1426 1282,1368 238,1361"/>
                <Baseline points="255,1401 305,1402 355,1402 406,1403 456,1404 506,1405 557,1405 607,1406 657,1407 708,1407 758,1407 808,1408 859,1408 909,1408 959,1408 1010,1408 1060,1408 1110,1408 1161,1408 1211,1407 1262,1407"/>
                <TextEquiv>
                    <Unicode>trachten, abseits von ihren Beziehungen zu den</Unicode>
                </TextEquiv>
            </TextLine>
            <TextLine id="r1l39" custom="readingOrder {index:38;}">
                <Coords points="2292,1409 3159,1432 3360,1407 3360,1345 3075,1381 2293,1359"/>
                <Baseline points="2313,1404 2364,1405 2415,1405 2467,1405 2518,1405 2570,1406 2621,1406 2673,1406 2724,1407 2776,1407 2827,1407 2878,1408 2930,1408 2981,1409 3033,1409 3084,1410 3136,1410 3187,1411 3239,1412 3290,1412 3342,1413"/>
                <TextEquiv>
                    <Unicode>Herrn nicht zu erklären. (Daß ein Gigerl von</Unicode>
                </TextEquiv>
            </TextLine>
            <TextLine id="r1l40" custom="readingOrder {index:39;}">
                <Coords points="1280,1455 2308,1458 2308,1408 2235,1404 1280,1405"/>
                <Baseline points="1299,1448 1348,1447 1397,1447 1447,1447 1496,1447 1546,1447 1595,1447 1644,1447 1694,1447 1743,1447 1793,1447 1842,1447 1891,1447 1941,1448 1990,1448 2040,1448 2089,1448 2138,1449 2188,1449 2237,1449 2287,1450"/>
                <TextEquiv>
                    <Unicode>einem krassen Abschluß gekommen. Seine Frau</Unicode>
                </TextEquiv>
            </TextLine>
            <TextLine id="r1l41" custom="readingOrder {index:40;}">
                <Coords points="233,1469 1285,1465 1285,1419 1223,1414 233,1404"/>
                <Baseline points="253,1448 303,1450 354,1451 404,1453 455,1454 505,1454 556,1455 606,1456 657,1456 707,1457 758,1457 809,1457 859,1457 910,1457 960,1457 1011,1457 1061,1457 1112,1457 1162,1457 1213,1457 1264,1457"/>
                <TextEquiv>
                    <Unicode>übrigen Personen. Aurelie könnten wir als das</Unicode>
                </TextEquiv>
            </TextLine>
            <TextLine id="r1l42" custom="readingOrder {index:41;}">
                <Coords points="2295,1460 3339,1484 3340,1411 2296,1410"/>
                <Baseline points="2313,1452 2363,1452 2413,1452 2463,1453 2514,1453 2564,1453 2614,1454 2665,1455 2715,1455 2765,1456 2816,1457 2866,1457 2916,1458 2966,1458 3017,1459 3067,1459 3117,1459 3168,1459 3218,1459 3268,1458 3319,1458"/>
                <TextEquiv>
                    <Unicode>Rittmeister die Bemerkung macht, Seine Hoheit</Unicode>
                </TextEquiv>
            </TextLine>
            <TextLine id="r1l43" custom="readingOrder {index:42;}">
                <Coords points="1279,1503 2299,1507 2299,1461 2249,1457 1279,1453"/>
                <Baseline points="1296,1498 1345,1498 1394,1498 1443,1498 1492,1498 1541,1498 1590,1498 1640,1498 1689,1499 1738,1499 1787,1499 1836,1499 1885,1499 1934,1499 1984,1499 2033,1499 2082,1499 2131,1499 2180,1498 2229,1497 2279,1497"/>
                <TextEquiv>
                    <Unicode>beging Selbstmord. Darauf hat er die Diplomaten¬</Unicode>
                </TextEquiv>
            </TextLine>
            <TextLine id="r1l44" custom="readingOrder {index:43;}">
                <Coords points="251,1515 1280,1524 1280,1474 1226,1462 252,1457"/>
                <Baseline points="271,1498 320,1499 369,1501 419,1502 468,1502 518,1503 567,1504 616,1504 666,1504 715,1505 765,1505 814,1505 863,1505 913,1505 962,1505 1012,1505 1061,1505 1110,1504 1160,1504 1209,1504 1259,1504"/>
                <TextEquiv>
                    <Unicode>Weib der Antike, des heidnischen Sonnenkults</Unicode>
                </TextEquiv>
            </TextLine>
            <TextLine id="r1l45" custom="readingOrder {index:44;}">
                <Coords points="2296,1517 3294,1521 3348,1506 3348,1456 2296,1459"/>
                <Baseline points="2317,1500 2367,1500 2418,1501 2468,1502 2519,1502 2569,1503 2620,1503 2670,1504 2721,1504 2771,1505 2822,1505 2872,1505 2923,1506 2973,1506 3024,1506 3074,1507 3125,1507 3175,1507 3226,1507 3276,1508 3327,1508"/>
                <TextEquiv>
                    <Unicode>lasse sich gern herab und der Maler Gysar ihm</Unicode>
                </TextEquiv>
            </TextLine>
            <TextLine id="r1l46" custom="readingOrder {index:45;}">
                <Coords points="1284,1554 2298,1558 2298,1508 1285,1504"/>
                <Baseline points="1303,1546 1351,1545 1400,1544 1449,1544 1498,1543 1546,1543 1595,1543 1644,1544 1693,1544 1741,1545 1790,1546 1839,1546 1888,1547 1936,1547 1985,1547 2034,1548 2083,1548 2131,1547 2180,1547 2229,1546 2278,1544"/>
                <TextEquiv>
                    <Unicode>laufbahn verlassen und sich nach Rom zurückgezo¬</Unicode>
                </TextEquiv>
            </TextLine>
            <TextLine id="r1l47" custom="readingOrder {index:46;}">
                <Coords points="235,1542 651,1577 836,1555 867,1582 932,1547 1283,1571 1260,1514 235,1507"/>
                <Baseline points="253,1550 303,1550 354,1550 404,1551 455,1551 505,1551 556,1551 606,1551 657,1551 707,1551 758,1551 808,1551 859,1551 909,1551 960,1551 1010,1552 1061,1552 1111,1552 1162,1553 1212,1553 1263,1554"/>
                <TextEquiv>
                    <Unicode>nehmen, ein Mädchen aus der Fremde in der</Unicode>
                </TextEquiv>
            </TextLine>
            <TextLine id="r1l48" custom="readingOrder {index:47;}">
                <Coords points="2301,1562 3338,1571 3338,1513 3134,1500 2302,1512"/>
                <Baseline points="2321,1548 2370,1548 2420,1549 2470,1550 2520,1551 2570,1551 2620,1552 2669,1553 2719,1554 2769,1554 2819,1555 2869,1556 2919,1556 2969,1557 3018,1557 3068,1557 3118,1557 3168,1557 3218,1556 3268,1555 3318,1554"/>
                <TextEquiv>
                    <Unicode>darauf erwidert, daß es vielleicht der Dichter</Unicode>
                </TextEquiv>
            </TextLine>
            <TextLine id="r1l49" custom="readingOrder {index:48;}">
                <Coords points="1282,1614 2272,1613 2307,1605 2307,1551 1282,1556"/>
                <Baseline points="1303,1598 1352,1596 1401,1595 1450,1594 1500,1594 1549,1593 1598,1593 1648,1593 1697,1594 1746,1594 1796,1595 1845,1595 1894,1596 1943,1597 1993,1597 2042,1597 2091,1597 2141,1597 2190,1597 2239,1596 2289,1595"/>
                <TextEquiv>
                    <Unicode>gen, um gelehrten Studien zu obliegen. Heuer</Unicode>
                </TextEquiv>
            </TextLine>
            <TextLine id="r1l50" custom="readingOrder {index:49;}">
                <Coords points="240,1616 1284,1619 1284,1573 1184,1553 240,1554"/>
                <Baseline points="259,1598 309,1598 359,1599 410,1599 460,1599 510,1600 561,1600 611,1600 661,1601 712,1601 762,1602 812,1602 863,1602 913,1603 963,1603 1014,1603 1064,1603 1114,1604 1165,1604 1215,1604 1266,1604"/>
                <TextEquiv>
                    <Unicode>modernen Umwelt und sich selber befremdend,</Unicode>
                </TextEquiv>
            </TextLine>
            <TextLine id="r1l51" custom="readingOrder {index:50;}">
                <Coords points="2301,1608 3337,1618 3334,1571 3133,1554 2301,1562"/>
                <Baseline points="2321,1600 2370,1600 2420,1600 2470,1600 2520,1600 2570,1601 2619,1601 2669,1601 2719,1602 2769,1603 2819,1604 2868,1604 2918,1605 2968,1605 3018,1606 3068,1606 3117,1607 3167,1607 3217,1607 3267,1607 3317,1606"/>
                <TextEquiv>
                    <Unicode>sei, der sich zu dem Prinzen herablasse, ist von</Unicode>
                </TextEquiv>
            </TextLine>
            <TextLine id="r1l52" custom="readingOrder {index:51;}">
                <Coords points="1285,1649 2306,1656 2306,1606 2268,1602 1285,1584"/>
                <Baseline points="1306,1642 1355,1642 1404,1642 1453,1642 1502,1642 1551,1642 1600,1643 1649,1643 1698,1643 1747,1643 1797,1644 1846,1644 1895,1644 1944,1644 1993,1644 2042,1645 2091,1645 2140,1645 2189,1644 2238,1644 2288,1644"/>
                <TextEquiv>
                    <Unicode>(man schreibt 1914) ist er im Fasching wieder</Unicode>
                </TextEquiv>
            </TextLine>
            <TextLine id="r1l53" custom="readingOrder {index:52;}">
                <Coords points="240,1657 1287,1663 1287,1617 1241,1613 240,1615"/>
                <Baseline points="258,1647 308,1648 359,1648 409,1649 460,1649 511,1649 561,1649 612,1649 662,1649 713,1649 764,1649 814,1648 865,1648 915,1648 966,1648 1017,1649 1067,1649 1118,1650 1168,1650 1219,1651 1270,1652"/>
                <TextEquiv>
                    <Unicode>wenn sie, die gesellschaftlich in den Satzungen</Unicode>
                </TextEquiv>
            </TextLine>
            <TextLine id="r1l54" custom="readingOrder {index:53;}">
                <Coords points="2294,1657 3353,1670 3354,1612 2294,1607"/>
                <Baseline points="2314,1647 2367,1647 2421,1648 2474,1648 2528,1648 2582,1648 2635,1649 2689,1649 2743,1650 2796,1650 2850,1651 2903,1651 2957,1652 3011,1652 3064,1653 3118,1653 3172,1654 3225,1654 3279,1655 3333,1655"/>
                <TextEquiv>
                    <Unicode>der Hauszensur des Burgtheaters gestrichen</Unicode>
                </TextEquiv>
            </TextLine>
            <TextLine id="r1l55" custom="readingOrder {index:54;}">
                <Coords points="1279,1698 2304,1705 2304,1654 2150,1643 1279,1652"/>
                <Baseline points="1299,1693 1348,1692 1397,1692 1446,1692 1495,1692 1545,1692 1594,1692 1643,1692 1692,1692 1741,1692 1791,1693 1840,1693 1889,1693 1938,1693 1987,1693 2037,1693 2086,1694 2135,1694 2184,1694 2233,1694 2283,1694"/>
                <TextEquiv>
                    <Unicode>in Wien aufgetaucht und auf einem Ball im</Unicode>
                </TextEquiv>
            </TextLine>
            <TextLine id="r1l56" custom="readingOrder {index:55;}">
                <Coords points="244,1719 1284,1713 1284,1663 1242,1659 244,1657"/>
                <Baseline points="262,1697 312,1697 362,1697 412,1697 462,1697 512,1697 562,1697 612,1697 662,1697 712,1697 762,1697 812,1697 862,1697 912,1697 962,1697 1012,1697 1062,1698 1112,1698 1162,1698 1212,1699 1263,1700"/>
                <TextEquiv>
                    <Unicode>des Hochadels wurzelt, die Freiheit ihrer Seele</Unicode>
                </TextEquiv>
            </TextLine>
            <TextLine id="r1l57" custom="readingOrder {index:56;}">
                <Coords points="2301,1705 3338,1711 3338,1657 2302,1659"/>
                <Baseline points="2321,1695 2370,1696 2420,1696 2470,1697 2520,1698 2570,1698 2620,1699 2670,1699 2720,1699 2770,1700 2820,1700 2869,1700 2919,1700 2969,1700 3019,1700 3069,1701 3119,1701 3169,1701 3219,1701 3269,1702 3319,1702"/>
                <TextEquiv>
                    <Unicode>worden, was man vielleicht wieder als Anzeichen</Unicode>
                </TextEquiv>
            </TextLine>
            <TextLine id="r1l58" custom="readingOrder {index:57;}">
                <Coords points="1281,1750 2306,1763 2306,1705 2225,1693 1281,1700"/>
                <Baseline points="1301,1741 1350,1741 1399,1741 1448,1741 1498,1741 1547,1741 1596,1741 1645,1742 1695,1742 1744,1742 1793,1742 1842,1742 1892,1742 1941,1742 1990,1742 2039,1742 2089,1742 2138,1742 2187,1742 2236,1741 2286,1741"/>
                <TextEquiv>
                    <Unicode>Hause der Fürstin Degenbach recht unvermutet</Unicode>
                </TextEquiv>
            </TextLine>
            <TextLine id="r1l59" custom="readingOrder {index:58;}">
                <Coords points="232,1760 1284,1761 1284,1715 1214,1707 232,1691"/>
                <Baseline points="253,1749 303,1749 354,1748 404,1748 455,1747 505,1747 556,1746 606,1746 657,1746 707,1745 758,1745 808,1745 859,1745 909,1745 960,1745 1010,1745 1061,1745 1111,1746 1162,1746 1212,1747 1263,1747"/>
                <TextEquiv>
                    <Unicode>gegen das eigene Blut verteidigen muß. — Aus</Unicode>
                </TextEquiv>
            </TextLine>
            <TextLine id="r1l60" custom="readingOrder {index:59;}">
                <Coords points="2297,1753 3360,1778 3360,1720 3280,1707 2297,1703"/>
                <Baseline points="2317,1745 2368,1745 2419,1745 2470,1745 2521,1746 2573,1746 2624,1747 2675,1748 2726,1748 2777,1749 2829,1750 2880,1751 2931,1751 2982,1752 3033,1752 3085,1752 3136,1752 3187,1752 3238,1752 3289,1751 3341,1750"/>
                <TextEquiv>
                    <Unicode>nehmen könnte, daß man sich dort auf die</Unicode>
                </TextEquiv>
            </TextLine>
            <TextLine id="r1l61" custom="readingOrder {index:60;}">
                <Coords points="1287,1801 2308,1797 2308,1751 1287,1743"/>
                <Baseline points="1306,1787 1355,1788 1404,1788 1453,1789 1502,1789 1551,1789 1600,1789 1649,1789 1698,1789 1747,1789 1797,1789 1846,1789 1895,1789 1944,1789 1993,1789 2042,1790 2091,1790 2140,1791 2189,1792 2238,1793 2288,1794"/>
                <TextEquiv>
                    <Unicode>deren Nichte: Aurelie Merkenstein wiederbegeg¬</Unicode>
                </TextEquiv>
            </TextLine>
            <TextLine id="r1l62" custom="readingOrder {index:61;}">
                <Coords points="235,1818 1283,1812 1283,1758 1182,1751 235,1749"/>
                <Baseline points="254,1795 304,1796 355,1796 405,1796 456,1796 506,1796 557,1796 607,1795 658,1795 708,1794 759,1794 809,1793 860,1793 910,1793 961,1793 1011,1793 1062,1793 1112,1794 1163,1795 1213,1796 1264,1797"/>
                <TextEquiv>
                    <Unicode>ferner Urheimat kommt auch die Judith, doch</Unicode>
                </TextEquiv>
            </TextLine>
            <TextLine id="r1l63" custom="readingOrder {index:62;}">
                <Coords points="2297,1802 2802,1825 3230,1797 3361,1837 3361,1752 2298,1748"/>
                <Baseline points="2316,1791 2367,1792 2418,1794 2469,1795 2521,1796 2572,1797 2623,1798 2675,1798 2726,1799 2777,1799 2829,1799 2880,1799 2931,1800 2982,1800 3034,1800 3085,1800 3136,1800 3188,1800 3239,1800 3290,1801 3342,1801"/>
                <TextEquiv>
                    <Unicode>Wiederherstellung der „alten Verhältnisse“ ein¬</Unicode>
                </TextEquiv>
            </TextLine>
            <TextLine id="r1l64" custom="readingOrder {index:63;}">
                <Coords points="243,1846 1280,1863 1280,1809 1164,1797 243,1807"/>
                <Baseline points="261,1843 310,1843 360,1842 410,1842 460,1842 510,1842 560,1842 610,1842 660,1842 710,1842 760,1842 809,1842 859,1842 909,1843 959,1843 1009,1843 1059,1843 1109,1843 1159,1844 1209,1844 1259,1845"/>
                <TextEquiv>
                    <Unicode>kein Mädchen aus der Fremde in der Börsen¬</Unicode>
                </TextEquiv>
            </TextLine>
            <TextLine id="r1l65" custom="readingOrder {index:64;}">
                <Coords points="1276,1848 3329,1864 3330,1807 1276,1798"/>
                <Baseline points="1295,1841 1395,1839 1496,1838 1597,1837 1698,1837 1799,1837 1899,1837 2000,1838 2101,1839 2202,1840 2303,1841 2403,1842 2504,1844 2605,1845 2706,1846 2807,1848 2907,1849 3008,1850 3109,1850 3210,1851 3311,1851"/>
                <TextEquiv>
                    <Unicode>net. Wie Märchenzauber ging’s von der Vielum-richtet — leider nur nicht auf die Wieder¬</Unicode>
                </TextEquiv>
            </TextLine>
            <TextLine id="r1l66" custom="readingOrder {index:65;}">
                <Coords points="1280,1900 2309,1911 2309,1846 2282,1842 1280,1842"/>
                <Baseline points="1298,1885 1347,1885 1397,1885 1446,1886 1496,1886 1545,1886 1595,1886 1644,1887 1694,1887 1743,1887 1793,1887 1842,1888 1892,1888 1941,1888 1991,1888 2040,1888 2090,1888 2139,1888 2189,1888 2238,1888 2288,1888"/>
                <TextEquiv>
                    <Unicode>schwärmten aus, die Alles in's Unwirkliche hob</Unicode>
                </TextEquiv>
            </TextLine>
            <TextLine id="r1l67" custom="readingOrder {index:66;}">
                <Coords points="237,1908 1281,1903 1281,1853 237,1842"/>
                <Baseline points="255,1890 305,1890 355,1891 405,1891 456,1891 506,1892 556,1892 607,1892 657,1892 707,1892 758,1892 808,1892 858,1892 908,1893 959,1893 1009,1893 1059,1893 1110,1893 1160,1893 1210,1893 1261,1894"/>
                <TextEquiv>
                    <Unicode>welt, mit der sie verschwägert ist, und wenn</Unicode>
                </TextEquiv>
            </TextLine>
            <TextLine id="r1l68" custom="readingOrder {index:67;}">
                <Coords points="2284,1917 3190,1896 3340,1924 3340,1851 2285,1856"/>
                <Baseline points="2304,1892 2354,1893 2405,1893 2456,1894 2507,1894 2557,1894 2608,1895 2659,1895 2710,1896 2760,1896 2811,1897 2862,1897 2913,1897 2963,1898 3014,1898 3065,1898 3116,1898 3166,1898 3217,1898 3268,1898 3319,1898"/>
                <TextEquiv>
                    <Unicode>herstellung des alten Burgtheaters.) Der Prinz</Unicode>
                </TextEquiv>
            </TextLine>
            <TextLine id="r1l69" custom="readingOrder {index:68;}">
                <Coords points="1275,1943 2304,1951 2304,1897 2204,1889 1275,1897"/>
                <Baseline points="1294,1934 1343,1934 1393,1935 1442,1935 1492,1935 1541,1935 1591,1936 1640,1936 1690,1937 1739,1937 1789,1937 1838,1937 1888,1938 1937,1938 1987,1938 2036,1938 2086,1938 2135,1938 2185,1938 2234,1937 2284,1937"/>
                <TextEquiv>
                    <Unicode>und paradiesische Fata Morgana an die Stelle der</Unicode>
                </TextEquiv>
            </TextLine>
            <TextLine id="r1l70" custom="readingOrder {index:69;}">
                <Coords points="244,1938 652,1968 1288,1949 1288,1898 244,1899"/>
                <Baseline points="262,1939 312,1941 362,1942 413,1943 463,1943 513,1944 564,1944 614,1943 664,1943 715,1943 765,1942 815,1942 866,1941 916,1941 966,1941 1017,1941 1067,1941 1117,1941 1168,1942 1218,1943 1269,1944"/>
                <TextEquiv>
                    <Unicode>wir im Verlauf der Begebenheiten erfahren, daß</Unicode>
                </TextEquiv>
            </TextLine>
            <TextLine id="r1l71" custom="readingOrder {index:70;}">
                <Coords points="2298,1949 3254,1952 3362,1980 3362,1914 3281,1906 2299,1903"/>
                <Baseline points="2318,1940 2369,1942 2420,1943 2471,1944 2522,1945 2574,1946 2625,1946 2676,1947 2727,1947 2778,1947 2830,1947 2881,1948 2932,1948 2983,1948 3034,1948 3086,1948 3137,1948 3188,1948 3239,1949 3290,1949 3342,1950"/>
                <TextEquiv>
                    <Unicode>spricht vor Doehl seinen Zweifel aus, daß Aurelie,</Unicode>
                </TextEquiv>
            </TextLine>
            <TextLine id="r1l72" custom="readingOrder {index:71;}">
                <Coords points="1270,1989 2183,2003 2294,1996 2295,1946 1270,1950"/>
                <Baseline points="1289,1984 1338,1983 1387,1982 1436,1982 1486,1982 1535,1982 1584,1983 1634,1984 1683,1984 1732,1985 1782,1987 1831,1987 1880,1988 1929,1989 1979,1989 2028,1989 2077,1989 2127,1988 2176,1987 2225,1985 2275,1983"/>
                <TextEquiv>
                    <Unicode>räsonablen Realität setzte. Wer hat da das Diktum</Unicode>
                </TextEquiv>
            </TextLine>
            <TextLine id="r1l73" custom="readingOrder {index:72;}">
                <Coords points="234,2000 1278,2004 1278,1950 234,1950"/>
                <Baseline points="252,1989 302,1989 352,1989 403,1989 453,1989 504,1990 554,1990 604,1990 655,1990 705,1990 756,1990 806,1990 856,1990 907,1990 957,1990 1008,1990 1058,1990 1108,1990 1159,1990 1209,1989 1260,1989"/>
                <TextEquiv>
                    <Unicode> ihr Familienname Asrael lautet, so erkennen</Unicode>
                </TextEquiv>
            </TextLine>
            <TextLine id="r1l74" custom="readingOrder {index:73;}">
                <Coords points="2296,2001 3336,2023 3337,1953 2296,1955"/>
                <Baseline points="2317,1990 2367,1991 2417,1991 2467,1991 2517,1991 2567,1992 2617,1992 2667,1993 2717,1994 2767,1994 2818,1995 2868,1995 2918,1996 2968,1996 3018,1996 3068,1996 3118,1996 3168,1996 3218,1995 3268,1994 3319,1994"/>
                <TextEquiv>
                    <Unicode>die Unberechenbare, wirklich auf diesem Maifest</Unicode>
                </TextEquiv>
            </TextLine>
            <TextLine id="r1l75" custom="readingOrder {index:74;}">
                <Coords points="1270,2045 2295,2044 2295,1990 1270,1987"/>
                <Baseline points="1291,2034 1340,2033 1389,2033 1438,2032 1487,2032 1537,2032 1586,2032 1635,2033 1684,2033 1733,2034 1783,2034 1832,2035 1881,2035 1930,2035 1979,2036 2029,2036 2078,2035 2127,2035 2176,2034 2225,2033 2275,2032"/>
                <TextEquiv>
                    <Unicode>gefällt, Aurelie müsse in eheliche Geborgenheit</Unicode>
                </TextEquiv>
            </TextLine>
            <TextLine id="r1l76" custom="readingOrder {index:75;}">
                <Coords points="242,2051 1282,2055 1283,2001 242,2000"/>
                <Baseline points="261,2039 311,2038 361,2037 411,2037 461,2036 511,2036 561,2037 611,2037 661,2037 711,2038 762,2038 812,2039 862,2039 912,2040 962,2040 1012,2040 1062,2040 1112,2040 1162,2040 1212,2040 1263,2039"/>
                <TextEquiv>
                    <Unicode>wir zwar den semitischen A/rah als Urahn der</Unicode>
                </TextEquiv>
            </TextLine>
            <TextLine id="r1l77" custom="readingOrder {index:76;}">
                <Coords points="2295,2045 3331,2052 3331,2005 3297,2001 2295,1999"/>
                <Baseline points="2313,2038 2363,2038 2413,2039 2463,2040 2513,2040 2563,2040 2613,2041 2663,2041 2713,2041 2763,2041 2813,2042 2863,2042 2913,2042 2963,2042 3013,2043 3063,2043 3113,2043 3163,2044 3213,2044 3263,2045 3313,2045"/>
                <TextEquiv>
                    <Unicode>erscheinen werde. In diesem Moment nähert sich</Unicode>
                </TextEquiv>
            </TextLine>
            <TextLine id="r1l78" custom="readingOrder {index:77;}">
                <Coords points="3305,2065 3324,2067 3341,2053 3360,2055 3368,1982 3341,1980 3332,1986 3313,1985"/>
                <Baseline points="3328,2046 3342,2047"/>
                <TextEquiv>
                    <Unicode></Unicode>
                </TextEquiv>
            </TextLine>
            <TextLine id="r1l79" custom="readingOrder {index:78;}">
                <Coords points="1280,2098 1935,2105 1985,2075 2032,2102 2251,2099 2301,2088 2302,2049 1281,2044"/>
                <Baseline points="1298,2082 1347,2081 1396,2080 1445,2080 1494,2080 1544,2080 1593,2081 1642,2081 1691,2082 1740,2083 1790,2083 1839,2084 1888,2084 1937,2085 1986,2085 2036,2085 2085,2085 2134,2084 2183,2084 2232,2083 2282,2081"/>
                <TextEquiv>
                    <Unicode>gebracht werden? Der Hofstaat der Märchen¬</Unicode>
                </TextEquiv>
            </TextLine>
            <TextLine id="r1l80" custom="readingOrder {index:79;}">
                <Coords points="243,2095 1280,2101 1280,2051 1249,2047 243,2049"/>
                <Baseline points="263,2088 315,2089 368,2089 420,2089 473,2089 525,2089 578,2089 631,2089 683,2088 736,2088 788,2088 841,2087 893,2087 946,2087 999,2087 1051,2087 1104,2087 1156,2087 1209,2088 1262,2089"/>
                <TextEquiv>
                    <Unicode>Sippen, die sich vom Asser zum Ascher moderni¬</Unicode>
                </TextEquiv>
            </TextLine>
            <TextLine id="r1l81" custom="readingOrder {index:80;}">
                <Coords points="2292,2098 3351,2087 3324,2048 2292,2044"/>
                <Baseline points="2309,2087 2360,2088 2411,2088 2462,2088 2513,2089 2565,2089 2616,2089 2667,2090 2718,2090 2769,2090 2821,2091 2872,2091 2923,2092 2974,2092 3025,2093 3077,2093 3128,2093 3179,2094 3230,2094 3281,2095 3333,2095"/>
                <TextEquiv>
                    <Unicode>ihm die maskierte Frau Julia Westerhaus und</Unicode>
                </TextEquiv>
            </TextLine>
            <TextLine id="r1l82" custom="readingOrder {index:81;}">
                <Coords points="1280,2144 1504,2122 1539,2153 1604,2123 1777,2154 2305,2149 2279,2087 1281,2098"/>
                <Baseline points="1300,2129 1349,2129 1398,2129 1447,2128 1497,2128 1546,2128 1595,2129 1645,2129 1694,2129 1743,2130 1793,2130 1842,2131 1891,2131 1940,2131 1990,2132 2039,2132 2088,2132 2138,2132 2187,2132 2236,2132 2286,2131"/>
                <TextEquiv>
                    <Unicode>prinzessin war einmütig darin, daß ihr gezieme,</Unicode>
                </TextEquiv>
            </TextLine>
            <TextLine id="r1l83" custom="readingOrder {index:82;}">
                <Coords points="236,2154 1284,2158 1284,2104 1207,2096 236,2089"/>
                <Baseline points="257,2136 307,2136 357,2136 408,2135 458,2135 508,2135 559,2135 609,2135 659,2135 710,2135 760,2135 810,2135 861,2135 911,2135 961,2136 1012,2136 1062,2137 1112,2137 1163,2138 1213,2139 1264,2141"/>
                <TextEquiv>
                    <Unicode>siert haben, müssen uns aber zugleich überzeugen,</Unicode>
                </TextEquiv>
            </TextLine>
            <TextLine id="r1l84" custom="readingOrder {index:83;}">
                <Coords points="2299,2152 3282,2149 3282,2099 3228,2087 2300,2094"/>
                <Baseline points="2318,2134 2365,2135 2412,2135 2459,2136 2507,2136 2554,2137 2601,2137 2648,2137 2696,2138 2743,2138 2790,2139 2837,2139 2885,2139 2932,2140 2979,2141 3026,2141 3074,2141 3121,2142 3168,2142 3215,2143 3263,2143"/>
                <TextEquiv>
                    <Unicode>verlangt — als seine abgedankten Geliebte</Unicode>
                </TextEquiv>
            </TextLine>
            <TextLine id="r1l85" custom="readingOrder {index:84;}">
                <Coords points="1270,2177 2303,2193 2303,2139 1270,2138"/>
                <Baseline points="1289,2173 1338,2173 1388,2173 1437,2173 1487,2173 1537,2173 1586,2173 1636,2173 1686,2173 1735,2172 1785,2172 1835,2172 1884,2172 1934,2172 1984,2172 2033,2171 2083,2171 2133,2171 2182,2171 2232,2170 2282,2170"/>
                <TextEquiv>
                    <Unicode>sich den Gemahl zu cuich. und da aaren diei</Unicode>
                </TextEquiv>
            </TextLine>
            <TextLine id="r1l86" custom="readingOrder {index:85;}">
                <Coords points="2294,2194 3327,2189 3361,2182 3362,2109 3238,2143 2294,2137"/>
                <Baseline points="2312,2172 2363,2172 2415,2172 2466,2172 2518,2172 2569,2173 2621,2173 2672,2173 2724,2174 2775,2174 2827,2175 2878,2175 2930,2175 2981,2175 3033,2175 3084,2175 3136,2175 3187,2175 3239,2174 3290,2173 3342,2172"/>
                <TextEquiv>
                    <Unicode>werngzstens noeh eine Atschieusvierteistunde gien</Unicode>
                </TextEquiv>
            </TextLine>
            <TextLine id="r1l87" custom="readingOrder {index:86;}">
                <Coords points="240,2189 1284,2194 1284,2155 1176,2143 240,2154"/>
                <Baseline points="260,2183 310,2183 360,2183 410,2183 461,2183 511,2183 561,2183 611,2183 662,2182 712,2182 762,2182 812,2182 863,2182 913,2182 963,2182 1013,2183 1064,2183 1114,2184 1164,2184 1214,2185 1265,2186"/>
                <TextEquiv>
                    <Unicode>daß diese Dame weit abfiel vom Stamm jener</Unicode>
                </TextEquiv>
            </TextLine>
            <TextLine id="r1l88" custom="readingOrder {index:87;}">
                <Coords points="1274,2235 2306,2224 2306,2186 2202,2171 1274,2181"/>
                <Baseline points="1293,2220 1342,2220 1392,2219 1441,2219 1491,2219 1541,2219 1590,2219 1640,2218 1689,2218 1739,2218 1789,2218 1838,2218 1888,2218 1937,2218 1987,2218 2037,2218 2086,2218 2136,2217 2185,2217 2235,2217 2285,2216"/>
                <TextEquiv>
                    <Unicode>Herren, die rasch entschlossen ein Vorrecht an¬</Unicode>
                </TextEquiv>
            </TextLine>
            <TextLine id="r1l89" custom="readingOrder {index:88;}">
                <Coords points="2301,2234 3314,2239 3361,2177 2301,2180"/>
                <Baseline points="2321,2215 2372,2216 2423,2217 2474,2219 2525,2219 2576,2221 2627,2221 2678,2222 2729,2223 2780,2223 2831,2224 2882,2224 2933,2224 2984,2224 3035,2224 3086,2223 3137,2223 3188,2222 3239,2221 3290,2220 3342,2219"/>
                <TextEquiv>
                    <Unicode>Shwöre dir, daß ich mich nicht in deinem Bett</Unicode>
                </TextEquiv>
            </TextLine>
            <TextLine id="r1l90" custom="readingOrder {index:89;}">
                <Coords points="245,2234 757,2259 811,2232 977,2263 1027,2232 1220,2243 1219,2197 245,2191"/>
                <Baseline points="265,2233 311,2233 358,2233 405,2233 452,2233 499,2233 546,2233 592,2233 639,2233 686,2233 733,2233 780,2233 827,2232 874,2232 920,2232 967,2232 1014,2231 1061,2231 1108,2231 1155,2231 1202,2231"/>
                <TextEquiv>
                    <Unicode>Asra, die da sterben, wenn sie lieben.</Unicode>
                </TextEquiv>
            </TextLine>
            <TextLine id="r1l91" custom="readingOrder {index:90;}">
                <Coords points="1279,2280 2265,2285 2319,2265 2319,2223 1279,2237"/>
                <Baseline points="1299,2273 1351,2272 1404,2271 1456,2271 1509,2270 1561,2270 1614,2269 1667,2269 1719,2268 1772,2268 1824,2268 1877,2267 1929,2267 1982,2267 2035,2267 2087,2266 2140,2266 2192,2266 2245,2266 2298,2266"/>
                <TextEquiv>
                    <Unicode>sprachen, um ihr in der zudringlichen Menge</Unicode>
                </TextEquiv>
            </TextLine>
            <TextLine id="r1l92" custom="readingOrder {index:91;}">
                <Coords points="2371,2279 3303,2290 3361,2274 3361,2217 2371,2226"/>
                <Baseline points="2389,2265 2436,2267 2484,2268 2531,2269 2579,2270 2627,2271 2674,2272 2722,2272 2769,2272 2817,2272 2865,2272 2912,2272 2960,2272 3007,2272 3055,2272 3103,2271 3150,2271 3198,2271 3245,2270 3293,2270 3341,2270"/>
                <TextEquiv>
                    <Unicode>osseln werde.“ (Dagegen hat die Burgtheater¬</Unicode>
                </TextEquiv>
            </TextLine>
            <TextLine id="r1l93" custom="readingOrder {index:92;}">
                <Coords points="241,2281 1278,2297 1278,2231 241,2235"/>
                <Baseline points="261,2280 313,2281 366,2281 418,2282 471,2282 523,2282 576,2282 629,2282 681,2283 734,2283 786,2283 839,2282 891,2282 944,2282 997,2282 1049,2282 1102,2282 1154,2282 1207,2282 1260,2281"/>
                <TextEquiv>
                    <Unicode>Seraphine ist Wiener Blut von der feinsten</Unicode>
                </TextEquiv>
            </TextLine>
            <TextLine id="r1l94" custom="readingOrder {index:93;}">
                <Coords points="1279,2329 2265,2331 2307,2323 2307,2273 1279,2283"/>
                <Baseline points="1300,2320 1349,2319 1398,2318 1448,2317 1497,2316 1546,2316 1596,2316 1645,2316 1694,2316 1744,2316 1793,2316 1842,2317 1892,2317 1941,2317 1990,2317 2040,2317 2089,2317 2138,2317 2188,2316 2237,2316 2287,2314"/>
                <TextEquiv>
                    <Unicode>der kühnen Bewerber Luft zu verschaffen: der</Unicode>
                </TextEquiv>
            </TextLine>
            <TextLine id="r1l95" custom="readingOrder {index:94;}">
                <Coords points="2298,2325 3334,2326 3334,2284 3276,2279 2298,2275"/>
                <Baseline points="2316,2316 2366,2316 2416,2317 2466,2317 2516,2318 2566,2318 2616,2319 2666,2319 2716,2319 2766,2320 2816,2320 2866,2320 2916,2320 2966,2321 3016,2321 3066,2321 3116,2321 3166,2320 3216,2320 3266,2320 3316,2319"/>
                <TextEquiv>
                    <Unicode>##ensur selbstverständlich Nichts einzuwenden ge¬</Unicode>
                </TextEquiv>
            </TextLine>
            <TextLine id="r1l96" custom="readingOrder {index:95;}">
                <Coords points="250,2346 1286,2347 1286,2293 1224,2289 250,2288"/>
                <Baseline points="268,2329 317,2330 367,2331 417,2332 467,2332 517,2332 567,2332 617,2332 667,2332 717,2332 767,2332 816,2331 866,2331 916,2331 966,2331 1016,2331 1066,2331 1116,2331 1166,2331 1216,2332 1266,2333"/>
                <TextEquiv>
                    <Unicode>Mischung, die man Künstlerblut nennen müßte,</Unicode>
                </TextEquiv>
            </TextLine>
            <TextLine id="r1l97" custom="readingOrder {index:96;}">
                <Coords points="1283,2384 2308,2381 2307,2323 2207,2312 1283,2327"/>
                <Baseline points="1303,2370 1352,2369 1401,2368 1450,2367 1500,2366 1549,2366 1598,2366 1648,2366 1697,2366 1746,2366 1796,2366 1845,2366 1894,2366 1943,2366 1993,2366 2042,2366 2091,2366 2141,2366 2190,2365 2239,2364 2289,2364"/>
                <TextEquiv>
                    <Unicode>junge Prinz Arduin von Perosa, der sie Cousine</Unicode>
                </TextEquiv>
            </TextLine>
            <TextLine id="r1l98" custom="readingOrder {index:97;}">
                <Coords points="2296,2381 3132,2368 3359,2407 3360,2311 3140,2341 2296,2327"/>
                <Baseline points="2316,2368 2367,2367 2418,2367 2469,2367 2521,2367 2572,2368 2623,2368 2675,2369 2726,2369 2777,2370 2829,2370 2880,2371 2931,2371 2982,2372 3034,2372 3085,2372 3136,2371 3188,2370 3239,2369 3290,2368 3342,2366"/>
                <TextEquiv>
                    <Unicode>habt.) Arduin verschwindet mit ihr, während</Unicode>
                </TextEquiv>
            </TextLine>
            <TextLine id="r1l99" custom="readingOrder {index:98;}">
                <Coords points="238,2377 384,2404 1278,2389 1278,2335 238,2323"/>
                <Baseline points="259,2377 311,2377 364,2378 416,2378 469,2378 521,2378 574,2378 627,2378 679,2378 732,2378 784,2378 837,2378 889,2378 942,2378 995,2378 1047,2378 1100,2378 1152,2378 1205,2378 1258,2378"/>
                <TextEquiv>
                    <Unicode>auch wenn es nicht zur Violinvirtuosin gereicht</Unicode>
                </TextEquiv>
            </TextLine>
            <TextLine id="r1l100" custom="readingOrder {index:99;}">
                <Coords points="1272,2428 2297,2426 2297,2372 1272,2371"/>
                <Baseline points="1293,2417 1342,2416 1391,2416 1440,2415 1489,2415 1539,2415 1588,2415 1637,2415 1686,2415 1735,2415 1785,2415 1834,2415 1883,2415 1932,2415 1981,2415 2031,2415 2080,2414 2129,2414 2178,2414 2227,2414 2277,2413"/>
                <TextEquiv>
                    <Unicode>nennen darf und einen mehr als ebenbürtigen</Unicode>
                </TextEquiv>
            </TextLine>
            <TextLine id="r1l101" custom="readingOrder {index:100;}">
                <Coords points="2297,2426 3341,2427 3341,2388 3264,2373 2297,2379"/>
                <Baseline points="2317,2416 2367,2416 2417,2417 2467,2417 2517,2417 2568,2417 2618,2417 2668,2417 2718,2417 2768,2417 2819,2417 2869,2417 2919,2417 2969,2417 3019,2417 3070,2417 3120,2417 3170,2417 3220,2418 3270,2418 3321,2418"/>
                <TextEquiv>
                    <Unicode>Doehl von Papa Fenz an seinen Tisch am Buffet</Unicode>
                </TextEquiv>
            </TextLine>
            <TextLine id="r1l102" custom="readingOrder {index:101;}">
                <Coords points="237,2430 1277,2434 1277,2387 379,2402 237,2376"/>
                <Baseline points="257,2425 307,2427 357,2428 407,2429 457,2430 507,2431 557,2431 607,2431 657,2431 707,2430 757,2430 807,2429 857,2428 907,2427 957,2427 1007,2426 1057,2426 1107,2426 1157,2425 1207,2426 1258,2426"/>
                <TextEquiv>
                    <Unicode>hätte, denn in ihm blüht und duftet die Köst¬</Unicode>
                </TextEquiv>
            </TextLine>
            <TextLine id="r1l103" custom="readingOrder {index:102;}">
                <Coords points="1283,2475 2308,2477 2308,2423 1283,2425"/>
                <Baseline points="1302,2464 1351,2464 1400,2464 1450,2464 1499,2463 1548,2463 1598,2463 1647,2464 1696,2464 1746,2464 1795,2464 1844,2464 1894,2464 1943,2464 1992,2464 2042,2463 2091,2463 2140,2463 2190,2462 2239,2462 2289,2461"/>
                <TextEquiv>
                    <Unicode>Gatten abgäbe, sodann ein ebenso junger Dichter</Unicode>
                </TextEquiv>
            </TextLine>
            <TextLine id="r1l104" custom="readingOrder {index:103;}">
                <Coords points="2304,2485 3360,2476 3359,2419 2304,2428"/>
                <Baseline points="2322,2470 2373,2470 2424,2469 2475,2469 2526,2469 2577,2468 2628,2468 2679,2468 2730,2468 2781,2467 2832,2467 2883,2467 2934,2467 2985,2467 3036,2466 3087,2466 3138,2466 3189,2466 3240,2465 3291,2465 3342,2465"/>
                <TextEquiv>
                    <Unicode>gezogen wird, wo bald darauf Seraphine sichtbar</Unicode>
                </TextEquiv>
            </TextLine>
            <TextLine id="r1l105" custom="readingOrder {index:104;}">
                <Coords points="245,2488 1285,2491 1285,2445 1227,2434 245,2430"/>
                <Baseline points="266,2477 316,2478 366,2479 416,2479 466,2480 516,2480 566,2479 616,2479 666,2479 716,2478 766,2478 816,2477 866,2477 916,2476 966,2476 1016,2476 1066,2476 1116,2476 1166,2476 1216,2476 1266,2477"/>
                <TextEquiv>
                    <Unicode>lichkeit der Landschaft, in der Beethoven, Haydn,</Unicode>
                </TextEquiv>
            </TextLine>
            <TextLine id="r1l106" custom="readingOrder {index:105;}">
                <Coords points="1273,2528 2252,2526 2302,2518 2302,2472 1273,2474"/>
                <Baseline points="1291,2513 1340,2513 1390,2513 1439,2513 1489,2513 1538,2513 1588,2513 1637,2513 1687,2513 1736,2513 1786,2513 1835,2513 1885,2513 1934,2513 1984,2513 2033,2513 2083,2512 2132,2512 2182,2511 2231,2510 2281,2509"/>
                <TextEquiv>
                    <Unicode>Ambros Doehl, von dessen Versen Aurelie be¬</Unicode>
                </TextEquiv>
            </TextLine>
            <TextLine id="r1l107" custom="readingOrder {index:106;}">
                <Coords points="2295,2532 2657,2509 3335,2537 3335,2468 2295,2474"/>
                <Baseline points="2313,2517 2363,2516 2413,2516 2463,2515 2513,2515 2564,2515 2614,2515 2664,2516 2714,2516 2764,2516 2815,2517 2865,2517 2915,2517 2965,2517 3015,2518 3066,2518 3116,2518 3166,2517 3216,2517 3266,2516 3317,2515"/>
                <TextEquiv>
                    <Unicode>wird. Doehl — den alle Welt zum Vertrauten</Unicode>
                </TextEquiv>
            </TextLine>
            <TextLine id="r1l108" custom="readingOrder {index:107;}">
                <Coords points="250,2548 1279,2541 1279,2483 1186,2475 250,2482"/>
                <Baseline points="270,2521 319,2522 369,2523 418,2523 468,2524 517,2525 567,2526 616,2526 666,2527 715,2527 765,2527 814,2528 864,2528 913,2528 963,2528 1012,2528 1062,2527 1111,2527 1161,2526 1210,2526 1260,2525"/>
                <TextEquiv>
                    <Unicode>Mozart und Schubert zur Edelreife gelangt sind.</Unicode>
                </TextEquiv>
            </TextLine>
            <TextLine id="r1l109" custom="readingOrder {index:108;}">
                <Coords points="1277,2571 2271,2576 2309,2569 2309,2515 1277,2521"/>
                <Baseline points="1296,2564 1345,2563 1395,2563 1445,2562 1495,2562 1544,2562 1594,2562 1644,2561 1694,2561 1743,2561 1793,2561 1843,2561 1893,2561 1942,2561 1992,2561 2042,2561 2092,2561 2141,2561 2191,2561 2241,2561 2291,2561"/>
                <TextEquiv>
                    <Unicode>rauscht ist, und schließlich — gewissermaßen</Unicode>
                </TextEquiv>
            </TextLine>
            <TextLine id="r1l110" custom="readingOrder {index:109;}">
                <Coords points="2296,2570 3301,2581 3359,2569 3359,2511 2296,2520"/>
                <Baseline points="2314,2564 2365,2564 2416,2564 2468,2565 2519,2565 2570,2565 2622,2565 2673,2565 2724,2565 2776,2565 2827,2565 2878,2565 2930,2565 2981,2565 3032,2565 3084,2564 3135,2564 3186,2564 3238,2563 3289,2563 3341,2562"/>
                <TextEquiv>
                    <Unicode>macht und der darum ahnt, daß ihm das Dichter¬</Unicode>
                </TextEquiv>
            </TextLine>
            <TextLine id="r1l111" custom="readingOrder {index:110;}">
                <Coords points="343,2593 1283,2595 1283,2537 343,2543"/>
                <Baseline points="362,2579 407,2580 452,2581 497,2581 542,2582 587,2582 632,2583 677,2583 722,2583 767,2583 812,2583 857,2583 902,2583 947,2583 992,2582 1037,2582 1082,2582 1127,2582 1172,2582 1217,2582 1263,2582"/>
                <TextEquiv>
                    <Unicode>Wenn man genau zusieht, sind nicht nur</Unicode>
                </TextEquiv>
            </TextLine>
            <TextLine id="r1l112" custom="readingOrder {index:111;}">
                <Coords points="1281,2619 3003,2642 3311,2623 3362,2565 1281,2576"/>
                <Baseline points="1301,2613 1403,2611 1505,2610 1607,2609 1709,2609 1811,2609 1913,2610 2015,2610 2117,2611 2219,2612 2321,2613 2423,2613 2525,2614 2627,2615 2729,2615 2831,2615 2933,2615 3035,2614 3137,2613 3239,2611 3342,2609"/>
                <TextEquiv>
                    <Unicode>als Ehrenmitglied im Bunde — der ehemalige loos beschieden ist, mit jeder eigenen Herzens¬</Unicode>
                </TextEquiv>
            </TextLine>
            <TextLine id="r1l113" custom="readingOrder {index:112;}">
                <Coords points="243,2646 1283,2645 1283,2591 243,2600"/>
                <Baseline points="263,2633 313,2633 363,2632 413,2632 463,2632 513,2632 563,2632 613,2632 663,2633 713,2633 764,2633 814,2633 864,2633 914,2633 964,2633 1014,2632 1064,2632 1114,2632 1164,2631 1214,2630 1265,2629"/>
                <TextEquiv>
                    <Unicode>diese drei, sondern überhaupt alle auftretenden</Unicode>
                </TextEquiv>
            </TextLine>
            <TextLine id="r1l114" custom="readingOrder {index:113;}">
                <Coords points="1272,2665 2208,2676 2304,2672 2305,2622 1272,2619"/>
                <Baseline points="1293,2657 1342,2657 1392,2658 1441,2659 1491,2659 1541,2660 1590,2660 1640,2661 1689,2661 1739,2662 1789,2662 1838,2662 1888,2662 1937,2662 1987,2662 2037,2662 2086,2661 2136,2661 2185,2660 2235,2659 2285,2658"/>
                <TextEquiv>
                    <Unicode>Vormund Falkenir, der Mann von Vierzig, der ihr</Unicode>
                </TextEquiv>
            </TextLine>
            <TextLine id="r1l115" custom="readingOrder {index:114;}">
                <Coords points="2301,2668 3341,2682 3341,2609 2301,2622"/>
                <Baseline points="2322,2662 2372,2662 2422,2662 2472,2662 2522,2662 2572,2662 2622,2662 2672,2662 2722,2663 2772,2663 2822,2663 2872,2663 2922,2664 2972,2664 3022,2664 3072,2664 3122,2664 3172,2664 3222,2664 3272,2663 3322,2663"/>
                <TextEquiv>
                    <Unicode>hoffnung enttäuscht zu werden — läßt sich einen</Unicode>
                </TextEquiv>
            </TextLine>
            <TextLine id="r1l116" custom="readingOrder {index:115;}">
                <Coords points="236,2701 1284,2685 1284,2642 1249,2639 236,2639"/>
                <Baseline points="256,2681 306,2681 357,2681 407,2681 458,2681 508,2681 559,2681 609,2680 660,2680 710,2680 761,2680 811,2680 862,2680 912,2679 963,2680 1013,2680 1064,2680 1114,2680 1165,2681 1215,2682 1266,2682"/>
                <TextEquiv>
                    <Unicode>Personen Nachkommen von Schnitzlers uns wohl¬</Unicode>
                </TextEquiv>
            </TextLine>
            <TextLine id="r1l117" custom="readingOrder {index:116;}">
                <Coords points="1287,2716 2305,2715 2274,2665 1287,2669"/>
                <Baseline points="1306,2709 1354,2708 1403,2708 1452,2708 1501,2708 1550,2708 1599,2708 1648,2708 1697,2708 1746,2708 1795,2709 1843,2709 1892,2709 1941,2709 1990,2709 2039,2709 2088,2708 2137,2708 2186,2708 2235,2707 2284,2706"/>
                <TextEquiv>
                    <Unicode>eine bewährte Freundeshand zum Geleite durch’s</Unicode>
                </TextEquiv>
            </TextLine>
            <TextLine id="r1l118" custom="readingOrder {index:117;}">
                <Coords points="2302,2716 3103,2735 3338,2716 3338,2662 2302,2670"/>
                <Baseline points="2323,2709 2372,2709 2422,2709 2472,2710 2522,2710 2572,2710 2621,2711 2671,2711 2721,2712 2771,2712 2821,2713 2870,2713 2920,2713 2970,2713 3020,2713 3070,2713 3119,2713 3169,2713 3219,2712 3269,2711 3319,2710"/>
                <TextEquiv>
                    <Unicode>Strauß glühender Rosen, den er wahrscheinlich</Unicode>
                </TextEquiv>
            </TextLine>
            <TextLine id="r1l119" custom="readingOrder {index:118;}">
                <Coords points="244,2738 1284,2739 1284,2685 244,2692"/>
                <Baseline points="263,2730 313,2731 363,2731 413,2731 463,2731 513,2730 563,2730 613,2730 663,2730 713,2730 763,2729 813,2729 863,2729 913,2729 963,2729 1013,2728 1063,2728 1113,2728 1163,2728 1213,2729 1264,2729"/>
                <TextEquiv>
                    <Unicode>bekannten Geschöpfen, und wir sehen sie vielleicht</Unicode>
                </TextEquiv>
            </TextLine>
            <TextLine id="r1l120" custom="readingOrder {index:119;}">
                <Coords points="1289,2767 2295,2772 2295,2715 1289,2717"/>
                <Baseline points="1308,2758 1356,2758 1404,2759 1453,2759 1501,2759 1550,2759 1598,2759 1646,2759 1695,2759 1743,2759 1792,2759 1840,2759 1888,2759 1937,2759 1985,2758 2034,2758 2082,2758 2130,2757 2179,2757 2227,2756 2276,2756"/>
                <TextEquiv>
                    <Unicode>Leben böte. Aurelie hat dieses Ergebnis einer</Unicode>
                </TextEquiv>
            </TextLine>
            <TextLine id="r1l121" custom="readingOrder {index:120;}">
                <Coords points="2301,2769 3214,2781 3337,2770 3337,2716 2301,2719"/>
                <Baseline points="2320,2762 2369,2761 2419,2760 2469,2760 2519,2760 2569,2760 2618,2761 2668,2761 2718,2761 2768,2762 2818,2762 2867,2763 2917,2763 2967,2763 3017,2763 3067,2763 3116,2763 3166,2762 3216,2761 3266,2759 3316,2758"/>
                <TextEquiv>
                    <Unicode>für Aurelie bereitgehabt hätte, von Seraphine</Unicode>
                </TextEquiv>
            </TextLine>
            <TextLine id="r1l122" custom="readingOrder {index:121;}">
                <Coords points="249,2789 1285,2790 1262,2736 249,2739"/>
                <Baseline points="268,2782 317,2782 367,2781 417,2781 467,2780 517,2780 567,2780 616,2780 666,2780 716,2780 766,2780 816,2780 866,2780 916,2780 965,2780 1015,2780 1065,2780 1115,2779 1165,2779 1215,2779 1265,2778"/>
                <TextEquiv>
                    <Unicode>schärfer als er selbst, der sich träumend von</Unicode>
                </TextEquiv>
            </TextLine>
            <TextLine id="r1l123" custom="readingOrder {index:122;}">
                <Coords points="1287,2814 2300,2809 2300,2774 2254,2767 1287,2764"/>
                <Baseline points="1306,2806 1354,2806 1403,2806 1452,2806 1501,2806 1550,2806 1598,2806 1647,2806 1696,2805 1745,2805 1794,2805 1842,2805 1891,2804 1940,2804 1989,2804 2038,2804 2086,2805 2135,2805 2184,2805 2233,2806 2282,2806"/>
                <TextEquiv>
                    <Unicode>dionysischen Ballnacht-Stimmung willkommen ge¬</Unicode>
                </TextEquiv>
            </TextLine>
            <TextLine id="r1l124" custom="readingOrder {index:123;}">
                <Coords points="2300,2816 3348,2832 3348,2766 2300,2778"/>
                <Baseline points="2320,2806 2370,2807 2420,2808 2471,2809 2521,2809 2572,2810 2622,2811 2672,2811 2723,2812 2773,2812 2824,2812 2874,2812 2924,2812 2975,2812 3025,2811 3076,2811 3126,2810 3176,2809 3227,2808 3277,2806 3328,2805"/>
                <TextEquiv>
                    <Unicode>abschwatzen, als er ihr sein Kompliment über</Unicode>
                </TextEquiv>
            </TextLine>
            <TextLine id="r1l125" custom="readingOrder {index:124;}">
                <Coords points="242,2827 1282,2853 1282,2792 1182,2780 242,2789"/>
                <Baseline points="263,2830 315,2830 368,2829 420,2829 473,2829 525,2829 578,2829 631,2829 683,2830 736,2830 788,2830 841,2830 893,2831 946,2830 999,2830 1051,2830 1104,2829 1156,2828 1209,2827 1262,2826"/>
                <TextEquiv>
                    <Unicode>ihnen antreten ließ, wie ein größerer Dichter,</Unicode>
                </TextEquiv>
            </TextLine>
            <TextLine id="r1l126" custom="readingOrder {index:125;}">
                <Coords points="1273,2859 2306,2876 2306,2822 2271,2814 1273,2805"/>
                <Baseline points="1293,2855 1342,2855 1392,2855 1441,2854 1491,2854 1541,2854 1590,2854 1640,2854 1690,2854 1739,2855 1789,2855 1839,2855 1888,2855 1938,2855 1988,2855 2037,2855 2087,2855 2137,2855 2186,2855 2236,2855 2286,2854"/>
                <TextEquiv>
                    <Unicode>heißen und Bedenkzeit verlangt: drei Monate,</Unicode>
                </TextEquiv>
            </TextLine>
            <TextLine id="r1l127" custom="readingOrder {index:126;}">
                <Coords points="2298,2866 3295,2876 3361,2856 3361,2798 3141,2830 2297,2816"/>
                <Baseline points="2318,2859 2369,2859 2420,2859 2471,2859 2522,2859 2573,2860 2624,2860 2676,2860 2727,2861 2778,2861 2829,2862 2880,2862 2931,2862 2982,2862 3034,2861 3085,2861 3136,2860 3187,2859 3238,2857 3289,2855 3341,2852"/>
                <TextEquiv>
                    <Unicode>ihr improvisiertes Geigenspiel macht. „Es war</Unicode>
                </TextEquiv>
            </TextLine>
            <TextLine id="r1l128" custom="readingOrder {index:127;}">
                <Coords points="247,2888 902,2899 902,2841 247,2834"/>
                <Baseline points="265,2877 295,2878 326,2878 357,2879 388,2879 419,2879 449,2880 480,2880 511,2880 542,2880 573,2880 603,2880 634,2880 665,2879 696,2879 727,2878 757,2877 788,2876 819,2875 850,2873 881,2872"/>
                <TextEquiv>
                    <Unicode>der längst der Welt gehört:</Unicode>
                </TextEquiv>
            </TextLine>
            <TextLine id="r1l129" custom="readingOrder {index:128;}">
                <Coords points="1271,2906 2304,2915 2304,2873 2265,2861 1953,2842 1271,2856"/>
                <Baseline points="1292,2901 1341,2901 1391,2902 1440,2902 1490,2902 1540,2902 1589,2902 1639,2902 1688,2902 1738,2902 1788,2902 1837,2902 1887,2902 1936,2902 1986,2902 2036,2902 2085,2902 2135,2903 2184,2903 2234,2903 2284,2903"/>
                <TextEquiv>
                    <Unicode>in denen sie die drei gleich liebwerten Gesell¬</Unicode>
                </TextEquiv>
            </TextLine>
            <TextLine id="r1l130" custom="readingOrder {index:129;}">
                <Coords points="3109,2925 3167,2923 3186,2911 3213,2925 3263,2912 3332,2910 3331,2867 3284,2857 3165,2865 3150,2878 3107,2871"/>
                <Baseline points="3126,2912 3152,2910 3179,2909 3206,2908 3232,2906 3259,2906 3286,2906 3313,2905"/>
                <TextEquiv>
                    <Unicode>„Phanta¬</Unicode>
                </TextEquiv>
            </TextLine>
            <TextLine id="r1l131" custom="readingOrder {index:130;}">
                <Coords points="2299,2920 3015,2925 3057,2902 3057,2863 2298,2866"/>
                <Baseline points="2317,2908 2353,2908 2389,2908 2425,2909 2461,2909 2497,2909 2533,2909 2569,2909 2605,2909 2641,2909 2677,2909 2713,2909 2749,2908 2785,2908 2821,2908 2857,2908 2893,2907 2929,2907 2965,2906 3001,2906 3038,2906"/>
                <TextEquiv>
                    <Unicode>eine so leidenschaftliche Melodie.“</Unicode>
                </TextEquiv>
            </TextLine>
            <TextLine id="r1l132" custom="readingOrder {index:131;}">
                <Coords points="291,2936 1104,2930 1262,2957 1262,2872 1227,2869 291,2890"/>
                <Baseline points="310,2927 356,2927 403,2927 450,2927 496,2927 543,2927 590,2927 636,2927 683,2927 730,2927 777,2927 823,2927 870,2927 917,2927 963,2928 1010,2928 1057,2928 1103,2928 1150,2928 1197,2929 1244,2929"/>
                <TextEquiv>
                    <Unicode>Ihr drängt euch zu — nun gut, so mögt ihr walten,</Unicode>
                </TextEquiv>
            </TextLine>
            <TextLine id="r1l133" custom="readingOrder {index:132;}">
                <Coords points="1282,2964 2303,2964 2303,2918 2142,2898 1282,2914"/>
                <Baseline points="1302,2950 1351,2950 1400,2950 1449,2950 1498,2950 1547,2951 1596,2951 1645,2952 1694,2953 1743,2954 1793,2954 1842,2955 1891,2955 1940,2955 1989,2955 2038,2955 2087,2955 2136,2954 2185,2953 2234,2951 2284,2949"/>
                <TextEquiv>
                    <Unicode>schafter nicht sehen will, um ungestört zu</Unicode>
                </TextEquiv>
            </TextLine>
            <TextLine id="r1l134" custom="readingOrder {index:133;}">
                <Coords points="2293,2968 3245,2978 3333,2966 3333,2909 2293,2922"/>
                <Baseline points="2312,2956 2362,2955 2412,2955 2462,2955 2512,2956 2562,2956 2612,2957 2662,2958 2712,2958 2762,2959 2813,2960 2863,2960 2913,2961 2963,2961 3013,2961 3063,2960 3113,2959 3163,2958 3213,2957 3263,2954 3314,2952"/>
                <TextEquiv>
                    <Unicode>sieen“, erwidert sie. „Was mein Herz mir ein¬</Unicode>
                </TextEquiv>
            </TextLine>
            <TextLine id="r1l135" custom="readingOrder {index:134;}">
                <Coords points="280,2970 1023,2969 1166,3000 1166,2931 280,2928"/>
                <Baseline points="299,2966 341,2967 383,2968 425,2968 468,2969 510,2969 552,2970 595,2970 637,2970 679,2970 722,2970 764,2970 806,2969 848,2969 891,2969 933,2968 975,2968 1018,2968 1060,2967 1102,2967 1145,2967"/>
                <TextEquiv>
                    <Unicode>Wie ihr aus Dunst und Nebel um mich steigt;</Unicode>
                </TextEquiv>
            </TextLine>
            <TextLine id="r1l136" custom="readingOrder {index:135;}">
                <Coords points="1270,3022 2252,3020 2302,3012 2302,2962 1269,2948"/>
                <Baseline points="1290,3003 1339,3003 1389,3003 1438,3004 1488,3004 1538,3004 1587,3004 1637,3003 1686,3003 1736,3003 1786,3003 1835,3003 1885,3003 1934,3003 1984,3002 2034,3002 2083,3002 2133,3002 2182,3002 2232,3002 2282,3002"/>
                <TextEquiv>
                    <Unicode>überlegen, wem sie ein ganzes Herz schenken</Unicode>
                </TextEquiv>
            </TextLine>
            <TextLine id="r1l137" custom="readingOrder {index:136;}">
                <Coords points="2297,3024 3306,3016 3360,3000 3360,2950 2297,2970"/>
                <Baseline points="2318,3007 2369,3006 2420,3006 2471,3006 2522,3006 2574,3006 2625,3006 2676,3006 2727,3006 2778,3007 2830,3007 2881,3007 2932,3008 2983,3008 3034,3008 3086,3007 3137,3007 3188,3007 3239,3005 3290,3004 3342,3003"/>
                <TextEquiv>
                    <Unicode>gab.“ — „Dann wundert es mich, daß Sie so</Unicode>
                </TextEquiv>
            </TextLine>
            <TextLine id="r1l138" custom="readingOrder {index:137;}">
                <Coords points="279,3004 719,3027 1138,3010 1138,2972 1111,2964 279,2970"/>
                <Baseline points="298,3007 339,3008 380,3009 421,3010 462,3010 503,3010 544,3010 585,3010 626,3010 667,3010 709,3010 750,3009 791,3009 832,3009 873,3008 914,3008 955,3008 996,3008 1037,3008 1078,3008 1120,3008"/>
                <TextEquiv>
                    <Unicode>Mein Busen fühlt sich jugendlich erschüttert</Unicode>
                </TextEquiv>
            </TextLine>
            <TextLine id="r1l139" custom="readingOrder {index:138;}">
                <Coords points="285,3071 1079,3068 1140,3049 1140,3003 285,3009"/>
                <Baseline points="305,3047 345,3047 386,3047 427,3047 468,3047 509,3048 549,3048 590,3048 631,3048 672,3049 713,3049 753,3049 794,3049 835,3049 876,3049 917,3049 957,3049 998,3048 1039,3048 1080,3047 1121,3046"/>
                <TextEquiv>
                    <Unicode>Vom Zauberhauch, der euren Zug umwittert.</Unicode>
                </TextEquiv>
            </TextLine>
            <TextLine id="r1l140" custom="readingOrder {index:139;}">
                <Coords points="1277,3064 2206,3070 2310,3058 2310,3008 1277,3014"/>
                <Baseline points="1298,3053 1347,3053 1397,3053 1446,3053 1496,3053 1545,3053 1595,3053 1644,3052 1694,3052 1743,3052 1793,3052 1843,3051 1892,3051 1942,3051 1991,3051 2041,3051 2090,3051 2140,3051 2189,3052 2239,3052 2289,3053"/>
                <TextEquiv>
                    <Unicode>könne. Am 1. Mai muß Prinz Arduin in seinem</Unicode>
                </TextEquiv>
            </TextLine>
            <TextLine id="r1l141" custom="readingOrder {index:140;}">
                <Coords points="2299,3073 3362,3079 3362,2998 2299,3023"/>
                <Baseline points="2317,3054 2368,3055 2419,3055 2470,3055 2522,3056 2573,3056 2624,3056 2675,3057 2727,3057 2778,3057 2829,3057 2880,3057 2932,3057 2983,3057 3034,3057 3085,3056 3137,3055 3188,3054 3239,3053 3290,3052 3342,3050"/>
                <TextEquiv>
                    <Unicode>aufrichtig gewesen sind, Seraphine.“ (Unsinni¬</Unicode>
                </TextEquiv>
            </TextLine>
            <TextLine id="r1l142" custom="readingOrder {index:141;}">
                <Coords points="1286,3102 2307,3119 2307,3062 2141,3050 1286,3056"/>
                <Baseline points="1304,3100 1353,3101 1402,3101 1451,3101 1500,3101 1549,3101 1598,3101 1647,3101 1696,3100 1745,3100 1795,3100 1844,3100 1893,3099 1942,3099 1991,3099 2040,3099 2089,3099 2138,3099 2187,3099 2236,3100 2286,3101"/>
                <TextEquiv>
                    <Unicode>Wiener Palais ein Parkfest zugunsten einer, von</Unicode>
                </TextEquiv>
            </TextLine>
            <TextLine id="r1l143" custom="readingOrder {index:142;}">
                <Coords points="328,3113 1295,3114 1295,3060 1230,3041 328,3059"/>
                <Baseline points="349,3102 395,3101 441,3101 488,3101 534,3101 581,3101 627,3101 673,3101 720,3101 766,3101 813,3101 859,3101 905,3102 952,3102 998,3102 1045,3102 1091,3102 1137,3102 1184,3102 1230,3101 1277,3101"/>
                <TextEquiv>
                    <Unicode>Die „schwankenden Gestalten“, sie sind bei</Unicode>
                </TextEquiv>
            </TextLine>
            <TextLine id="r1l144" custom="readingOrder {index:143;}">
                <Coords points="2298,3129 2398,3094 2668,3128 3361,3110 3311,3056 2298,3063"/>
                <Baseline points="2317,3107 2368,3107 2419,3106 2470,3106 2522,3106 2573,3106 2624,3106 2675,3106 2727,3106 2778,3106 2829,3106 2880,3106 2932,3106 2983,3106 3034,3105 3085,3105 3137,3105 3188,3104 3239,3104 3290,3103 3342,3102"/>
                <TextEquiv>
                    <Unicode>ger Weise legt der Darsteller den Hauptton auf</Unicode>
                </TextEquiv>
            </TextLine>
            <TextLine id="r1l145" custom="readingOrder {index:144;}">
                <Coords points="1279,3154 2300,3160 2300,3114 2219,3103 1279,3100"/>
                <Baseline points="1300,3149 1349,3150 1398,3150 1447,3150 1496,3149 1545,3149 1594,3149 1643,3149 1692,3148 1741,3148 1791,3148 1840,3148 1889,3147 1938,3147 1987,3147 2036,3148 2085,3148 2134,3148 2183,3149 2232,3150 2282,3151"/>
                <TextEquiv>
                    <Unicode>der Fürstin Degenbach patronisierten Wohltätig¬</Unicode>
                </TextEquiv>
            </TextLine>
            <TextLine id="r1l146" custom="readingOrder {index:145;}">
                <Coords points="247,3159 1291,3161 1291,3115 1199,3103 478,3120 247,3093"/>
                <Baseline points="265,3151 315,3151 365,3151 415,3151 466,3151 516,3151 566,3151 617,3151 667,3151 717,3151 768,3151 818,3151 868,3151 918,3150 969,3150 1019,3150 1069,3150 1120,3150 1170,3150 1220,3150 1271,3150"/>
                <TextEquiv>
                    <Unicode>Schnitzler stets Menschen von Fleisch und Blut</Unicode>
                </TextEquiv>
            </TextLine>
            <TextLine id="r1l147" custom="readingOrder {index:146;}">
                <Coords points="2296,3171 3314,3166 3360,3151 3360,3112 2296,3114"/>
                <Baseline points="2316,3156 2367,3155 2418,3154 2469,3154 2521,3154 2572,3153 2623,3153 2674,3153 2726,3153 2777,3154 2828,3154 2879,3154 2931,3154 2982,3154 3033,3154 3084,3154 3136,3154 3187,3154 3238,3153 3289,3152 3341,3151"/>
                <TextEquiv>
                    <Unicode>„Sie“, was schon das einleitende „Dann“ verbôte,</Unicode>
                </TextEquiv>
            </TextLine>
            <TextLine id="r1l148" custom="readingOrder {index:147;}">
                <Coords points="1284,3208 2309,3198 2309,3168 2078,3148 1284,3154"/>
                <Baseline points="1302,3197 1351,3197 1400,3197 1450,3196 1499,3196 1549,3196 1598,3197 1647,3197 1697,3197 1746,3198 1796,3198 1845,3198 1894,3199 1944,3199 1993,3199 2043,3199 2092,3199 2141,3198 2191,3198 2240,3197 2290,3196"/>
                <TextEquiv>
                    <Unicode>keitsaktion geben; da will man zur Mitter¬</Unicode>
                </TextEquiv>
            </TextLine>
            <TextLine id="r1l149" custom="readingOrder {index:148;}">
                <Coords points="237,3213 1258,3212 1281,3158 237,3159"/>
                <Baseline points="255,3200 305,3200 355,3200 406,3200 456,3200 507,3200 557,3200 607,3200 658,3200 708,3200 759,3200 809,3200 859,3200 910,3200 960,3200 1011,3200 1061,3200 1111,3200 1162,3199 1212,3199 1263,3199"/>
                <TextEquiv>
                    <Unicode>gewesen; darum kann er ihnen mit der nach¬</Unicode>
                </TextEquiv>
            </TextLine>
            <TextLine id="r1l150" custom="readingOrder {index:149;}">
                <Coords points="2298,3211 3107,3204 3361,3235 3361,3150 2298,3172"/>
                <Baseline points="2318,3199 2369,3200 2420,3200 2471,3200 2522,3200 2574,3201 2625,3201 2676,3201 2727,3201 2778,3201 2830,3201 2881,3201 2932,3201 2983,3201 3034,3201 3086,3201 3137,3201 3188,3201 3239,3201 3290,3200 3342,3200"/>
                <TextEquiv>
                    <Unicode>so daß eine Sottise daraus wird.) Ihre Schwester</Unicode>
                </TextEquiv>
            </TextLine>
            <TextLine id="r1l151" custom="readingOrder {index:150;}">
                <Coords points="1270,3252 2303,3260 2303,3202 1270,3206"/>
                <Baseline points="1291,3246 1340,3246 1390,3246 1439,3246 1489,3245 1539,3245 1588,3245 1638,3245 1688,3245 1737,3245 1787,3245 1837,3245 1886,3245 1936,3245 1986,3245 2035,3246 2085,3246 2135,3246 2184,3246 2234,3246 2284,3246"/>
                <TextEquiv>
                    <Unicode>Inachtsstunde am Schloßteich zusammentreffen, und</Unicode>
                </TextEquiv>
            </TextLine>
            <TextLine id="r1l152" custom="readingOrder {index:151;}">
                <Coords points="251,3270 1171,3276 1287,3260 1287,3206 250,3205"/>
                <Baseline points="269,3251 319,3250 369,3250 419,3250 469,3250 519,3250 569,3249 619,3249 669,3249 719,3249 769,3249 819,3249 869,3249 919,3249 969,3249 1019,3249 1069,3248 1119,3248 1169,3248 1219,3248 1269,3248"/>
                <TextEquiv>
                    <Unicode>reifenden Seelenkunde neue Lebensgeheimnisse</Unicode>
                </TextEquiv>
            </TextLine>
            <TextLine id="r1l153" custom="readingOrder {index:152;}">
                <Coords points="2294,3262 3357,3250 3357,3223 3280,3207 2294,3212"/>
                <Baseline points="2313,3249 2364,3250 2415,3250 2466,3250 2518,3250 2569,3250 2620,3250 2672,3250 2723,3250 2774,3250 2826,3249 2877,3249 2928,3249 2979,3249 3031,3249 3082,3249 3133,3249 3185,3249 3236,3250 3287,3250 3339,3251"/>
                <TextEquiv>
                    <Unicode>führt nun einen Leutnant ein, der bei Papa um</Unicode>
                </TextEquiv>
            </TextLine>
            <TextLine id="r1l154" custom="readingOrder {index:153;}">
                <Coords points="1273,3298 1323,3322 1685,3289 2209,3316 2309,3305 2310,3251 1273,3252"/>
                <Baseline points="1294,3293 1343,3292 1393,3292 1443,3292 1493,3292 1543,3292 1593,3293 1643,3293 1693,3293 1743,3294 1793,3294 1842,3295 1892,3295 1942,3296 1992,3296 2042,3297 2092,3297 2142,3297 2192,3297 2242,3297 2292,3296"/>
                <TextEquiv>
                    <Unicode>Aurelie wird ihre Entscheidung bekanntgeben.</Unicode>
                </TextEquiv>
            </TextLine>
            <TextLine id="r1l155" custom="readingOrder {index:154;}">
                <Coords points="250,3309 1286,3323 1286,3266 1224,3258 250,3255"/>
                <Baseline points="270,3298 319,3297 369,3297 419,3297 469,3297 518,3297 568,3297 618,3297 668,3297 717,3297 767,3297 817,3297 867,3297 916,3297 966,3297 1016,3297 1066,3297 1115,3297 1165,3296 1215,3296 1265,3295"/>
                <TextEquiv>
                    <Unicode>abhorchen — und darüber staunen gleich uns.</Unicode>
                </TextEquiv>
            </TextLine>
            <TextLine id="r1l156" custom="readingOrder {index:155;}">
                <Coords points="2306,3314 3338,3323 3338,3250 2305,3260"/>
                <Baseline points="2323,3299 2372,3299 2422,3300 2472,3300 2522,3301 2571,3301 2621,3301 2671,3300 2721,3300 2770,3300 2820,3300 2870,3299 2920,3299 2969,3299 3019,3298 3069,3298 3119,3298 3168,3298 3218,3298 3268,3298 3318,3298"/>
                <TextEquiv>
                    <Unicode>ihre Hand anhält. Das Familien-Idyll wird durch</Unicode>
                </TextEquiv>
            </TextLine>
            <TextLine id="r1l157" custom="readingOrder {index:156;}">
                <Coords points="1362,3344 2302,3355 2302,3308 2236,3300 1362,3302"/>
                <Baseline points="1382,3342 1427,3342 1472,3343 1517,3343 1562,3343 1607,3343 1652,3344 1697,3344 1742,3344 1787,3344 1833,3344 1878,3344 1923,3344 1968,3344 2013,3344 2058,3344 2103,3345 2148,3345 2193,3345 2238,3345 2284,3345"/>
                <TextEquiv>
                    <Unicode>Der erste Akt bringt dieses Frühlingsnacht¬</Unicode>
                </TextEquiv>
            </TextLine>
            <TextLine id="r1l158" custom="readingOrder {index:157;}">
                <Coords points="241,3366 1289,3355 1289,3305 1193,3298 241,3301"/>
                <Baseline points="261,3349 311,3349 361,3348 412,3347 462,3347 513,3347 563,3347 613,3346 664,3346 714,3346 765,3346 815,3346 865,3346 916,3346 966,3346 1017,3346 1067,3346 1117,3346 1168,3345 1218,3345 1269,3345"/>
                <TextEquiv>
                    <Unicode>Er hat seinen Faust aus den. Don Juan-Pro¬</Unicode>
                </TextEquiv>
            </TextLine>
            <TextLine id="r1l159" custom="readingOrder {index:158;}">
                <Coords points="2294,3357 3323,3365 3346,3303 2294,3314"/>
                <Baseline points="2313,3349 2363,3349 2414,3349 2464,3349 2515,3349 2566,3349 2616,3349 2667,3349 2718,3349 2768,3349 2819,3348 2870,3348 2920,3348 2971,3348 3022,3348 3072,3348 3123,3347 3174,3347 3224,3347 3275,3346 3326,3346"/>
                <TextEquiv>
                    <Unicode>zwei weibliche Masken gestört, die den alten</Unicode>
                </TextEquiv>
            </TextLine>
            <TextLine id="r1l160" custom="readingOrder {index:159;}">
                <Coords points="1284,3399 2321,3423 2321,3338 1285,3345"/>
                <Baseline points="1305,3392 1354,3392 1404,3392 1454,3392 1504,3392 1554,3391 1604,3391 1653,3391 1703,3391 1753,3391 1803,3392 1853,3392 1903,3392 1953,3392 2002,3393 2052,3393 2102,3394 2152,3394 2202,3395 2252,3396 2302,3397"/>
                <TextEquiv>
                    <Unicode>Maskenfest im feenhaft beleuchteten Park des</Unicode>
                </TextEquiv>
            </TextLine>
            <TextLine id="r1l161" custom="readingOrder {index:160;}">
                <Coords points="247,3397 1291,3405 1291,3351 247,3351"/>
                <Baseline points="267,3397 317,3397 367,3397 417,3397 468,3396 518,3396 568,3396 619,3395 669,3395 719,3395 770,3394 820,3394 870,3394 920,3394 971,3394 1021,3393 1071,3394 1122,3394 1172,3394 1222,3394 1273,3395"/>
                <TextEquiv>
                    <Unicode>blem entwickelt und sein Ewigweibliches nicht</Unicode>
                </TextEquiv>
            </TextLine>
            <TextLine id="r1l162" custom="readingOrder {index:161;}">
                <Coords points="2311,3407 2654,3395 2874,3426 3178,3387 3244,3421 3336,3406 3336,3352 2311,3357"/>
                <Baseline points="2330,3397 2379,3397 2428,3397 2477,3397 2527,3397 2576,3398 2625,3398 2675,3398 2724,3398 2773,3397 2823,3397 2872,3397 2921,3397 2970,3397 3020,3397 3069,3397 3118,3397 3168,3397 3217,3396 3266,3396 3316,3396"/>
                <TextEquiv>
                    <Unicode>Vokativus von Kammersänger in die Ferne</Unicode>
                </TextEquiv>
            </TextLine>
            <TextLine id="r1l163" custom="readingOrder {index:162;}">
                <Coords points="1283,3458 2300,3455 2300,3416 2204,3396 1283,3400"/>
                <Baseline points="1301,3442 1350,3441 1399,3440 1448,3440 1497,3440 1546,3440 1595,3440 1644,3440 1693,3440 1742,3440 1791,3441 1840,3441 1889,3442 1938,3442 1987,3442 2036,3443 2085,3443 2134,3444 2183,3444 2232,3444 2282,3444"/>
                <TextEquiv>
                    <Unicode>Prinzen von Perosa. Hier ist der Teich und da¬</Unicode>
                </TextEquiv>
            </TextLine>
            <TextLine id="r1l164" custom="readingOrder {index:163;}">
                <Coords points="242,3444 1290,3456 1290,3402 242,3390"/>
                <Baseline points="263,3441 313,3442 363,3442 413,3442 464,3442 514,3443 564,3443 615,3443 665,3443 715,3443 766,3443 816,3443 866,3443 916,3442 967,3442 1017,3442 1067,3442 1118,3442 1168,3442 1218,3443 1269,3443"/>
                <TextEquiv>
                    <Unicode>zur Errettung berufen. sondern zu Don Juans</Unicode>
                </TextEquiv>
            </TextLine>
            <TextLine id="r1l165" custom="readingOrder {index:164;}">
                <Coords points="2300,3456 3340,3464 3340,3402 3182,3390 2300,3402"/>
                <Baseline points="2320,3446 2372,3445 2425,3445 2477,3445 2530,3445 2582,3446 2635,3446 2688,3446 2740,3446 2793,3447 2845,3447 2898,3447 2950,3447 3003,3447 3056,3447 3108,3446 3161,3446 3213,3445 3266,3444 3319,3443"/>
                <TextEquiv>
                    <Unicode>locken. Bald darauf taucht auf dem Kiesweg am</Unicode>
                </TextEquiv>
            </TextLine>
            <TextLine id="r1l166" custom="readingOrder {index:165;}">
                <Coords points="1277,3509 2275,3508 2302,3450 1277,3452"/>
                <Baseline points="1298,3492 1347,3491 1396,3490 1445,3490 1494,3489 1544,3489 1593,3489 1642,3489 1691,3489 1740,3490 1790,3490 1839,3490 1888,3491 1937,3491 1986,3491 2036,3492 2085,3492 2134,3492 2183,3492 2232,3492 2282,3492"/>
                <TextEquiv>
                    <Unicode>neben auf einer der Terrassen, in denen sich</Unicode>
                </TextEquiv>
            </TextLine>
            <TextLine id="r1l167" custom="readingOrder {index:166;}">
                <Coords points="253,3493 1282,3502 1282,3452 253,3459"/>
                <Baseline points="271,3492 320,3493 370,3494 419,3495 469,3495 518,3495 568,3495 617,3495 667,3495 716,3494 766,3494 815,3493 865,3493 914,3492 964,3492 1013,3492 1063,3492 1112,3492 1162,3492 1211,3492 1261,3493"/>
                <TextEquiv>
                    <Unicode>Uberwindung und zu Faustens Erleuchtung: daß</Unicode>
                </TextEquiv>
            </TextLine>
            <TextLine id="r1l168" custom="readingOrder {index:167;}">
                <Coords points="2297,3500 3306,3505 3333,3448 2297,3454"/>
                <Baseline points="2315,3495 2367,3495 2420,3495 2472,3495 2525,3495 2577,3495 2630,3495 2683,3495 2735,3496 2788,3496 2840,3496 2893,3496 2945,3496 2998,3495 3051,3495 3103,3494 3156,3494 3208,3493 3261,3492 3314,3490"/>
                <TextEquiv>
                    <Unicode>Teich der berühmte Max v. Reisenberg auf (Karl</Unicode>
                </TextEquiv>
            </TextLine>
            <TextLine id="r1l169" custom="readingOrder {index:168;}">
                <Coords points="3328,3479 3342,3483 3342,3538 3328,3534"/>
                <Baseline points="3328,3492 3342,3496"/>
                <TextEquiv>
                    <Unicode></Unicode>
                </TextEquiv>
            </TextLine>
            <TextLine id="r1l170" custom="readingOrder {index:169;}">
                <Coords points="1282,3549 2226,3560 2307,3549 2307,3502 1282,3503"/>
                <Baseline points="1301,3541 1350,3540 1399,3539 1449,3538 1498,3538 1548,3537 1597,3537 1646,3537 1696,3537 1745,3537 1795,3538 1844,3538 1893,3538 1943,3539 1992,3539 2042,3540 2091,3540 2140,3541 2190,3542 2239,3542 2289,3543"/>
                <TextEquiv>
                    <Unicode>der Park zur Höhe des Belvederes aufstuft, das</Unicode>
                </TextEquiv>
            </TextLine>
            <TextLine id="r1l171" custom="readingOrder {index:170;}">
                <Coords points="245,3540 866,3570 924,3543 1290,3546 1289,3503 1255,3500 245,3490"/>
                <Baseline points="263,3542 313,3542 363,3541 414,3541 464,3541 515,3541 565,3541 615,3541 666,3541 716,3540 767,3540 817,3540 867,3540 918,3540 968,3540 1019,3540 1069,3540 1119,3540 1170,3540 1220,3540 1271,3540"/>
                <TextEquiv>
                    <Unicode>einer grüblerischen Psychologie die Traumwand¬</Unicode>
                </TextEquiv>
            </TextLine>
            <TextLine id="r1l172" custom="readingOrder {index:171;}">
                <Coords points="2301,3551 3341,3559 3341,3498 3091,3479 2894,3511 2301,3505"/>
                <Baseline points="2320,3545 2370,3544 2420,3544 2470,3543 2520,3543 2570,3543 2620,3542 2670,3542 2720,3542 2770,3542 2821,3542 2871,3542 2921,3542 2971,3542 3021,3542 3071,3541 3121,3541 3171,3541 3221,3541 3271,3540 3322,3540"/>
                <TextEquiv>
                    <Unicode>Günther, der jugendliche Bonvivant vom Deutschen</Unicode>
                </TextEquiv>
            </TextLine>
            <TextLine id="r1l173" custom="readingOrder {index:172;}">
                <Coords points="1282,3604 2307,3608 2307,3558 2250,3547 1283,3550"/>
                <Baseline points="1303,3588 1352,3587 1401,3586 1450,3586 1499,3585 1549,3585 1598,3585 1647,3585 1696,3586 1745,3586 1795,3586 1844,3587 1893,3587 1942,3588 1991,3588 2041,3588 2090,3589 2139,3589 2188,3589 2237,3590 2287,3590"/>
                <TextEquiv>
                    <Unicode>Champagnerzelt der Fürstin (Witt), wo auch die</Unicode>
                </TextEquiv>
            </TextLine>
            <TextLine id="r1l174" custom="readingOrder {index:173;}">
                <Coords points="2308,3610 3310,3606 3360,3582 3360,3540 2308,3552"/>
                <Baseline points="2326,3590 2376,3590 2427,3590 2478,3590 2529,3590 2580,3590 2630,3590 2681,3591 2732,3591 2783,3591 2834,3591 2884,3591 2935,3591 2986,3591 3037,3591 3088,3591 3138,3591 3189,3590 3240,3590 3291,3589 3342,3588"/>
                <TextEquiv>
                    <Unicode>Volkstheater, der auf Wunsch des Verfassers</Unicode>
                </TextEquiv>
            </TextLine>
            <TextLine id="r1l175" custom="readingOrder {index:174;}">
                <Coords points="248,3596 1291,3620 1292,3547 248,3546"/>
                <Baseline points="268,3588 318,3589 368,3590 418,3590 468,3591 519,3591 569,3592 619,3592 669,3593 719,3593 770,3594 820,3594 870,3594 920,3594 970,3594 1021,3594 1071,3594 1121,3594 1171,3594 1221,3593 1272,3593"/>
                <TextEquiv>
                    <Unicode>ler-Sicherheit vorzuziehn ist, mit der ein richtig</Unicode>
                </TextEquiv>
            </TextLine>
            <TextLine id="r1l176" custom="readingOrder {index:175;}">
                <Coords points="1274,3641 2187,3660 2314,3652 2315,3591 1274,3599"/>
                <Baseline points="1293,3637 1343,3636 1393,3636 1443,3636 1493,3636 1543,3635 1593,3636 1644,3636 1694,3636 1744,3636 1794,3636 1844,3637 1894,3637 1944,3637 1995,3638 2045,3638 2095,3638 2145,3638 2195,3639 2245,3639 2296,3639"/>
                <TextEquiv>
                    <Unicode>lungehende Sängerin Judith Asrael (Aknay)</Unicode>
                </TextEquiv>
            </TextLine>
            <TextLine id="r1l177" custom="readingOrder {index:176;}">
                <Coords points="260,3648 1289,3662 1289,3596 260,3598"/>
                <Baseline points="278,3640 327,3639 377,3639 426,3639 476,3639 525,3639 575,3639 624,3640 674,3640 723,3640 773,3640 823,3641 872,3641 922,3641 971,3640 1021,3640 1070,3640 1120,3639 1169,3637 1219,3636 1269,3634"/>
                <TextEquiv>
                    <Unicode>Verliebter an allen natürlichen Abgründen vor¬</Unicode>
                </TextEquiv>
            </TextLine>
            <TextLine id="r1l178" custom="readingOrder {index:177;}">
                <Coords points="2290,3650 3334,3651 3334,3597 2290,3592"/>
                <Baseline points="2310,3642 2360,3642 2410,3641 2460,3641 2511,3641 2561,3641 2611,3641 2662,3641 2712,3640 2762,3640 2813,3640 2863,3640 2913,3640 2963,3640 3014,3640 3064,3640 3114,3640 3165,3639 3215,3639 3265,3639 3316,3639"/>
                <TextEquiv>
                    <Unicode>engagiert worden ist). Das ist der Sohn des</Unicode>
                </TextEquiv>
            </TextLine>
            <TextLine id="r1l179" custom="readingOrder {index:178;}">
                <Coords points="251,3701 301,3702 312,3714 332,3702 355,3710 382,3695 417,3703 474,3696 482,3704 494,3693 532,3697 533,3666 490,3662 475,3646 386,3645 367,3657 356,3649 309,3656 286,3644 275,3652 252,3648"/>
                <Baseline points="271,3682 298,3684 325,3685 352,3685 379,3684 406,3683 433,3683 460,3684 487,3686 515,3690"/>
                <TextEquiv>
                    <Unicode>beikommt.</Unicode>
                </TextEquiv>
            </TextLine>
            <TextLine id="r1l180" custom="readingOrder {index:179;}">
                <Coords points="1271,3686 2307,3700 2307,3653 2273,3646 1271,3640"/>
                <Baseline points="1290,3683 1340,3684 1390,3685 1440,3685 1490,3686 1540,3686 1590,3686 1640,3686 1690,3687 1740,3687 1790,3687 1840,3687 1890,3687 1940,3687 1990,3687 2040,3687 2090,3687 2140,3687 2190,3686 2240,3686 2290,3686"/>
                <TextEquiv>
                    <Unicode>Ehrendienst macht und sich nach und nach</Unicode>
                </TextEquiv>
            </TextLine>
            <TextLine id="r1l181" custom="readingOrder {index:180;}">
                <Coords points="2300,3699 3314,3707 3337,3641 2300,3649"/>
                <Baseline points="2318,3690 2367,3690 2417,3691 2467,3691 2517,3691 2567,3691 2617,3691 2667,3691 2717,3691 2767,3691 2817,3691 2866,3691 2916,3690 2966,3690 3016,3690 3066,3689 3116,3689 3166,3688 3216,3688 3266,3688 3316,3687"/>
                <TextEquiv>
                    <Unicode>Juweliers, der im Duell mit Graf Merkenstein</Unicode>
                </TextEquiv>
            </TextLine>
            <TextLine id="r1l182" custom="readingOrder {index:181;}">
                <Coords points="1284,3744 2297,3747 2297,3697 2186,3689 1284,3694"/>
                <Baseline points="1305,3733 1353,3733 1402,3733 1450,3734 1499,3734 1548,3734 1596,3735 1645,3735 1694,3735 1742,3735 1791,3735 1840,3736 1888,3736 1937,3736 1986,3736 2034,3736 2083,3736 2132,3736 2180,3735 2229,3735 2278,3735"/>
                <TextEquiv>
                    <Unicode>zwanglose Gruppen zusammenlinden. Da haben</Unicode>
                </TextEquiv>
            </TextLine>
            <TextLine id="r1l183" custom="readingOrder {index:182;}">
                <Coords points="344,3733 1184,3753 1288,3742 1288,3672 934,3699 583,3668 344,3699"/>
                <Baseline points="362,3732 407,3733 452,3734 498,3735 543,3736 589,3736 634,3736 679,3737 725,3737 770,3737 816,3737 861,3737 906,3736 952,3736 997,3736 1043,3735 1088,3735 1133,3735 1179,3735 1224,3735 1270,3734"/>
                <TextEquiv>
                    <Unicode>Gräfin Aurelie Merkenstein ist das Schnitz¬</Unicode>
                </TextEquiv>
            </TextLine>
            <TextLine id="r1l184" custom="readingOrder {index:183;}">
                <Coords points="2294,3756 3342,3732 3342,3705 3265,3693 2294,3699"/>
                <Baseline points="2312,3740 2362,3739 2413,3738 2463,3738 2514,3738 2565,3737 2615,3737 2666,3737 2716,3737 2767,3737 2818,3737 2868,3737 2919,3737 2969,3737 3020,3737 3071,3737 3121,3737 3172,3737 3222,3737 3273,3737 3324,3737"/>
                <TextEquiv>
                    <Unicode>fiel, Elegant und Beau, Lebejüngling und Müßig¬</Unicode>
                </TextEquiv>
            </TextLine>
            <TextLine id="r1l185" custom="readingOrder {index:184;}">
                <Coords points="251,3783 1291,3797 1291,3743 251,3733"/>
                <Baseline points="269,3785 319,3785 369,3784 419,3784 469,3783 519,3782 569,3782 620,3782 670,3781 720,3781 770,3781 820,3781 870,3781 920,3781 971,3781 1021,3781 1071,3782 1121,3783 1171,3783 1221,3784 1272,3785"/>
                <TextEquiv>
                    <Unicode>ler'sche Vollweib. (Einem Vollmann sind wir bei</Unicode>
                </TextEquiv>
            </TextLine>
            <TextLine id="r1l186" custom="readingOrder {index:185;}">
                <Coords points="1293,3798 2310,3800 2311,3746 1293,3744"/>
                <Baseline points="1313,3782 1361,3782 1410,3783 1459,3783 1508,3783 1557,3783 1606,3784 1654,3784 1703,3784 1752,3784 1801,3784 1850,3784 1899,3784 1948,3784 1996,3784 2045,3784 2094,3784 2143,3784 2192,3785 2241,3785 2290,3785"/>
                <TextEquiv>
                    <Unicode>wir den Bankpräsidenten Westerhaus (Marr) mit</Unicode>
                </TextEquiv>
            </TextLine>
            <TextLine id="r1l187" custom="readingOrder {index:186;}">
                <Coords points="2296,3805 3352,3797 3351,3746 3317,3743 2296,3755"/>
                <Baseline points="2317,3789 2367,3788 2418,3787 2469,3787 2520,3786 2571,3786 2621,3786 2672,3786 2723,3786 2774,3786 2825,3786 2875,3786 2926,3786 2977,3786 3028,3786 3079,3786 3129,3785 3180,3785 3231,3784 3282,3782 3333,3781"/>
                <TextEquiv>
                    <Unicode>gänger, denn er hat das hinterlaßne Geschäft</Unicode>
                </TextEquiv>
            </TextLine>
            <TextLine id="r1l188" custom="readingOrder {index:187;}">
                <Coords points="1279,3845 2304,3846 2303,3796 2211,3784 1279,3787"/>
                <Baseline points="1297,3835 1346,3835 1395,3834 1445,3834 1494,3834 1544,3833 1593,3833 1643,3833 1692,3832 1742,3832 1791,3832 1840,3831 1890,3831 1939,3831 1989,3831 2038,3831 2088,3831 2137,3832 2187,3832 2236,3833 2286,3834"/>
                <TextEquiv>
                    <Unicode>seiner Frau Julia (Retty), der Schwester Judiths,</Unicode>
                </TextEquiv>
            </TextLine>
            <TextLine id="r1l189" custom="readingOrder {index:188;}">
                <Coords points="247,3849 1292,3844 1268,3794 247,3787"/>
                <Baseline points="267,3832 317,3833 367,3833 417,3834 467,3834 518,3834 568,3834 618,3834 668,3834 718,3833 769,3833 819,3833 869,3833 919,3833 969,3833 1020,3833 1070,3833 1120,3833 1170,3833 1220,3834 1271,3834"/>
                <TextEquiv>
                    <Unicode>ihm noch nicht begegnet.) Ihr Vaterhaus stand</Unicode>
                </TextEquiv>
            </TextLine>
            <TextLine id="r1l190" custom="readingOrder {index:189;}">
                <Coords points="2301,3846 3357,3856 3356,3794 3318,3791 2301,3803"/>
                <Baseline points="2320,3836 2373,3835 2427,3835 2480,3834 2534,3834 2588,3834 2641,3834 2695,3834 2749,3834 2802,3834 2856,3834 2909,3834 2963,3834 3017,3834 3070,3834 3124,3834 3178,3834 3231,3834 3285,3833 3339,3833"/>
                <TextEquiv>
                    <Unicode>des Vaters verkauft und bemüht sich nur um</Unicode>
                </TextEquiv>
            </TextLine>
            <TextLine id="r1l191" custom="readingOrder {index:190;}">
                <Coords points="1280,3892 2301,3897 2301,3843 2270,3840 1280,3842"/>
                <Baseline points="1299,3880 1348,3881 1397,3882 1446,3882 1495,3883 1544,3883 1593,3883 1643,3883 1692,3883 1741,3882 1790,3882 1839,3882 1888,3881 1937,3881 1987,3881 2036,3880 2085,3880 2134,3880 2183,3880 2232,3881 2282,3881"/>
                <TextEquiv>
                    <Unicode>den pensionierten Kammersänger Fenz (G. Reimers)</Unicode>
                </TextEquiv>
            </TextLine>
            <TextLine id="r1l192" custom="readingOrder {index:191;}">
                <Coords points="2302,3892 3019,3907 3046,3881 3192,3908 3358,3888 3358,3838 2302,3842"/>
                <Baseline points="2320,3884 2373,3883 2427,3882 2480,3881 2534,3881 2588,3881 2641,3881 2695,3881 2749,3881 2802,3882 2856,3882 2909,3882 2963,3883 3017,3883 3070,3883 3124,3883 3178,3883 3231,3882 3285,3881 3339,3880"/>
                <TextEquiv>
                    <Unicode>die Nachfolgerschaft in seinem Rufe des unwider¬</Unicode>
                </TextEquiv>
            </TextLine>
            <TextLine id="r1l193" custom="readingOrder {index:192;}">
                <Coords points="244,3891 1141,3909 1284,3893 1284,3847 244,3852"/>
                <Baseline points="262,3884 312,3884 362,3883 412,3883 462,3882 513,3882 563,3882 613,3882 663,3882 713,3881 764,3881 814,3881 864,3882 914,3882 964,3882 1015,3882 1065,3882 1115,3882 1165,3882 1215,3882 1266,3882"/>
                <TextEquiv>
                    <Unicode>vor einigen Jahren im Mittelpunkt eines Skandals.</Unicode>
                </TextEquiv>
            </TextLine>
            <TextLine id="r1l194" custom="readingOrder {index:193;}">
                <Coords points="1277,3939 2310,3952 2310,3898 2268,3890 1278,3893"/>
                <Baseline points="1297,3932 1346,3931 1396,3930 1445,3930 1495,3929 1545,3929 1594,3929 1644,3928 1694,3928 1743,3928 1793,3928 1843,3928 1892,3929 1942,3929 1992,3929 2041,3930 2091,3930 2141,3931 2190,3931 2240,3932 2290,3933"/>
                <TextEquiv>
                    <Unicode>mit seiner jüngeren Tochter Elisabeth (Percy),</Unicode>
                </TextEquiv>
            </TextLine>
            <TextLine id="r1l195" custom="readingOrder {index:194;}">
                <Coords points="2303,3948 3116,3928 3324,3959 3362,3956 3363,3886 2303,3894"/>
                <Baseline points="2321,3932 2372,3931 2423,3930 2474,3929 2525,3929 2576,3929 2627,3929 2678,3929 2729,3930 2780,3930 2831,3931 2882,3931 2933,3932 2984,3932 3035,3933 3086,3933 3137,3933 3188,3933 3239,3932 3290,3931 3342,3930"/>
                <TextEquiv>
                    <Unicode>stehlichen Verführers. Seraphine, der er schon</Unicode>
                </TextEquiv>
            </TextLine>
            <TextLine id="r1l196" custom="readingOrder {index:195;}">
                <Coords points="254,3940 1282,3934 1282,3895 1225,3888 254,3883"/>
                <Baseline points="274,3933 323,3932 373,3932 422,3932 472,3932 521,3932 571,3932 620,3932 670,3932 719,3931 769,3931 819,3931 868,3931 918,3931 967,3931 1017,3931 1066,3930 1116,3930 1165,3930 1215,3930 1265,3929"/>
                <TextEquiv>
                    <Unicode>Ihre Mutter hatte einen reichen Juwelier, stadt¬</Unicode>
                </TextEquiv>
            </TextLine>
            <TextLine id="r1l197" custom="readingOrder {index:196;}">
                <Coords points="245,3983 2310,4001 2233,3940 245,3937"/>
                <Baseline points="265,3980 366,3981 467,3981 568,3981 669,3981 771,3981 872,3981 973,3981 1074,3981 1175,3981 1277,3981 1378,3980 1479,3980 1580,3980 1681,3980 1783,3980 1884,3980 1985,3980 2086,3980 2187,3980 2289,3981"/>
                <TextEquiv>
                    <Unicode>bekannten Don Juan, zum Geliebten. Der Graf während die ältere: Seraphine (Mayen) zunächst</Unicode>
                </TextEquiv>
            </TextLine>
            <TextLine id="r1l198" custom="readingOrder {index:197;}">
                <Coords points="2297,3989 3333,3998 3333,3936 3002,3917 2297,3943"/>
                <Baseline points="2315,3980 2367,3980 2420,3980 2472,3980 2525,3981 2577,3981 2630,3981 2683,3981 2735,3981 2788,3982 2840,3982 2893,3982 2945,3982 2998,3982 3051,3982 3103,3981 3156,3981 3208,3981 3261,3980 3314,3980"/>
                <TextEquiv>
                    <Unicode>aufgefallen ist, wie er an dem Orchester vor¬</Unicode>
                </TextEquiv>
            </TextLine>
            <TextLine id="r1l199" custom="readingOrder {index:198;}">
                <Coords points="244,4049 2301,4044 2243,3987 244,3983"/>
                <Baseline points="262,4027 368,4029 474,4030 580,4030 687,4031 793,4031 899,4031 1005,4031 1112,4031 1218,4031 1324,4031 1430,4030 1537,4030 1643,4030 1749,4029 1855,4029 1962,4029 2068,4029 2174,4030 2281,4030"/>
                <TextEquiv>
                    <Unicode>kam dahinter und erschoß den Eindringling im aus der Ferne als Violinspielerin zu hören ist,</Unicode>
                </TextEquiv>
            </TextLine>
            <TextLine id="r1l200" custom="readingOrder {index:199;}">
                <Coords points="2293,4033 2686,4057 3002,4031 3068,4058 3299,4039 3337,3985 2293,3987"/>
                <Baseline points="2314,4032 2364,4031 2414,4030 2464,4030 2515,4029 2565,4029 2615,4029 2666,4029 2716,4030 2766,4030 2817,4030 2867,4031 2917,4031 2967,4031 3018,4031 3068,4032 3118,4032 3169,4031 3219,4031 3269,4031 3320,4030"/>
                <TextEquiv>
                    <Unicode>überging, wo sie von einem der Geiger das In¬</Unicode>
                </TextEquiv>
            </TextLine>
            <TextLine id="r1l201" custom="readingOrder {index:200;}">
                <Coords points="248,4099 2082,4102 2313,4086 2313,4036 248,4045"/>
                <Baseline points="267,4079 368,4080 469,4080 571,4081 672,4081 773,4081 875,4081 976,4081 1077,4081 1179,4081 1280,4081 1381,4081 1483,4081 1584,4081 1685,4080 1787,4080 1888,4080 1989,4080 2091,4080 2192,4079 2294,4079"/>
                <TextEquiv>
                    <Unicode>Duell. Prozeß, Verurteilung, Gefängnishaft und ferner den berühmten Porträtmaler Gysar (Höb¬</Unicode>
                </TextEquiv>
            </TextLine>
            <TextLine id="r1l202" custom="readingOrder {index:201;}">
                <Coords points="2299,4085 3340,4102 3339,4021 3193,4048 2299,4039"/>
                <Baseline points="2318,4079 2368,4080 2418,4081 2468,4083 2518,4083 2568,4084 2618,4085 2668,4085 2718,4085 2768,4086 2819,4085 2869,4085 2919,4085 2969,4084 3019,4084 3069,4083 3119,4082 3169,4080 3219,4079 3269,4078 3320,4076"/>
                <TextEquiv>
                    <Unicode>strument geborgt hatte, wirft ihm fast unwill¬</Unicode>
                </TextEquiv>
            </TextLine>
            <TextLine id="r1l203" custom="readingOrder {index:202;}">
                <Coords points="254,4156 1225,4134 1224,4088 254,4095"/>
                <Baseline points="272,4126 318,4128 365,4129 411,4130 458,4131 505,4131 551,4130 598,4130 644,4129 691,4129 738,4128 784,4128 831,4127 877,4126 924,4126 971,4126 1017,4126 1064,4127 1110,4128 1157,4129 1204,4131"/>
                <TextEquiv>
                    <Unicode>nach acht Tagen die kaiserliche Begnadigung</Unicode>
                </TextEquiv>
            </TextLine>
            <TextLine id="r1l204" custom="readingOrder {index:203;}">
                <Coords points="1248,4153 3351,4161 3351,4065 1248,4099"/>
                <Baseline points="1269,4133 1372,4131 1475,4130 1578,4130 1682,4129 1785,4129 1888,4129 1991,4129 2095,4129 2198,4130 2301,4130 2404,4130 2508,4131 2611,4131 2714,4131 2817,4131 2921,4131 3024,4131 3127,4130 3230,4129 3334,4128"/>
                <TextEquiv>
                    <Unicode>ling), den schneidigen Staatsanwalt Braunigl kürlich eine von Doehls blutroten Rosen vor die</Unicode>
                </TextEquiv>
            </TextLine>
            <TextEquiv>
                <Unicode>Mendt
1
Raquchh Kktece
MAntaekkadita
Eigentümer u. Herausgeber. Karl Ed. Klopfer. Commandit-Verlag Klopfer &amp; Comp., Wien, VIII., Skodagasse 28. Telephon Nr. 23-1.87.
J1Y Abonnement (kann m. jed. Nummer beginnen). 15.000 K für 10 fortlfde. Nummern mit Postversandt: ohne Theaterzettel. Man verlange Erlagschein.
Satsechiud dierer Ranner 11. Oltober, Die nichste wird un 1o. Nonhr ungegeben. — Dei emtl. Artitein int der Bachernek verboten,
Snnen di e
Das hätte die böse Angelegenheit ja in Ord¬
(König) usw. usw. Der Hausherr Prinz Arduin
nung gebracht, wenn darauf auch die Ehescheidung
(Hennings), den wir uns in seiner goldverschnür¬
Komödie der Verführung
Verfolgt wäre. Aber das gräfliche Ehepaar blieb
ten Uniform eines österreichischen Generals der
in drei Akten von Arthur Schnitzler. (Ur¬
beisammen — vielleicht zwei Verdammte, die in
Kavallerie ungefähr als einen Modena-Este vor¬
aufführung im Burgtheater Samstag, den 11.
der gemeinsam geschleppten Kette eine gemein¬
zustellen haben, erscheint in der Begleitung des
Oktober.)
same Schuld abbüßen müssen — und „quülte sich
Dichters Doehl (Andersen), der sich im Scherz
gegenseitig zu Tode“. Uber Aurelie, die um diese
An der Spitze des Personenverzeichnisses
das Amt eines „Geheimrevolutionärs“ bei dem
Zeit vor ihrer Mündigkeit stand, übernahm ein
und von den anderen Rollen etwas getrennt stehen
Prinzen zuspricht. Auf andere Weise war vor
Freund ihres Vaters, der verwitwete Freiherr v.
drei einfache Frauennamen: Aurelie, Judith,
dem Krieg ein ehrenhaftes Verhältnis zwischen
Falkenir, eine kurze Vormundschaft. Auch in
Seraphine. Wir sollen sie wohl als Typen be¬
einem modernen Poeten und einem so hohen
dessen Haus waren eheliche Unstimmigkeiten zu
trachten, abseits von ihren Beziehungen zu den
Herrn nicht zu erklären. (Daß ein Gigerl von
einem krassen Abschluß gekommen. Seine Frau
übrigen Personen. Aurelie könnten wir als das
Rittmeister die Bemerkung macht, Seine Hoheit
beging Selbstmord. Darauf hat er die Diplomaten¬
Weib der Antike, des heidnischen Sonnenkults
lasse sich gern herab und der Maler Gysar ihm
laufbahn verlassen und sich nach Rom zurückgezo¬
nehmen, ein Mädchen aus der Fremde in der
darauf erwidert, daß es vielleicht der Dichter
gen, um gelehrten Studien zu obliegen. Heuer
modernen Umwelt und sich selber befremdend,
sei, der sich zu dem Prinzen herablasse, ist von
(man schreibt 1914) ist er im Fasching wieder
wenn sie, die gesellschaftlich in den Satzungen
der Hauszensur des Burgtheaters gestrichen
in Wien aufgetaucht und auf einem Ball im
des Hochadels wurzelt, die Freiheit ihrer Seele
worden, was man vielleicht wieder als Anzeichen
Hause der Fürstin Degenbach recht unvermutet
gegen das eigene Blut verteidigen muß. — Aus
nehmen könnte, daß man sich dort auf die
deren Nichte: Aurelie Merkenstein wiederbegeg¬
ferner Urheimat kommt auch die Judith, doch
Wiederherstellung der „alten Verhältnisse“ ein¬
kein Mädchen aus der Fremde in der Börsen¬
net. Wie Märchenzauber ging’s von der Vielum-richtet — leider nur nicht auf die Wieder¬
schwärmten aus, die Alles in's Unwirkliche hob
welt, mit der sie verschwägert ist, und wenn
herstellung des alten Burgtheaters.) Der Prinz
und paradiesische Fata Morgana an die Stelle der
wir im Verlauf der Begebenheiten erfahren, daß
spricht vor Doehl seinen Zweifel aus, daß Aurelie,
räsonablen Realität setzte. Wer hat da das Diktum
 ihr Familienname Asrael lautet, so erkennen
die Unberechenbare, wirklich auf diesem Maifest
gefällt, Aurelie müsse in eheliche Geborgenheit
wir zwar den semitischen A/rah als Urahn der
erscheinen werde. In diesem Moment nähert sich

gebracht werden? Der Hofstaat der Märchen¬
Sippen, die sich vom Asser zum Ascher moderni¬
ihm die maskierte Frau Julia Westerhaus und
prinzessin war einmütig darin, daß ihr gezieme,
siert haben, müssen uns aber zugleich überzeugen,
verlangt — als seine abgedankten Geliebte
sich den Gemahl zu cuich. und da aaren diei
werngzstens noeh eine Atschieusvierteistunde gien
daß diese Dame weit abfiel vom Stamm jener
Herren, die rasch entschlossen ein Vorrecht an¬
Shwöre dir, daß ich mich nicht in deinem Bett
Asra, die da sterben, wenn sie lieben.
sprachen, um ihr in der zudringlichen Menge
osseln werde.“ (Dagegen hat die Burgtheater¬
Seraphine ist Wiener Blut von der feinsten
der kühnen Bewerber Luft zu verschaffen: der
##ensur selbstverständlich Nichts einzuwenden ge¬
Mischung, die man Künstlerblut nennen müßte,
junge Prinz Arduin von Perosa, der sie Cousine
habt.) Arduin verschwindet mit ihr, während
auch wenn es nicht zur Violinvirtuosin gereicht
nennen darf und einen mehr als ebenbürtigen
Doehl von Papa Fenz an seinen Tisch am Buffet
hätte, denn in ihm blüht und duftet die Köst¬
Gatten abgäbe, sodann ein ebenso junger Dichter
gezogen wird, wo bald darauf Seraphine sichtbar
lichkeit der Landschaft, in der Beethoven, Haydn,
Ambros Doehl, von dessen Versen Aurelie be¬
wird. Doehl — den alle Welt zum Vertrauten
Mozart und Schubert zur Edelreife gelangt sind.
rauscht ist, und schließlich — gewissermaßen
macht und der darum ahnt, daß ihm das Dichter¬
Wenn man genau zusieht, sind nicht nur
als Ehrenmitglied im Bunde — der ehemalige loos beschieden ist, mit jeder eigenen Herzens¬
diese drei, sondern überhaupt alle auftretenden
Vormund Falkenir, der Mann von Vierzig, der ihr
hoffnung enttäuscht zu werden — läßt sich einen
Personen Nachkommen von Schnitzlers uns wohl¬
eine bewährte Freundeshand zum Geleite durch’s
Strauß glühender Rosen, den er wahrscheinlich
bekannten Geschöpfen, und wir sehen sie vielleicht
Leben böte. Aurelie hat dieses Ergebnis einer
für Aurelie bereitgehabt hätte, von Seraphine
schärfer als er selbst, der sich träumend von
dionysischen Ballnacht-Stimmung willkommen ge¬
abschwatzen, als er ihr sein Kompliment über
ihnen antreten ließ, wie ein größerer Dichter,
heißen und Bedenkzeit verlangt: drei Monate,
ihr improvisiertes Geigenspiel macht. „Es war
der längst der Welt gehört:
in denen sie die drei gleich liebwerten Gesell¬
„Phanta¬
eine so leidenschaftliche Melodie.“
Ihr drängt euch zu — nun gut, so mögt ihr walten,
schafter nicht sehen will, um ungestört zu
sieen“, erwidert sie. „Was mein Herz mir ein¬
Wie ihr aus Dunst und Nebel um mich steigt;
überlegen, wem sie ein ganzes Herz schenken
gab.“ — „Dann wundert es mich, daß Sie so
Mein Busen fühlt sich jugendlich erschüttert
Vom Zauberhauch, der euren Zug umwittert.
könne. Am 1. Mai muß Prinz Arduin in seinem
aufrichtig gewesen sind, Seraphine.“ (Unsinni¬
Wiener Palais ein Parkfest zugunsten einer, von
Die „schwankenden Gestalten“, sie sind bei
ger Weise legt der Darsteller den Hauptton auf
der Fürstin Degenbach patronisierten Wohltätig¬
Schnitzler stets Menschen von Fleisch und Blut
„Sie“, was schon das einleitende „Dann“ verbôte,
keitsaktion geben; da will man zur Mitter¬
gewesen; darum kann er ihnen mit der nach¬
so daß eine Sottise daraus wird.) Ihre Schwester
Inachtsstunde am Schloßteich zusammentreffen, und
reifenden Seelenkunde neue Lebensgeheimnisse
führt nun einen Leutnant ein, der bei Papa um
Aurelie wird ihre Entscheidung bekanntgeben.
abhorchen — und darüber staunen gleich uns.
ihre Hand anhält. Das Familien-Idyll wird durch
Der erste Akt bringt dieses Frühlingsnacht¬
Er hat seinen Faust aus den. Don Juan-Pro¬
zwei weibliche Masken gestört, die den alten
Maskenfest im feenhaft beleuchteten Park des
blem entwickelt und sein Ewigweibliches nicht
Vokativus von Kammersänger in die Ferne
Prinzen von Perosa. Hier ist der Teich und da¬
zur Errettung berufen. sondern zu Don Juans
locken. Bald darauf taucht auf dem Kiesweg am
neben auf einer der Terrassen, in denen sich
Uberwindung und zu Faustens Erleuchtung: daß
Teich der berühmte Max v. Reisenberg auf (Karl

der Park zur Höhe des Belvederes aufstuft, das
einer grüblerischen Psychologie die Traumwand¬
Günther, der jugendliche Bonvivant vom Deutschen
Champagnerzelt der Fürstin (Witt), wo auch die
Volkstheater, der auf Wunsch des Verfassers
ler-Sicherheit vorzuziehn ist, mit der ein richtig
lungehende Sängerin Judith Asrael (Aknay)
Verliebter an allen natürlichen Abgründen vor¬
engagiert worden ist). Das ist der Sohn des
beikommt.
Ehrendienst macht und sich nach und nach
Juweliers, der im Duell mit Graf Merkenstein
zwanglose Gruppen zusammenlinden. Da haben
Gräfin Aurelie Merkenstein ist das Schnitz¬
fiel, Elegant und Beau, Lebejüngling und Müßig¬
ler'sche Vollweib. (Einem Vollmann sind wir bei
wir den Bankpräsidenten Westerhaus (Marr) mit
gänger, denn er hat das hinterlaßne Geschäft
seiner Frau Julia (Retty), der Schwester Judiths,
ihm noch nicht begegnet.) Ihr Vaterhaus stand
des Vaters verkauft und bemüht sich nur um
den pensionierten Kammersänger Fenz (G. Reimers)
die Nachfolgerschaft in seinem Rufe des unwider¬
vor einigen Jahren im Mittelpunkt eines Skandals.
mit seiner jüngeren Tochter Elisabeth (Percy),
stehlichen Verführers. Seraphine, der er schon
Ihre Mutter hatte einen reichen Juwelier, stadt¬
bekannten Don Juan, zum Geliebten. Der Graf während die ältere: Seraphine (Mayen) zunächst
aufgefallen ist, wie er an dem Orchester vor¬
kam dahinter und erschoß den Eindringling im aus der Ferne als Violinspielerin zu hören ist,
überging, wo sie von einem der Geiger das In¬
Duell. Prozeß, Verurteilung, Gefängnishaft und ferner den berühmten Porträtmaler Gysar (Höb¬
strument geborgt hatte, wirft ihm fast unwill¬
nach acht Tagen die kaiserliche Begnadigung
ling), den schneidigen Staatsanwalt Braunigl kürlich eine von Doehls blutroten Rosen vor die</Unicode>
            </TextEquiv>
        </TextRegion>
    </Page>
</PcGts>
