3344 4224
699 131 1475 178 ne s #caima intorne g tesi artillelose. L
595 133 691 182 vor¬
1572 150 2410 201 Achelte incontra Anrelin# le racconta il
726 162 1521 200 ##ritore protondo dellanima, dello
598 172 709 221 nati
1281 187 1555 241 eiid Soclein
1562 186 2423 229 #ber fatto costrire u borde della nave unn
705 197 1212 237 rito della eccieta Semsr.
2434 201 2598 250 ales
600 214 710 269 ina.
1561 221 2324 275 epecieii altare Nascosto, per se 8010,
706 227 1552 272 Viennese clie in un ambente di ruffnala
2429 235 2600 293 teure 1
1560 253 2415 311 avervi posto sopra iI ritratto dilei. undn,
594 256 1548 301 tar- Proitura Mnisce sentimtentalismo e tnfelto,
2444 281 2583 335 Cire:
1563 289 2402 332 come Grsar la dipinse, quadto pugalo
701 292 1555 337 gentüczza di penstero, spirito di enerilicio
583 297 714 369 2ca,
1560 318 2423 361 pese doro. Aurelia, chie da duel qnadro nel¬
2428 311 2594 378 via pr
727 330 1558 377 maneanza di senso morale; di qwella 80¬
587 348 706 387 6 0
1568 357 2418 407 0 studlio del pittere a Vienna avern avuto
1076 365 1562 410 trasportatn in altro am¬
729 358 1085 410 1ein. Venlieel 6le,
2424 362 2576 415 1nsc0,
602 381 695 430 le¬
1560 388 2416 444 Ia rivelazione della propria femminilitü, 8i
701 397 1555 444 biente vien gindicata assurdn, pür essenldo
2424 399 2588 449 iterm
1558 421 2414 468 da ritenere che ln propria senstalith fosee
708 424 1556 468 vera. L“ un muestro del dialogo e della fra¬
594 427 686 482 elle
2440 443 2587 494 modil
1570 456 2420 498 pin stelin tela che in 8e stessa. etn per
695 458 1547 515 se: la stn prosa si pulo dire perfetta. Di que¬
612 469 693 526 gli
2422 481 2584 534 la pri
1562 494 2412 536 cedere al rinnovato invito di Arduino di
703 493 1550 541 sia sua qualità lo Schnitzler sa trarre il
580 515 687 570 ma
1555 520 1966 566 partire con hli; nin
2426 522 2581 577 Dossa
1960 529 2422 572 Ambrogie Dochl, il ge¬
698 535 1554 579 frutto e ad un lavoro sto non pilo mal man¬
1566 560 2575 615 loso per Pamico Falkenir, lo impedisre mer-]non*
704 561 1546 605 care i1 euecesso. Scno esseri ed episodli di
1557 595 2424 646 ce T’intervento della provvidenziale Ginditin,
692 591 1548 637 vita vera, esseri che a Viennà — e 80lo 5
2423 592 2573 657 che a.
1575 628 2421 680 lo nacht parte con Arduino e Ginditta. Ar¬
685 629 1558 669 Vienna — #tti hanno conoscinto; che ven¬
2434 643 2584 698 accen!
1559 662 2413 714 riva Falkenir, con la notizia che é scop¬
586 665 1552 711 Slo- igono sulla secna dove ei intreccinno i mni¬
2431 686 2571 734 Svolgi.
1550 693 2418 730 piata da guerm. Tutti debbono abbando¬
703 698 1553 742 miti episodi necessuri a metterli in ima vi¬
603 706 685 759 va,
2431 724 2576 776 sori 0
1562 731 2412 769 bare Gilleleye. Max cerca d’imnboscarei in
700 734 1552 769 va luce di renlta, e questi episodi epesso as¬
590 735 684 799 Ba¬
1555 760 2407 815 terra danese: Aurelia riconosce l’amore di
2431 756 2570 815 Süper
690 764 1552 813 sinneno Timnportanza di una commedlia nei¬
591 792 682 843 iati
1561 795 2565 866 Falkenir e consente a seguirlo; ma mentref pare,
696 799 1548 848 In vomninedin stessd. Sit di und schermo di
1552 829 2564 882 la ritenerano intenta al preparativi della fçolla
690 836 1538 878 tal falta ei svolge anche Vultinia commedia
589 836 683 891 Von
1554 867 2419 915 partenza, viene segnalata su di una barcn,
692 873 1548 908 di Seimngler, rappresentata per la prima
585 883 683 936 rO-
2427 887 2561 940 Ja mie
1557 896 2403 941 sole, allontanantesi rapidamente dalla riva
695 903 1548 952 volla in questi giorni al Tentro di prosa di
590 915 687 984 ata
2416 925 2571 979 terc6e
1563 934 2415 974 verso T’alto mare, dove scompariva lo pucht
693 941 1545 999 Stató 3 Vienna: La commedid della sedlu¬
1551 958 2409 1015 d’Arduino col cindro dell’essere silo vero.
688 972 833 1017 Siose.
2425 960 2570 1015 cultur
580 961 692 1016 ra¬
721 1012 2404 1054 Uno dei lati piu interessanti del lavoro —In m'aitra barca Falkenir e Ambrogio la in¬
2428 1010 2559 1057 Siallo
585 1008 690 1061 „lla
1554 1038 2414 1087 seguono. Si sente poi sarrare, dalla figlia
686 1040 1550 1089 lato del quale alla eriticn lochle # efnggita
589 1047 696 1108 alla
1553 1066 2091 1109 del direttoro dell'alberg" —
2101 1073 2404 1118 vigorosa rema¬
688 1075 1548 1123 la portata, ind che non 6 certo sfuggita al¬
2427 1088 2564 1151 sultar
1554 1102 2414 1146 trice. — che Aurelia si era lasciata cadere
590 1097 1545 1164 tü- P’intelligente antore 2“ Finflusso, eulle per¬
2427 1134 2563 1186 norin
1548 1138 2411 1187 in mare, che Falkenir ei era slanciato per
590 1138 687 1201 re,
682 1143 1548 1191 801le, dellL’epoca nella qmale Ja ceinmellin. 81
1549 1168 2401 1215 salvarlae che, entramnbi abbracciati, bacian¬
2414 1163 2573 1222 za; n
691 1171 1554 1222 svolge: il periodo di tempo innnediatamen¬
586 1180 694 1239 ita,
1552 1212 2402 1254 dlosi, si erano lasciati andare a fondo senzn
2422 1207 2571 1262 SpOSl
693 1214 1545 1263 1e anteriore alla guerra. A dieci ammi di di¬
590 1227 690 1283 33-
1557 1241 2402 1282 aggrapparsi alle corde di soccoréo. Serafina,
684 1248 1538 1291 staniza, noi stranieri possiamo collostere
2422 1253 2545 1304 riece
619 1266 684 1326 8i
1550 1277 2402 1318 nel eui seno matima già il frutto della notto
691 1287 1543 1322 dalll’esposizione scehica di uno dei testimio¬
2416 1282 2555 1346 varie
1555 1310 2405 1352 d’amore con Max. ed il vecchio padre suo.
690 1316 1534 1358 ni pin oggettivi ed acnti come le singole
584 1304 678 1369 n20
1545 1337 2403 1379 rinfangono soli a Gilleleye ad attendere che
695 1347 1540 1405 persone gindicavano, sentivuno e presenti¬
580 1350 677 1420 10•
2407 1363 2557 1425 ticola¬
1559 1373 2409 1426 in bassa marea lasei en la riva i corpi dei
691 1383 1538 1439 vallo T’ipotesi di una guerra. Non & che iin
583 1388 688 1449 1110
1556 1406 1803 1466 due suicidi.
2411 1414 2547 1463 di dir
684 1416 1542 1454 colorito generale d’ambiente, ma che pur
603 1439 704 1494 17
692 1452 1539 1501 eseendo, volutamente, und stimatirn, rag¬
2414 1451 2554 1513 eder
1552 1447 1804 1519 AL REGIO
605 1482 1540 1541 diTziunge mireffleacissima potenza deserittiva,
2403 1498 2552 1545 asle
1569 1493 2406 1557 Stasera, Norma. Un eensibile crescendo di
690 1518 1544 1565 Nella Commedig della sedusione, forse pill
610 1526 679 1582 14
2418 1533 2551 1586 esam
1546 1544 2403 1600 interessamento acrompagna dliesto cupola¬
677 1557 1527 1598 che in ogui altro lavoro di Sehinitzler, man¬
2410 1576 2556 1632 sionig
588 1570 1536 1637 341ea L'interesse prominente intorno ad oin I¬
1551 1597 2399 1646 voro del melodrannna italiano. Le repliche
2411 1616 2534 1670 C al
678 1622 1534 1676 gura principale: ognuno dei munerosi per¬
1539 1628 2399 1674 sono sempre pin affllate, gustandosi, à tra¬
684 1656 1539 1700 sonnggi potrebbe sotto certi aspetti conside¬
2410 1652 2542 1711 coort
587 1653 677 1710 De¬
1549 1670 2397 1717 verso T’eseenzione decorosissima, le magni¬
684 1691 1527 1745 rarei iI peineipale; puo darsi che i tipo,
587 1693 690 1754 20
2413 1698 2541 1751 e de
1548 1709 2393 1756 ficenze d’una musica tutta melodia e tutta
678 1726 1538 1769 Pepisodio che per un osservatore & trasen¬
2415 1736 2538 1790 (n tu
590 1743 682 1791 ri¬
1554 1751 2410 1800 poesia. HI pin caldo favore del pubblico 6
678 1761 1528 1805 rabile, per Taltro assmma, sin pure in 6c
598 1782 678 1840 08.
1543 1771 2547 1850 ogni volta riconfermato ai prinelpali can-tenz½
687 1789 1548 1836 #tesso, Mm’importanza capitale. E' und con¬
2412 1816 2523 1864 Iiva
686 1829 1530 1872 rnedia, come ho detto, d’ambiente ed oltre¬
1541 1829 2403 1875 tanti, alla signorina Mazzoleni, ollima tra¬
593 1827 677 1875 ite
686 1858 1534 1915 modo diffieile & volerne riassumere, sia pu¬
1540 1865 2538 1915 gica, di impressionante vigoria nel terzo e##l#####
591 1870 675 1919 JO-
702 1893 1454 1940 in modo imperfetto, 1o svolgimento,
1534 1895 2547 1950 nel quarto atto, alla signorina Capuana, la bliogt
700 1917 1533 1980 L'azione si impernia intorno a tre donne:
2411 1940 2550 1997 zioné
1538 1941 2409 1994 efficace, appassionata cantante, al tenore
593 1965 1524 2013 s0 Aurelia contessa di Merkenstein, Giuditta,
2416 1975 2546 2038 ca de
1547 1983 2405 2038 Cesa-Bianchi, sempre piu sicuro e disinvolto,
603 2005 1533 2043 la Pcognata di un banchiere, e Serafina, figlia
1546 2024 2398 2065 al basso Pinza, dalla voce bella e fresca,
584 2027 1532 2082 In fdi un celehre cantante pensionato eil essa
1543 2061 2011 2105 perfettamente modulata.
683 2065 1535 2112 stessn violinista di grido: tre donne diverse
2403 2064 2560 2141 Lal
591 2089 674 2142 r-
1558 2084 2393 2139 La rappresentazione di stasera s’inizia alle
668 2093 1535 2148 che in diverso mollo sentono e cercano anlo¬
1535 2124 2399 2172 ore 20.45, anziche alle ore 21, ed é in turno
682 2134 1528 2177 re. Figura drammaticamente secondaria, ma
676 2171 1530 2221 determinante l’intero svolgersi dell'azione
1534 2171 2399 2217 di abbonamento pari. Domani, alle ore 14,30,
673 2189 1527 2246 #un giovane: Mag von Reisenberg, figlio di
1540 2210 2398 2269 sarà data und s matinée col Rigoletto, fuo¬
679 2245 1529 2278 un ex-gioielliere, giovane che dona T’amore,
1539 2239 1865 2297 ri abbonamento.
2406 2237 2541 2311 vient
669 2270 1534 2312 sche gioch con l’amore, che ha le frasl bello
2411 2294 2531 2357 travi
672 2305 1530 2349 ed awvincenti ed i pensieri amorosi convin¬
1686 2291 2266 2365 SPETTACOLI DodeI
2397 2332 2524 2385 tierer
677 2334 1529 2381 centi: tipo oltremodo einico con abbondante
1542 2345 2390 2392 REalo (Societo Anonlma del Regio). — Ore 20,45:
678 2366 1530 2416 rivestimento sentimentale; l’uomo al quale
1552 2379 2387 2439 „ Norma opera di Bellini (8.a rappresentazione
2410 2374 2528 2429 10 c
1557 2412 2063 2455 di abbonamento, turno pari).
664 2405 1526 2466 1e donne credono, il Don Giovanni moderno.
2400 2418 2514 2468 due
1542 2428 2388 2492 CHIARELLA (Comp. d’operette Angelini). — Ore
779 2443 1521 2493 principe Arduino di Perosa ömnadre 6
2392 2456 2525 2509 vator
1647 2473 2346 2509 II paradiso operetta di M Ferrarese.
665 2474 1521 2532 possedimenti italiani, agli effetti della guer¬
1539 2487 2327 2534 GARIONANO (Compagnia dramm. Almtrante).
2398 2494 2524 2552 flgun
674 2512 1526 2555 rn) ha offerto alla beneficenza, nel proprio
1557 2500 2386 2570 Ore 21: - Le due dames commedia di P. Ferrarl.
2403 2539 2526 2592 gliar
1526 2544 2276 2589 ALFIERI (Compagnia comica Galll-Quastl)
675 2550 1525 2592 purco, a Vienna, una notturna festa di mag¬
2316 2545 2386 2593 Ore
1623 2566 2386 2634 •La presidentessa: comm. di Hennequine
668 2590 1519 2626 gio: 6°e tutta Vienna. All’indomani il prin¬
2399 2569 2526 2642 scerd
1564 2585 1691 2646 Rhen.
672 2617 1517 2657 cipe regalerà parcoe villa alla citta. Du¬
2398 2623 2507 2672 va C
1531 2613 2381 2682 BAL80 (Stagiont d’opern). — Oro 21: " Tosca:
681 2652 1520 2695 rante la festa veniamo a sapere che la conl¬
1555 2667 1877 2707 Opera di Puceinl.
2389 2658 2512 2717 Petr
677 2682 1518 2725 teesa Aurelin & corteggiata dal prineipe (
1526 2687 2376 2738 ROSSIN! (Compaguia plemontese M. Casaleggio) —
2403 2702 2527 2753 varot
671 2716 1521 2759 Perosa ed e innamorata invece del barone
1560 2723 2386 2770 Oro 21: • Giola, gatihme nen s vaudeville di Rip
1564 2751 1776 2791 e Bel Ami
674 2754 1524 2799 d. Fnlkenir; conosclamo Ginditta, che ama il
1530 2762 2363 2833 CIANDUJA (Marionette Torinesl Fratelll Lupt). —
1399 2786 1525 2833 DOsei¬
2386 2768 2523 2837 ricog
668 2786 1406 2828 cognato banchiere, Specnlatore en 19
1555 2810 1682 2847 Ore 21
1759 2813 2314 2861 set castel dél Diad “. bizzarria.
671 2819 1516 2860 bilita dli guerra; e vedlamno Serafinn, che
2389 2824 2514 2873 SCCOH
1530 2811 1864 2881 VARIETA‘ MAFFEI
1927 2833 2217 2882 Stasera varictü.
672 2849 1518 2900 appare serldiea in amore. Alle tre domne Max,
1535 2858 2380 2920 PATINOIRE GORSO PESCHIERA. — Si pattina
2395 2859 2519 2915 real:
661 2889 1536 2936 maestre pelle arti d’amore, ispira confiden¬
1549 2897 1822 2938 giorno e sern.
2391 2901 2518 2957 tino
1538 2919 2358 2960 ODEON — Riviste: Ore 21: = Forza Pancrazio“,
669 2924 994 2964 za “ Simpatia
987 2923 1522 2962 #rae semipromnesse amlorose.
1529 2942 2383 3001 SALONE CHERSI — „I Foscarle, grande dramma
2388 2947 2503 3000 prir
648 2945 1529 3008 Cenesclamo inotre u grande pittore, Gy¬
1555 2970 2247 3024 storico con Amleto Novelli (Alba-Film).
2389 2990 2498 3042 Janc
654 2984 1515 3034 sur. che ei dice abbia una collezione delle
1523 2998 2382 3054 CINEMA VITTORIA — a Fatty in viaggio di nozzo:
668 3021 1522 3070 prineinali signere viennesi da Jui ritratte
2386 3029 2514 3083 dani
1556 3038 2319 3072 (4 atti comlei).  Caccia all’orso blancos.
682 3060 1517 3100 coine natura Je fece; e uno serittore, Am¬
1535 3059 2382 3114 CINEMA STATUTO — „ Marcella " (Soava Gallone).
2389 3071 2508 3129 dall.
1527 3075 2377 3134 FSPOSIZIONE aMiCl DELLARTE Palazzo Ma
663 3089 1517 3154 Sogio Dechl, i1 buono, onesto consigliere
2398 3101 2506 3159 estr.
1548 3125 2383 3165 dama): aperta dalle ore 10 alle 12; dalle 14
671 3126 976 3185 umico di tutti.
1553 3152 2383 3184 alle 18 e dalle 90.30 alle 23, esclusa la sera
2394 3143 2510 3203 sotte
699 3142 1526 3206 Da Aurelin, delusa da Falkenir, Max co¬
1555 3180 2381 3228 del Innedl: concerti glovedl, sahato e domenica
655 3193 1523 3239 mincia in sua opera di seduzione e nella pri¬
2384 3189 2512 3243 cum
1556 3214 2323 3260 alle 16: martedl venerdi e domenica alle 21.
659 3234 1534 3287 ma parte del sccondo atto, — dove vediamo
2384 3226 2511 3287 civil
1627 3241 2299 3310 SPETTACOLI DI DOMANI
668 3262 1526 3311 il pittere Gvsar che si sforza invano di ri¬
1553 3285 2392 3349 REaIO: Ore 14.30: = Rigoletton opera di Verdi
656 3293 1527 3345 trarre Aurelia, — bssistiamo alla fine ba¬
2248 3321 2390 3368 CHIA¬
1524 3328 2187 3360 (rappresentazione fuort abbonamento).
653 3336 1513 3376 nale dell’idillio di Max con Aurelia, che, sa¬
2402 3296 2504 3390 Mi.
1521 3329 2386 3395 HELLA: ore °6 e 21: „ II paradiso - opereita di M.
657 3365 1515 3411 rebbe disgustata, pure crudamente confessa
1532 3385 2380 3419 Ferrarese. — CARIGNANO: ore 15 e 21: s La due
651 3393 1509 3444 al principe Arduino di Perosa, che vorreh¬
1927 3411 2389 3453 Ferrari. — ALFIERI: orc
1530 3407 1901 3456 damner commedlia di
2413 3397 2476 3467 Ur
1531 3441 2385 3485 15: s Kikte commedia di A. Picard — Ore 21: = La
663 3429 1517 3474 be chiedere la ena mano, di essere l’amante
2379 3449 2502 3504 lave
1519 3472 2378 3510 presidentesea commedia di Hennequin e Veber. —
661 3469 1513 3516 di Max Nella seconda scena, a casa di Giu¬
1524 3500 2376 3536 BALBO: ore 15. e Favorita  opera di Donizett! —
2386 3495 2463 3540 da
649 3494 1507 3545 ditta — il cognato, cne ella amava, arresta¬
1529 3530 2374 3562 Ore 21: „ Tosca n opera di Puccini. — ROSSINI: ore
2382 3531 2475 3576 da
656 3538 1508 3580 to per sospetto di frodi bancarie si é ucciso
1526 3552 2371 3592 15 e 21:  Glola, gatiime nens vandevilie di Rip
2381 3564 2487 3619 n c.
704 3567 1515 3612 Mag ottiene la premessa che sard eua, ma
1755 3577 2371 3632 GIANDUJA: Ore 15 c 21: =I set castel
1525 3581 1725 3622 e Bel Ami
2375 3596 2468 3642 un
1528 3606 1893 3653 del Diade bizzarria.
655 3595 1516 3654 lei sola vuol decidere quando; nella terza
2375 3622 2498 3679 tern
647 3635 1522 3679 ecena, in casa del padre di Serafina, in una
2371 3667 2488 3709 spof
1705 3674 2243 3712 Librt Pleevuti
655 3672 1519 3718 poeticn villa dei sobborghi, dopo le nozze del
2376 3696 2501 3747 tinn
659 3711 1517 3746 la sorella di Serafina, Max possiede la gio¬
1516 3692 2372 3760 à GRANDE ATLANTE GEOGRAFICO s (Mario
2384 3736 2497 3783 disg
661 3745 1518 3790 vane artista che gli si dà con la frenetica
1539 3745 2371 3783 Baratta e Luigi Visintin), dell'letituto Geo¬
2389 3773 2487 3820 —
662 3772 1527 3835 passione della sua gioventüe del suo vero
1535 3789 2366 3826 grafico De Agostini, Novara. — E' la sccon¬
659 3811 824 3856 amore.
1540 3814 2379 3863 da edizione, riveduta e ampliata, con 133
691 3843 1522 3883 1l terzo atto ei porta in una remota epjag¬
1545 3842 2382 3899 tnvole di geografia fisica, politicà ed eco¬
659 3878 1522 3929 gin della Danimaren, a Gilleleye, Mlogo pre¬
1541 3883 2373 3919 nomien #con 330 carte e cartino ed indi¬
2375 3850 2471 3954 n
1548 3906 2379 3953 redei nomi del primo Atlante Italiano edi¬
662 3916 1520 3955 diletto da Ambrogio Dochl o dove il buon
1539 3949 2376 4000 te soito zh auspiej del Alinistero per 1’Lco¬
658 3948 1518 3993 serittore, chie paternamente aum Aufelin. e Ja
1540 3980 2388 4026 nomin Nazienste n delia Reale Societd Geo¬
661 3986 1515 4027 vorrebbe felice con Falkenir, ia sorveglia e
647 4004 1521 4063 la cura, e dove ha preparato di lunga mano
1543 4020 2376 4073 graßica. Del valore di questo Atlante par¬
653 4047 1509 4091 un Conwegno di tutte Je prinelpali persone
1539 4045 2382 4098 Jamnmo gia Tanno scorso: T’arricchita se¬
628 4071 2342 4138 ##della commedia per raggiungere lo scopo che conda edizione ne uccresce T’importanza.
