3344 4352
259 3300 321 3356 aß
216 3382 320 3440 beld¬
148 222 2236 349 29. Konoellie der Verfuehrung box 33/6
1931 1179 3132 1246 schonungsloserer Liebe geschildert hat. Der Staatsanwalt, der
698 1173 1915 1269 Bahre sitzen, die Schwester, Witwe, verjagen, wenn sie es wagen
1931 1228 3138 1284 die Frau des Bankpräsidenten sich gefügig macht, indem er Haft¬
700 1235 1909 1305 sollte! Man staunt über die dramatische Kraft, mit der dieser
1928 1259 3127 1324 befehl gegen den auf Krieg und Baisse Spekulierenden erläßt und
700 1295 1435 1360 Schwesternkontrast rapid gesteigert ist.
1923 1309 3127 1368 ihm den Revolver in die Hand drückt, ist eine besondere Zu¬
735 1339 1910 1393 Wenn Retardieren in der Dramaturgie eine besondere Kunst
1938 1346 3135 1413 mutung für jene Altösterreicher, die in den heutigen Verhältnissen
703 1379 1912 1440 ist, hat Schnitzler in diesem Stück ein Aeußerstes gewagt. Das
1927 1394 3136 1459 Wiens Beweis für die Güte des einstigen erblicken wollen. Wie
691 1420 1913 1488 Schicksal Aureliens ist es, das er durch die Einschaltung der
1926 1435 3138 1513 wird die Schnitzlersche Komödie der Nachkriegszeit aussehen, wenn
705 1465 1909 1526 Nebenschicksale gewollt und fast enttäuschend hinausschiebt, durch
1931 1467 3148 1559 er sie schreiben wird, da auch sie ihre Bankpräsidenten und
709 1512 1919 1563 beinahe zwei volle Akte, in der man sie nicht zu sehen, beinahe
1930 1537 2191 1608 Justiz hat?
695 1555 1917 1609 nichts von ihr zu hören bekommt. In Gilleleija, am dänischen
1965 1553 3146 1620 Das Burgtheater bot ein Aeußerstes auf: reiche und ge¬
696 1579 1926 1648 Strand, am 1. August 1914, finden sich die vielen Akteure der
1941 1608 3148 1678 schmackvolle Bühnenbilder, fleißige Regie von Hans Brahm.
707 1636 1924 1688 Exposition etwas merkwürdig vollzählig wieder, subtrahiert der
1934 1647 3148 1714 Aurelie wird dargestellt von der klassischen Schönheit der Frau
712 1682 1924 1737 Selbstmörder Westerhaus, Julia und der Maler. Judith hat dort
1935 1698 3144 1777 Wohlgemuth, Falkenir von Aslan, dem Helden, in seiner
713 1718 1918 1777 Max ein Stelldichein gegeben, um dann an Bord der neuen
1934 1742 3141 1799 ersten Rolle des Alternden. Seraphine lieblich von Frau
718 1773 1914 1825 Dacht des Prinzen Arduin zu steigen, getreu ihrem Schwur,
1937 1792 3146 1854 Mayen, Judith reizvoll=diabolisch von Frau Aknay — alle
714 1811 1923 1868 sich die Männer vorzuwerfen. Beschützt von Ambros suchte dor:
1945 1824 3154 1896 ersten Kräfte waren dabei und ganz dabei — man söhnte sich
718 1852 1921 1920 auch Aurelie Erholung für ihre tranke Seele. Und auf der
1941 1888 3144 1931 aus nach vielen Enttäuschungen in der Ueberzeugung, daß das,
712 1892 1916 1966 Konzerttournée gesteht vergnügt Seraphine dem lieben Max, daß
1944 1923 3140 1977 was dem Hause am meisten gefehlt hatte, der tüchtige Regisseur
714 1943 1926 2000 sie von ihm ein Baby erwartet. Er darf sie heiraten, da ohne¬
1940 1960 3144 2012 war. In späteren Aufführungen wird der Rotstift walten müssen;
709 1981 1924 2049 dies die Nachricht von der Kriegserklärung bis hierher in den
1938 2004 3148 2061 denn wenn man im einzelnen keine Längen verspürte, war die
704 2014 1934 2092 Norden gedrungen ist. Selbst Falkenir wird wieder sichtbar,
1943 2057 2928 2112 Länge des Gesamtspiels doch Ursache von Ermüdung.
707 2071 1927 2127 wissend, daß auf der „Zauberyacht“ die in Goldlettern den
1974 2083 3152 2151 Der Erfolg der Uraufführung war sehr groß. Arthur
712 2102 1937 2184 Namen „Aurelie“ trägt, das Venusbild der Patin, von Arduin
1952 2126 3150 2197 Schnitzler wurde nach dem zweiten Akt sieben Mal gerufen und
716 2166 1920 2228 für teures Geld von Gysar erworben, eine Kajüte ziert, und
1951 2183 2439 2252 auch oft nach dem dritten.
714 2200 1926 2255 beide, Falkenir und Aurelie, fahren aufs Meer hinaus, in dem
715 2244 1932 2302 sie umschlungen den Tod suchen. Der Poet und Reisenberg stoßen
1981 2270 3156 2342 „Wallensteins Tod“ im Staatstheater. Mit „Wallen¬
724 2290 1926 2348 zur k. k. Armee, während Arduin, als ein Parma, pardon, ein
1947 2330 3159 2394 steins Tod“ wurde gestern Jeßners neuer Versuch in der
719 2328 1937 2398 Perosa, trotz seines Ranges als österreichischer Generalmajor, auf
1944 2367 3158 2438 Klassiker=Inszenierung glücklicher als mancher vorhergegangene
717 2379 1576 2440 Oesterreich pfeift und anderswo hinfährt...
1948 2398 3144 2471 auf diesem Felde zu Ende geführt. Im Schlußstück entscheidet
751 2412 1935 2476 Was Schnitzler beweisen wollte? Daß in dem ehrbarsten Weibe
1953 2454 3150 2520 der große Zug der tragischen Linie, und die Regie des Staats¬
725 2453 1940 2515 das andere lebt, Aurelie selbst, die Starke, Tugendsame, gesteht es
1941 2504 3157 2568 theaters hat ihn im wesentlichen gewahrt, ohne in ver¬
716 2505 1930 2561 zu, als sie, von ihm dazu gestoßen, die „lebendige Welt“ durch¬
1949 2541 3153 2610 wegene Spielleiterlaunen zu fallen. Großes Verdienst darum
730 2553 1928 2609 gekostet. Sie sagt in ihrer letzten Szene „Die du hier vor dir
1963 2593 3162 2650 hatte Werner Krauß, der als Wallenstein den Ton für die
723 2589 1940 2669 siehst, das ist nicht Aurelie. Dieses Antlitz, diese Augen, diese
1951 2638 3168 2696 Vorstellung angab. Er hatte die Schillersche Heldensprache und
721 2633 1940 2693 Stirn, all das trügt. Gott bildete nur meine Maske, ein anderer
1956 2663 3165 2733 kehrte den visionären Zug der energischen Natur mit starker Inner¬
728 2681 1935 2742 erst bildete mich, wie ich bin. Ich selber kannte mich nicht vorher.
1954 2726 3153 2787 lichkeit herror. Auch von Agnes Straub als Gräfin Terzky,
731 2724 1941 2785 Ehe das Bild (Gysars) vollendet war, ließ er's mich nicht sehen.
1960 2769 3158 2828 Artur Kraußneck als Gordon und Albert Patry als
720 2764 1937 2840 Und als ich es zum ersten Male erblickte, schlug ich dem, der es
1952 2810 3164 2859 Wrangel vernahm man den echten Ton der Dichtung. Die Be¬
729 2809 1951 2876 gemalt, wie einem Lügner ins Gesicht und wollte davon . . . Und
1833 2852 1937 2913 Ich
1957 2853 3164 2918 wegung der Szenen war gut gelenkt und zu den vorgezeichneten
724 2854 1846 2921 da erlebt' ich's — ich war mit einem Male nicht mehr ich.
1970 2876 3177 2961 starken Wirkungen emporgeführt. Krauß wurde mit den
734 2894 1940 2964 war das Bild, das Gysar gemalt. Ich fühlte mich, fühlte meine
1965 2939 3174 2995 übrigen Darstellern oft gerufen, und auch Jeßner konnte nach
731 2941 1943 3004 hingegebenen Glieder, meine bebenden Brüste, meinen vergehen¬
1969 2981 3168 3062 der Abschiedsszene des Max und nach der feierlich gehobenen
736 2989 1941 3055 den Blick, wie ich all das auf Gysars Bild gesehen — und wußte
2977 3027 3125 3096 A. K.
1971 3031 2927 3095 Schlußszene für den Beifall des Publikums danken.
735 3027 1945 3092 nun: dieses Bild log nicht; Wahrheit, von der ich nichts geahnt,
732 3075 1947 3140 noch immer nichts geahnt, war das Bild. Dies Bild ist Aurelie —
1996 3077 3148 3144 Vorträge. „Vom Tanz zur modernen Bühnenkunst“
1968 3127 3157 3174 über dieses Thema spricht auf Einladung der Volksbühne Dr. Hans W.
738 3120 1944 3200 ich selbst aber, wie du mich hier siehst, bin nur ein Bild. Maske
1968 3164 3161 3219 Fischer in einem Zyklus von vier Vorträgen, deren erster am 12. Ok¬
742 3165 1957 3224 und Lüge bin ich.“ — Die Sehnsucht ist dasselbe gewesen, wie die
1965 3188 2782 3244 tober im Bürgersaal des Rathauses stattfindet.
737 3213 1346 3294 Schauer, die sie einst verspürte.
2001 3229 3158 3286 Prof. Dr. Dans Delbrück hält an der Lessing=Hochschule
768 3250 1952 3306 Rings um diese problematischen Gestalten des Falkenir und
1973 3265 3172 3324 über das Thema „Bismarck und heute“ einen Einzelvortrag am heutigen
748 3290 1960 3364 der Aurelie, die ganz großen Formats sind, lebt die bekannte
1976 3305 3167 3372 Sonntag, 12. Oktober, 12 Uhr mittags, im Plenarsaal des Reichs¬
745 3354 2557 3422 Gesellschaft der vergangenen Kaiserstadt, die Schnitzler nie mit ] wirtschaftorates, Bellevuestraße 15.
