3392 4352
287 146 545 237 Nr. 117
806 152 2787 249 cnengen ingl. Tireater- u. Prenndenzeinuns (hraut Pet Kiepien). Ködt. Tahne. I. Sne terelähtte un
3044 178 3276 251 . Selle
241 241 3301 329 die Verschmähte. Oder ist diese Woge in ihrem Salzsäule, um dann raschestens und ohne Gruß Stamm. Wir gehören ja zusammen — in einer
237 293 3305 357 Blut, die ihr Etwas wie Racheverlangen eingibt, zu verschwinden. Aber wir müssen auch aus dem herrlichen und verworfenen Weise. Ach, Judith.
236 342 1282 421 eine Bestätigung seiner Erkenntnis? Er meinte
1257 362 2298 411 Dialog dieses Liebespaares erfahren, daß Aurelie
2276 360 3033 436 wollen Sie nicht die Meine werden?“
240 407 2285 460 ihre Erhöhung, und sie spürt nur Erniedrigung. Keinem ein Recht über sich einräumt, kein körper¬
2277 408 3303 469 ab, will's aber nicht verschwören, ihm einmal
304 449 2289 525 In dieser Minute taumelnder Verlorenheit er- liches und schon gar nicht ein seelisches. Sie ist
2276 464 3307 531 gelegentlich auf vierundzwanzig Stunden anzu¬
243 494 2288 568 scheint vor ihr wieder Max. Ein mahnendes Ge-immer „anderswo“. Max wirft ihr vor, daß sie
2275 507 3309 575 gehören. Nur müsse er ihr schwören, sie dann
250 547 2288 605 spenst? Unwillkürlich reißt sie sich die von der ihm unendlich viel geschenkt habe, aber niemals
2274 563 3308 617 nicht länger halten zu wollen. Er schwört es,
243 595 1274 654 Mutter geerbte Goldkette vom Hals und schleu¬
1261 603 2283 664 sich selbst, und es kommt zu der sanften Auflösung
2271 605 3309 661 und sie verspricht, ihn zu gelegener Zeit zu rufen.*)
236 638 1271 707 dert sie in den Teich. — „Also doch aber¬
1258 653 2285 706 dieses Verhältnisses, in welchem er von Tag zu
2283 656 3306 716 Sie reicht dem Scheidenden die eine Hand zum
238 689 1284 767 gläubisch, Gräfin?“ Damit tritt er näher, sieht
1261 697 3303 755 Tag nur eine immer kläglichere Rolle spielen Kuß und nimmt mit der anderen das Hörrohr
239 741 1262 800 mit Entsetzen ihre Verstörtheit, weili nicht, ob
1261 748 3307 799 könnte. Als Aurelie allein ist, zieht sie den Vor-□des Telephons ab. Eine Meldung aus dem Büro
233 783 1276 858 er sich irgendwie Schuld geben muß und bittet
1264 797 3298 851 hang vor’s Fenster, aus dem der sonnige Garten des Schwagers treibt ihr das Blut aus den Adern.
238 847 1269 901 endlich, sie zu ihrem Wagen geleiten zu dürfen;
1268 843 3314 896 hereingrüßt, und dehnt schwermültig die Arme Julia tritt mit den aufbrechenden Güsten ein und
230 889 1272 954 er könne sie unmöglich alleinlassen. Heimfahren?
1257 892 3314 958 über Schultern und Kopf. Ihr schaudert vor der fragt, ob der Anruf ihr gegolten habe. Sie erwartet
231 938 1270 998 Nein, Das kann sie jetzt nicht. Aber das Fest
1264 939 2286 1003 Einsamkeit, in der sie auf diesem Erdball steht.
2263 944 3304 1011 Jja jede Minute die Nachricht, die ihr der Staats¬
235 986 1266 1054 ist aus; was sie für Fackeln zwischen den fernen
2277 989 3308 1057 anwalt angekündigt hat. „Um acht Uhr erwarte
237 1028 3301 1093 Bäumen hält, ist schon das Morgenrot. Und dafallein — zwischen einem Glück und demsich Sie“, flüstert er ihr zu. Als die Gäste davon
232 1081 2277 1157 weht sie ein berauschender Fliederduft an. Erjandern zwischen einer Lust und der andern.
2275 1094 3313 1155 sind, versucht Julia, selbst zu telephonieren. Die
225 1134 1271 1195 kommt von dem letzten der drei Zweige, die
1258 1145 2205 1194 zwischen einem Tod und dem andern....
2266 1138 3311 1197 Leitung ist abgestellt. Jetzt fällt ihr die Blässe
227 1172 1280 1240 Max gepflückt hat; Seraphine trägt den zweiten
1337 1183 3307 1251 Der Schauplatz der zweiten Szene ist derlder Schwester auf. „Was ist geschehen? Sag'
227 1231 1269 1284 davon nach Hause, den dritten empfängt nun
1263 1225 2274 1287 Salon Westerhaus, nach einer Mittagsgasterei.
2271 1236 3302 1304 mir die Wahrheit! Schone mich nicht! Die Polizei
231 1271 1276 1344 Aurelie. Sie drückt die Blüten an ihr glühendes
1258 1284 2285 1340 Hier setzt eine Art Zwischenspiel ein, das an
2279 1285 3048 1343 war dort? Man hat ihn verhaftet?“
3025 1284 3303 1352 — „Woher
232 1333 2273 1382 Gesicht. 0 tröstlicher Lenzhauch! — „Wollenl den Styl der französischen Schule gemahnt. Der
2278 1332 3305 1397 weißt du Das?“ fährt Judith auf. Julia jubelt.
232 1365 2278 1430 wir eine Spazierfahrt in's Freie machen, Herr Geist von Dumas fils schwebt über dieser Sitten¬
2272 1380 3302 1444 Sie ist frei — wär' es auch nur für eine Nacht —
233 1423 1271 1489 v. Reisenberg?“ bäumt sie sich mit einer
1255 1418 2290 1498 stück-Dramatik. Und obwohl die Vorgänge mit
2268 1416 3313 1487 ##seit sieben Jahren das erste Mal.“ Heut kann sie
229 1468 1263 1526 bacchantischen Bewegung auf. „Hinaus in den
1254 1477 2284 1545 der Haupthandlung gar Nichts zu tun haben,
2267 1471 3312 1539 schlafen, wo und bei wemn sie will. „Wenn’'s mir
223 1514 1269 1587 Frühlingsmorgen!“ — Er müßte nicht Der sein,
1255 1537 2282 1589 geben sie dem Abend die stärkste Illumination
2265 1528 3310 1585 beliebte, könnte ich mich an’s Fenster stellen
222 1570 1276 1634 der er ist, um da zu versagen. Verlaßne, Ent¬
1355 1575 2268 1633 Westerhaus wird aus dem Speisezimmer
2269 1576 3314 1629 und mir irgend einen hübschen Burschen herauf¬
223 1615 1265 1680 täuschte zu trösten, nach Betäubung Verlangende
1264 1609 2276 1680 an's Telephon gerufen und nimmt da Nachrichten
2270 1630 3300 1683 winken. Aber es wäre ja nicht das Rechte, Er
218 1664 1268 1726 in Opiumräusche zu versenken, da stellt er seinen
1261 1675 2276 1728 entgegen, die seine Spekulationen auf Kriegs¬
2266 1669 3308 1731 wüßte ja Nichts davon, und dann erst hätte ich
218 1706 1267 1776 Mann Don Juan fühlt sich zu einem Gelegenheits¬
1252 1722 2278 1782 konjunktur als kluge Voraussicht erscheinen lassen.
2268 1721 3317 1785 meinen Spaß daran, wenn er dabeistünde — mit
234 1763 1268 1816 schmäuschen geladen und gankelt sich dazu die
1258 1771 2284 1820 Schwägerin Judith, die sich gerne in seiner Nähe
2278 1772 3312 1822 Ketten an Händen und Füßen.“ — Da sagt ihr
220 1814 1269 1879 große Leidenschaft vor, die das Abenteuer auf
1261 1819 2269 1880 aufhält, weiß, daß die Aufregung des Börsespiels
2272 1821 3306 1885 die Schwester die volle Wahrheit. Westerhaus
235 1865 1270 1926 beiden Seiten zu einer Lebensentscheidung machen
1256 1870 2252 1916 sein Element ist und der Sinn seines Lebens —
2269 1869 3307 1926 ist tot. „Im Augenblick, da sie ihn verhaften
224 1907 1266 1979 müßte. Der Gelegenheitslügner ist ja auch immer
1256 1905 2294 1977 die Gattin, der er gierig anhangt und die ihn
2274 1912 3301 1972 wollten, hat er sich erschossen“. Julia zuckt zu¬
226 1958 1166 2032 Gelegenheitskomödiant vor sich selbst.
1250 1963 2269 2020 Thaßt und ihn betrügt, wo sie nur kann. Der
2263 1961 3304 2017 sammen. Nun, sie hat auch Das kommen sehn, hat ihn
320 1988 1260 2067 Der zweite Akt hat drei Teile, die an einem
1263 2014 2282 2071 Staatsanwalt Braunigl, der wieder unter den
2274 2015 3304 2084 immer gewarnt. Ihr graut,jetzt nur bei den Gedanken,
224 2056 1262 2110 Tag spielen, genau anderthalb Monate nach jenem
1260 2058 2279 2115 Gästen ist, hat ein hübsches Mittel ersonnen, Frau
2263 2059 3305 2124 daß man ihr die Leiche in’s Haus bringen könne. Im
230 2104 1257 2174 Maifest. Im ersten Teil finden wir Aurelie in
1261 2109 2273 2174 Julia für einige Zeit von dem lästigen Gemahl
2266 2113 3300 2166 nächsten Augenblick überlegt sie schon praktisch.
221 2152 1266 2218 ihrem „kleinen Palais in der Salesianergasse“,
1254 2169 2285 2227 zu befreien. Er wird ihn heut noch — verhaften
2268 2163 3306 2213 Die ganze Einrichtung des Hauses ist auf ihren
228 2202 2284 2265 Hier sitzt sie dem Meister Gysar zu ihrem Porträt. lassen; Belege, die es rechtfertigen, ihn mindestens
2262 2207 3307 2264 Namen geschrieben: da kann niemand die Hand
225 2247 1271 2314 Die Arbeit geht nicht vonstatten. „Wohin denken
1256 2255 2279 2319 einige Tage in’s Untersuchungsgefängnis zu stecken,
2266 2254 3308 2314 darauf legen. Aber — diese Perlen-Halskette;
230 2294 1280 2362 Sie, Aurelie? — „Das hoff' ich recht bald aus
1255 2301 2282 2362 werden sich in seinem Büro schon „beschlag¬
2266 2302 3307 2356 könnte die Polizei vielleicht die .. Als die
220 2347 2270 2415 dem Porträt zu erfahren, das Sie malen.“ — „Ihre nahmen“ lassen. (Ob der Herr Staatsanwalt unter
2268 2352 3310 2413 Schwester sie verläßt, um über Nacht eine Toten¬
231 2402 2273 2464 Seele fliegt allzusehr in's Weite, Aurelie.“ Dalsolchen Umständen noch als Gast im Hause des
2274 2402 3301 2459 wache zu halten, fällt Julia ein, daß die Perlen¬
225 2440 1271 2509 meint sie, auch Das müsse man schließlich malen
1254 2441 2281 2510 Angeklagten verkehren dürfte und nicht schon
2269 2450 3307 2499 schnur bei niemand so sicher verwahrt wäre als
230 2495 2268 2553 können. Plötzlich zerstört er das Bild, wie schon zur Wahrung seiner Objektivität verpflichtet wäre,
2266 2491 3311 2570 bei dem Staatsanwalt. Sie klingelt der Zofe nach
222 2542 2279 2610 zwei frühere Entwürfe. Sie will ihn verabschieden, die Angelegenheit einem Kollegen zu übertragen?)
2274 2543 3308 2608 Hut und Mantel. — So endet die Szene im Buch;
233 2588 1267 2645 Er schwört, daß es keine andere Arbeit mehr für
1263 2593 2267 2646 Und um acht Uhr abends erwartet er Julie bei
2264 2594 3313 2651 in der Aufführung ist dieser Schluß gestrichen,
236 2636 1266 2700 ihn gebe, wenn er hier verzichten müsse und
1258 2645 2277 2703 sich. Sie verhöhnt ihn, aber nachdem der Gatte
2274 2646 3315 2699 sehr zum Vorteil des Effektes, über dem der Ver¬
237 2682 1271 2747 bittet, sie in seinem Garten malen zu dürfen:
1253 2682 2279 2750 davon ist, in sein Büro gerufen, ist sie in fiebern¬
2273 2686 3311 2755 wandlungsvorhang zusammenfällt. Julia will der
228 2724 1266 2789 der ist durch hohe Mauern vor fremden Blicken
1252 2739 2275 2796 der Erwartung einer telephonischen Meldung von
2265 2732 3311 2805 Schwester verwehren, ihre Stelle an der Leiche
231 2787 1258 2840 geschützt. Sie weiß, was Das heißt und was ihn
1255 2788 2274 2845 dorther — über diese Verhaftung, die ihr die
2271 2790 3302 2840 des Mannes einzunehmen. „Was maßest du dir
230 2830 1264 2890 zu diesem Ansinnen ermutigt. Glaubt nun ein
1257 2835 2280 2893 inbrünstig ersehnte Freiheit geben soll. Ambros
2266 2838 3297 2895 an? Ich bin seine Frau gewesen.“ Da reckt sich
235 2886 1261 2946 Jeder nach ihr die Hand ausstrecken zu dürfen?
1245 2881 2290 2937 Doehl wittert die Katastrophenstimmung in diesem
2265 2894 3303 2964 die Andere auf: „Wenn du dich in die Nähe
220 2927 3133 3003 „Haben Sie irgend einem Menschen Rechenschaft Haus und wendet sich an Judith. Die ist mit dieses Gemordeten wagst — weh dir!“
230 2966 2283 3027 abzulegen?“ drängt er. Dieses Wort fängt derleinem Fuß schon in fernen Ländern, wo sie ihre
2343 2993 3309 3064 Die dritte Szene zeigt uns das gemütlich
223 3030 2268 3087 soeben eintretende Prinz Arduin auf und fordert Künstlerlaufbahn „mit gebührendem Glanz“ er¬
2272 3028 3306 3112 bescheidene Heim der Familie Fenz in Gersthof.
229 3083 1259 3141 nun von dem Sprecher — die Rechenschaft. Ein
1248 3085 2275 3146 öffnen will. „In einem Jahr bin ich die berühm¬
2276 3102 3299 3160 Elisabeth hat diesen Nachmittag mit ihrem Leut¬
233 3129 1263 3180 Renkontre scheint unvermeidlich. Aurelie verhin¬
1257 3127 2272 3187 teste Kokotte von Europa.“ Ambros meint, daß
2264 3147 3298 3202 nant die Hochzeit gehalten. Es kommen noch zwei
1251 3177 2274 3237 ihr Das nicht von Herzen gehe. Sie läugnet,
233 3179 1255 3236 dert es mit Energie, zwingt die Beiden sogar, ein¬
2260 3194 3294 3248 verspätete Gratulanten, Ambros Dochl, der „alte“
220 3224 1258 3286 ander die Hand zu reichen und verabschiedet Gysar
1253 3227 2280 3288 überhaupt ein Herz zu haben. „O dochl ein armes,
2269 3245 3307 3318 Hausfreund, in den Elisabeth einmal verliebt war,
292 3276 1274 3336 mit der Zusage, morgen bei ihm zur ersten
1247 3272 2277 3333 verwundetes Herz“, sagt der Dichter. Sie verhöhnt
2263 3297 3301 3354 wiesie ihrem Angetrauten gestand, dann Max Reisen¬
222 3307 2275 3384 Sitzung für das neue Porträt zu erscheinen. Sodie unglückliche Liebe, die er ihr zutraut. Wenn
2263 3345 3301 3411 berg, der die Jungvermählte nun schon im Reise¬
218 3372 1256 3429 dokumentiert sie, daß sie auch dem fürstlichen
1250 3365 2261 3430 sie sich den Schwager ernstlich in den Kopf ge¬
2259 3387 3301 3463 kleid sieht. Sie kann aus der Fülle der Rosen,
242 3418 1261 3480 Vetter keine Rechenschaft schulde. Der beschwört
1255 3419 2266 3476 setzt hätte, hätt' sie ihn sicher erobert. Aber es
2260 3435 3294 3504 die er ihr zum Geschenk bringt, nur zwei an¬
1247 3469 2270 3525 ist besser, daß er an ihrer Schwester zugrund¬
231 3472 1257 3521 sie, ihm zu entdecken, was mit ihr geschehen sei.
2268 3493 3306 3551 stecken; die anderen müssen zurückbleiben. (Das
1249 3516 2222 3573 gehe. „An mir sollen Andere zugrundegehen.“
234 3518 1264 3575 Auf das Gerede, das über sie umgeht, gibt er
2264 3536 3299 3603 gehört zu den vielen stillen Gleichnissen, die man
1246 3561 2264 3633 „Armes Kind!“ — Sie verlacht ihn: „Sparen Sie
234 3562 1204 3638 Nichts. „Bist du Falkenirs Braut oder nicht?“
2266 3587 3296 3649 in dem Stück aufspüren kann.) Während Fenz
243 3612 1250 3674 „Ich bin keines Menschen Braut.“ — Da wirht
1258 3617 2198 3677 Ihr Bedauern, es geht mir ausgezeichnet.“
227 3666 1257 3719 er um sie zum zweiten Mal und will keine Frage
2354 3647 3294 3732 *) Das erinnert an die deutsche Geliebte Henri
231 3717 1261 3779 nach dem Geschehenen tun, wenn sie ihn annehme
1256 3711 2274 3767 mit dem schönen Max, dem „Kameraden“ als
2268 3713 3295 3772 Rocheforts: Katharina Strebinger, in ihrer Art auch ein
2267 3759 3298 3816 Vollweib, die sich die schrankenloseste Freiheit vorbehielt
1260 3752 2267 3816 Liebes-Condottiere. Es gereicht ihr immerhin zur
228 3756 1262 3820 Sie blickt ihn verträumt an, mit den Kinderaugen,
2268 3801 3295 3852 und die Männer, die ihr gefielen, zu sich in's Bett berief,
1264 3809 2279 3873 Genugtuung, daß er mit der Gräfin Aurelie ge¬
231 3811 1265 3864 die er aus fernen Tagen an ihr kennt, wo sie
2268 3841 3298 3894 „wie men einander zu einem Löffel Suppe einladet“. Und
222 3860 1268 3913 Jugendgespielen waren. Er atmet auf. Es kann
1254 3857 2277 3917 brochen hat, von der er sagt, daß ihm in ihrer
2272 3875 3299 3939 sie, die entzückende Schönheit von germanischem Typus.
226 3906 2267 3970 nicht wahr sein, was man von ihr erzählt. Aber Nähe zuweilen unheimlich geworden sei. Sie kann
2262 3915 3300 3970 die ihre Kraftnatur durch ein — Kasernenabenteuer in
2264 3952 3302 4016 der Schweiz bewies, das endlich sogar dem abgebrühten
234 3947 1261 4008 da tritt Max Reisenberg ein. Aurelie begrüßt ihn
1251 3958 2277 4026 Das begreifen und hofft, es auch einmal zu er¬
2270 3991 3300 4047 Rochefort die Haare zu Berg trieb, soll „unberührten
234 4002 1276 4061 mit dem Duwort und stellt ihn dem Prinzen vor.
1254 3995 2277 4063 leben, daß ihr „in irgendwelchen Armen“ unheim¬
2267 4021 3297 4072 Herzens und reinen Gemütes“ durch alle derartigen Er¬
237 4049 2271 4106 „Dein Verlobter?“ fragt er betreten. „Nein — lich sei. Aber Max werde dieser Jemand nicht
2268 4071 3299 4140 lebnisse gewandelt sein, wo sie erschien wie die Göttin
227 4098 3079 4160 mein Geliebter“, erklärt sie mit lächelnder Un-Isein. Das will er auch nicht. „Warum sollten wir der Liebe begrüßt — auch von den Frauen.
239 4151 2295 4212 befangenheit. Hoheit wird für eine Sekunde zur leinander unheimlich sein? Wir sind ja vom selben
2456 4161 3100 4222 (Fortsetzung des Textes auf der 6. Seite)
