<?xml version="1.0" encoding="UTF-8" standalone="yes"?>
<PcGts xmlns="http://schema.primaresearch.org/PAGE/gts/pagecontent/2013-07-15" xmlns:xsi="http://www.w3.org/2001/XMLSchema-instance" xsi:schemaLocation="http://schema.primaresearch.org/PAGE/gts/pagecontent/2013-07-15 http://schema.primaresearch.org/PAGE/gts/pagecontent/2013-07-15/pagecontent.xsd">
    <Metadata>
        <Creator>prov=University of Rostock/Institute of Mathematics/CITlab/Gundram Leifert/gundram.leifert@uni-rostock.de:name=ONB_Newseye_GT_M1+(htr_id=10810)::::v=2.4.2
prov=University of Rostock/Institute of Mathematics/CITlab/Tobias Gruening/tobias.gruening@uni-rostock.de:name=de.uros.citlab.module.baseline2polygon.B2PSeamMultiOriented:v=2.4.2
prov=University of Rostock/Institute of Mathematics/CITlab/Tobias Gruening/tobias.gruening@uni-rostock.de:name=/mnt/transkribus/LA/DEA/URO/LA_news_onb_att.pb:de.uros.citlab.segmentation.CITlab_LA_ML:v=2.4.2
Transkribus</Creator>
        <Created>2019-10-07T11:09:20.911+02:00</Created>
        <LastChange>2019-10-07T18:39:02.393+02:00</LastChange>
        <TranskribusMetadata docId="223957" pageId="9493817" pageNr="104" tsid="16399221" status="IN_PROGRESS" userId="40391" imgUrl="https://files.transkribus.eu/Get?id=MJXALTSJFEWDKQVEDPULWSLL&amp;fileType=view" xmlUrl="https://files.transkribus.eu/Get?id=GWIMAXCIYBGDIZILIRNXPCXY" imageId="6184044"/>
    </Metadata>
    <Page imageFilename="223957_0104.jpeg" imageWidth="3344" imageHeight="4224">
        <ReadingOrder>
            <OrderedGroup id="ro_1711443945780" caption="Regions reading order">
                <RegionRefIndexed index="0" regionRef="r1"/>
            </OrderedGroup>
        </ReadingOrder>
        <TextRegion orientation="0.0" id="r1" custom="readingOrder {index:0;}">
            <Coords points="234,284 234,3203 3279,3203 3279,284"/>
            <TextLine id="r1l1" custom="readingOrder {index:0;}">
                <Coords points="541,320 693,319 690,260 677,260 667,271 654,264 647,272 636,262 595,258 565,275 551,263 538,263"/>
                <Baseline points="553,311 578,310 603,310 628,310 653,308 678,304"/>
                <TextEquiv>
                    <Unicode>möe</Unicode>
                </TextEquiv>
            </TextLine>
            <TextLine id="r1l2" custom="readingOrder {index:1;}">
                <Coords points="222,331 2302,334 2142,245 1808,297 736,253 644,315 222,251"/>
                <Baseline points="234,309 336,316 439,322 542,326 645,330 748,333 850,335 953,336 1056,336 1159,336 1262,335 1364,334 1467,332 1570,330 1673,328 1776,326 1878,323 1981,321 2084,319 2187,317 2290,315"/>
                <TextEquiv>
                    <Unicode>29. Kon„die der Verfuchrung box 33/6</Unicode>
                </TextEquiv>
            </TextLine>
            <TextLine id="r1l3" custom="readingOrder {index:2;}">
                <Coords points="1062,1440 1077,1444 1082,1441 1092,1445 1100,1442 1141,1447 1145,1378 1125,1374 1118,1366 1110,1366 1094,1375 1089,1372 1078,1377 1066,1376"/>
                <Baseline points="1076,1425 1103,1427 1130,1428"/>
                <TextEquiv>
                    <Unicode></Unicode>
                </TextEquiv>
            </TextLine>
            <TextLine id="r1l4" custom="readingOrder {index:3;}">
                <Coords points="2917,1482 3071,1481 3096,1492 3241,1483 3271,1497 3273,1433 3232,1427 3196,1441 3183,1430 3162,1440 3147,1424 3091,1412 3049,1429 2918,1422"/>
                <Baseline points="2930,1459 2955,1461 2980,1463 3006,1464 3031,1465 3056,1465 3082,1466 3107,1467 3133,1467 3158,1468 3183,1468 3209,1469 3234,1470 3260,1471"/>
                <TextEquiv>
                    <Unicode></Unicode>
                </TextEquiv>
            </TextLine>
            <TextLine id="r1l5" custom="readingOrder {index:4;}">
                <Coords points="1688,1504 2902,1528 2892,1476 1689,1466"/>
                <Baseline points="1701,1496 1760,1495 1819,1495 1879,1496 1938,1496 1997,1497 2057,1498 2116,1499 2175,1501 2235,1503 2294,1505 2353,1506 2413,1508 2472,1509 2531,1511 2591,1512 2650,1513 2709,1513 2769,1513 2828,1513 2888,1512"/>
                <TextEquiv>
                    <Unicode>ging, das war der außerordentliche Erfolg dieser reichsdeutschen</Unicode>
                </TextEquiv>
            </TextLine>
            <TextLine id="r1l6" custom="readingOrder {index:5;}">
                <Coords points="600,1495 779,1529 834,1505 1165,1537 1238,1516 1450,1549 1544,1516 1545,1470 1451,1451 602,1443"/>
                <Baseline points="612,1497 658,1496 704,1496 750,1496 796,1497 842,1498 888,1500 934,1502 980,1504 1026,1506 1072,1508 1118,1511 1164,1513 1210,1515 1256,1516 1302,1518 1348,1519 1394,1520 1440,1520 1486,1520 1532,1519"/>
                <TextEquiv>
                    <Unicode>Kunst und Wissenschaft.</Unicode>
                </TextEquiv>
            </TextLine>
            <TextLine id="r1l7" custom="readingOrder {index:6;}">
                <Coords points="2908,1519 3260,1533 3288,1529 3290,1485 3102,1480 3079,1490 3069,1479 2909,1478"/>
                <Baseline points="2922,1513 2947,1514 2972,1515 2997,1516 3023,1517 3048,1518 3073,1519 3099,1521 3124,1522 3149,1523 3174,1523 3200,1525 3225,1525 3250,1526 3276,1527"/>
                <TextEquiv>
                    <Unicode>Aehnlich verstand</Unicode>
                </TextEquiv>
            </TextLine>
            <TextLine id="r1l8" custom="readingOrder {index:7;}">
                <Coords points="1687,1536 2861,1585 2894,1524 1688,1498"/>
                <Baseline points="1699,1534 1758,1535 1817,1537 1876,1539 1935,1540 1994,1541 2053,1543 2112,1545 2171,1546 2230,1548 2289,1549 2348,1551 2407,1552 2466,1553 2525,1554 2584,1555 2643,1556 2702,1557 2761,1557 2820,1558 2879,1558"/>
                <TextEquiv>
                    <Unicode>Uraufführung in Wiesbaden, ein Erfolg, den der Dichter nicht,</Unicode>
                </TextEquiv>
            </TextLine>
            <TextLine id="r1l9" custom="readingOrder {index:8;}">
                <Coords points="2918,1552 3000,1571 3054,1562 3138,1573 3154,1561 3169,1574 3239,1569 3290,1586 3292,1530 3271,1526 3155,1533 3086,1520 2919,1519"/>
                <Baseline points="2931,1554 2957,1555 2984,1556 3010,1557 3037,1558 3064,1559 3090,1561 3117,1563 3143,1564 3170,1564 3197,1565 3223,1565 3250,1565 3277,1564"/>
                <TextEquiv>
                    <Unicode>tiefen ihrer Sinn</Unicode>
                </TextEquiv>
            </TextLine>
            <TextLine id="r1l10" custom="readingOrder {index:9;}">
                <Coords points="694,1572 1071,1594 1115,1577 1192,1600 1306,1583 1387,1606 1452,1584 1453,1554 1387,1528 1327,1547 1092,1517 968,1534 835,1507 695,1528"/>
                <Baseline points="706,1567 742,1566 779,1565 816,1565 852,1565 889,1566 926,1567 962,1569 999,1570 1036,1572 1073,1574 1109,1576 1146,1577 1183,1579 1219,1580 1256,1582 1293,1582 1329,1582 1366,1582 1403,1581 1440,1580"/>
                <TextEquiv>
                    <Unicode>Staatstheater (Großes Haus).</Unicode>
                </TextEquiv>
            </TextLine>
            <TextLine id="r1l11" custom="readingOrder {index:10;}">
                <Coords points="1687,1589 2312,1601 2313,1552 1688,1545"/>
                <Baseline points="1700,1575 1731,1576 1763,1577 1794,1578 1826,1579 1857,1581 1889,1581 1920,1582 1952,1582 1983,1583 2015,1583 2046,1584 2078,1584 2109,1584 2141,1585 2172,1585 2204,1586 2235,1587 2267,1587 2299,1588"/>
                <TextEquiv>
                    <Unicode>den die Darstellung sich errang.</Unicode>
                </TextEquiv>
            </TextLine>
            <TextLine id="r1l12" custom="readingOrder {index:11;}">
                <Coords points="2921,1602 3080,1614 3144,1606 3185,1621 3201,1608 3280,1614 3282,1571 2922,1564"/>
                <Baseline points="2935,1594 2960,1595 2986,1595 3012,1596 3037,1597 3063,1599 3089,1600 3114,1601 3140,1603 3166,1604 3191,1605 3217,1605 3243,1605 3269,1605"/>
                <TextEquiv>
                    <Unicode>Nowacks Seraphine</Unicode>
                </TextEquiv>
            </TextLine>
            <TextLine id="r1l13" custom="readingOrder {index:12;}">
                <Coords points="612,1624 1018,1643 1116,1617 1147,1643 1470,1653 1535,1626 1536,1587 819,1587 688,1558 613,1585"/>
                <Baseline points="626,1616 670,1616 715,1617 760,1618 805,1619 850,1620 895,1621 939,1622 984,1623 1029,1625 1074,1626 1119,1627 1164,1628 1209,1629 1253,1630 1298,1631 1343,1632 1388,1632 1433,1633 1478,1633 1523,1633"/>
                <TextEquiv>
                    <Unicode>„Der fliegende Holländer“ von R. Wagner.</Unicode>
                </TextEquiv>
            </TextLine>
            <TextLine id="r1l14" custom="readingOrder {index:13;}">
                <Coords points="1761,1636 2861,1657 2900,1650 2901,1602 1762,1576"/>
                <Baseline points="1773,1625 1828,1626 1884,1627 1940,1628 1996,1629 2051,1630 2107,1631 2163,1632 2219,1634 2274,1635 2330,1636 2386,1637 2442,1638 2497,1639 2553,1640 2609,1641 2665,1641 2720,1642 2776,1642 2832,1643 2888,1643"/>
                <TextEquiv>
                    <Unicode>Märchenhaft klingt die mehr zum Trauerspiel gewordene</Unicode>
                </TextEquiv>
            </TextLine>
            <TextLine id="r1l15" custom="readingOrder {index:14;}">
                <Coords points="2922,1644 3202,1656 3220,1644 3281,1659 3283,1610 2923,1605"/>
                <Baseline points="2936,1635 2961,1635 2987,1636 3012,1636 3038,1638 3063,1639 3089,1640 3114,1642 3140,1643 3165,1644 3191,1644 3216,1645 3242,1644 3268,1643"/>
                <TextEquiv>
                    <Unicode>hemmungslose Hing</Unicode>
                </TextEquiv>
            </TextLine>
            <TextLine id="r1l16" custom="readingOrder {index:15;}">
                <Coords points="524,1660 1455,1698 1664,1659 1600,1619 1471,1652 526,1601"/>
                <Baseline points="537,1653 592,1655 648,1656 703,1658 759,1660 815,1662 870,1663 926,1665 982,1666 1037,1667 1093,1669 1149,1670 1204,1671 1260,1673 1316,1673 1371,1674 1427,1675 1483,1675 1538,1676 1594,1676 1650,1677"/>
                <TextEquiv>
                    <Unicode>Mit voller Entschiedenheit betont der Schöpfer des „Fliegen¬</Unicode>
                </TextEquiv>
            </TextLine>
            <TextLine id="r1l17" custom="readingOrder {index:16;}">
                <Coords points="1676,1665 2464,1704 2868,1691 2895,1650 1676,1629"/>
                <Baseline points="1689,1664 1748,1664 1808,1665 1867,1666 1927,1667 1987,1668 2046,1670 2106,1671 2166,1674 2225,1675 2285,1677 2345,1678 2404,1680 2464,1681 2524,1682 2583,1683 2643,1683 2703,1683 2762,1683 2822,1682 2882,1680"/>
                <TextEquiv>
                    <Unicode>Komödie aus mit dem Nahen und Entschwinden einer märchen¬</Unicode>
                </TextEquiv>
            </TextLine>
            <TextLine id="r1l18" custom="readingOrder {index:17;}">
                <Coords points="2910,1684 2995,1689 3008,1676 3021,1689 3100,1686 3136,1700 3196,1683 3260,1690 3286,1686 3287,1642 3145,1654 2911,1635"/>
                <Baseline points="2922,1676 2947,1677 2972,1678 2997,1679 3022,1681 3047,1682 3072,1683 3097,1684 3122,1685 3147,1686 3172,1686 3197,1685 3222,1685 3247,1684 3273,1682"/>
                <TextEquiv>
                    <Unicode>Die Musikszene des</Unicode>
                </TextEquiv>
            </TextLine>
            <TextLine id="r1l19" custom="readingOrder {index:18;}">
                <Coords points="443,1700 1654,1739 1655,1688 1614,1684 444,1657"/>
                <Baseline points="457,1693 516,1694 575,1696 634,1697 693,1699 753,1700 812,1702 871,1704 930,1705 989,1707 1049,1708 1108,1710 1167,1711 1226,1713 1285,1714 1345,1715 1404,1716 1463,1717 1522,1718 1581,1719 1641,1720"/>
                <TextEquiv>
                    <Unicode>den Holl.nder?“ in seinen geistreichen Bemerkungen zur Auf¬</Unicode>
                </TextEquiv>
            </TextLine>
            <TextLine id="r1l20" custom="readingOrder {index:19;}">
                <Coords points="1674,1715 2792,1739 2898,1720 2899,1677 1675,1663"/>
                <Baseline points="1688,1704 1747,1705 1807,1706 1867,1707 1927,1708 1987,1710 2047,1712 2107,1713 2167,1715 2227,1717 2287,1719 2346,1721 2406,1722 2466,1724 2526,1725 2586,1725 2646,1725 2706,1725 2766,1724 2826,1722 2886,1720"/>
                <TextEquiv>
                    <Unicode>haft ausgestatteten Lustjacht, vom Besitzer, dem Prinzen Arduin</Unicode>
                </TextEquiv>
            </TextLine>
            <TextLine id="r1l21" custom="readingOrder {index:20;}">
                <Coords points="2911,1743 3020,1724 3117,1732 3133,1720 3150,1736 3212,1725 3269,1735 3270,1691 2913,1681"/>
                <Baseline points="2925,1714 2950,1715 2975,1716 3001,1717 3026,1719 3051,1721 3077,1722 3102,1724 3128,1724 3153,1725 3178,1725 3204,1725 3229,1724 3255,1722"/>
                <TextEquiv>
                    <Unicode>Wiedergabe fast üb</Unicode>
                </TextEquiv>
            </TextLine>
            <TextLine id="r1l22" custom="readingOrder {index:21;}">
                <Coords points="448,1748 1638,1772 1660,1721 449,1701"/>
                <Baseline points="462,1735 521,1736 580,1737 639,1739 698,1741 757,1742 816,1743 876,1745 935,1746 994,1747 1053,1749 1112,1750 1171,1751 1230,1753 1290,1753 1349,1754 1408,1755 1467,1756 1526,1757 1585,1757 1645,1758"/>
                <TextEquiv>
                    <Unicode>führung d's Werkes, die vielleicht nachträgliche Reslexion über</Unicode>
                </TextEquiv>
            </TextLine>
            <TextLine id="r1l23" custom="readingOrder {index:22;}">
                <Coords points="1682,1755 2898,1773 2899,1719 1683,1709"/>
                <Baseline points="1696,1743 1755,1745 1815,1746 1874,1747 1934,1749 1993,1751 2053,1752 2112,1754 2172,1756 2231,1757 2291,1759 2350,1760 2410,1761 2469,1762 2529,1763 2588,1764 2648,1764 2707,1764 2767,1764 2826,1763 2886,1762"/>
                <TextEquiv>
                    <Unicode>nach dem Namen der Heldin „Aurelie“ genannt. Aber fast noch</Unicode>
                </TextEquiv>
            </TextLine>
            <TextLine id="r1l24" custom="readingOrder {index:23;}">
                <Coords points="2992,1772 3049,1765 3075,1774 3114,1764 3134,1778 3162,1768 3211,1777 3219,1769 3285,1781 3287,1727 3212,1726 3197,1736 3155,1735 3135,1721 3125,1729 2994,1728"/>
                <Baseline points="3006,1759 3032,1760 3059,1761 3085,1761 3112,1762 3139,1763 3165,1763 3192,1764 3218,1765 3245,1765 3272,1765"/>
                <TextEquiv>
                    <Unicode>Glück hatte der</Unicode>
                </TextEquiv>
            </TextLine>
            <TextLine id="r1l25" custom="readingOrder {index:24;}">
                <Coords points="438,1778 1620,1812 1652,1763 439,1752"/>
                <Baseline points="451,1773 510,1775 569,1777 629,1779 688,1780 748,1782 807,1784 866,1785 926,1786 985,1788 1045,1789 1104,1790 1163,1791 1223,1792 1282,1793 1342,1794 1401,1795 1460,1795 1520,1796 1579,1796 1639,1796"/>
                <TextEquiv>
                    <Unicode>ein naives, ursprünglicher geschautes Kunstwerk bedeuten, jeden¬</Unicode>
                </TextEquiv>
            </TextLine>
            <TextLine id="r1l26" custom="readingOrder {index:25;}">
                <Coords points="1674,1791 2887,1812 2888,1763 1675,1752"/>
                <Baseline points="1688,1780 1747,1783 1806,1786 1865,1788 1925,1790 1984,1792 2043,1794 2103,1795 2162,1796 2221,1798 2281,1799 2340,1800 2399,1801 2458,1801 2518,1802 2577,1802 2636,1802 2696,1802 2755,1802 2814,1802 2874,1802"/>
                <TextEquiv>
                    <Unicode>einen Grad märchenhafter wirkt die Mär, die Wirklichkeit des</Unicode>
                </TextEquiv>
            </TextLine>
            <TextLine id="r1l27" custom="readingOrder {index:26;}">
                <Coords points="2916,1798 2993,1813 3279,1813 3280,1775 3254,1771 3133,1776 3105,1762 3010,1775 2961,1753 2917,1762"/>
                <Baseline points="2930,1795 2955,1797 2981,1798 3007,1799 3033,1800 3059,1801 3085,1802 3111,1802 3137,1803 3163,1803 3189,1804 3215,1805 3241,1805 3267,1806"/>
                <TextEquiv>
                    <Unicode>Aurelie=Werber, de</Unicode>
                </TextEquiv>
            </TextLine>
            <TextLine id="r1l28" custom="readingOrder {index:27;}">
                <Coords points="450,1814 1651,1838 1651,1802 1531,1795 451,1775"/>
                <Baseline points="463,1815 521,1816 580,1817 639,1819 697,1820 756,1821 815,1823 873,1824 932,1826 991,1827 1050,1828 1108,1830 1167,1831 1226,1832 1284,1833 1343,1834 1402,1834 1460,1834 1519,1834 1578,1834 1637,1834"/>
                <TextEquiv>
                    <Unicode>falls aber in ihren detaillierten Weisungen von jedem darstellen¬</Unicode>
                </TextEquiv>
            </TextLine>
            <TextLine id="r1l29" custom="readingOrder {index:28;}">
                <Coords points="1684,1832 2831,1852 2895,1840 2896,1802 1685,1788"/>
                <Baseline points="1698,1823 1757,1824 1816,1826 1875,1828 1934,1829 1994,1831 2053,1832 2112,1833 2171,1835 2230,1836 2290,1837 2349,1838 2408,1839 2467,1840 2526,1840 2586,1841 2645,1841 2704,1841 2763,1841 2822,1840 2882,1839"/>
                <TextEquiv>
                    <Unicode>gestrigen Abends der mit den Kräften unsere Staatstheaters</Unicode>
                </TextEquiv>
            </TextLine>
            <TextLine id="r1l30" custom="readingOrder {index:29;}">
                <Coords points="2926,1847 3019,1844 3050,1856 3070,1843 3147,1856 3212,1848 3281,1865 3282,1816 3259,1810 2994,1813 2928,1803"/>
                <Baseline points="2940,1835 2965,1838 2990,1840 3015,1841 3041,1842 3066,1843 3091,1843 3117,1844 3142,1844 3167,1844 3193,1845 3218,1846 3243,1847 3269,1848"/>
                <TextEquiv>
                    <Unicode>Perosa, von Bernh</Unicode>
                </TextEquiv>
            </TextLine>
            <TextLine id="r1l31" custom="readingOrder {index:30;}">
                <Coords points="444,1845 1657,1895 1658,1836 444,1804"/>
                <Baseline points="457,1854 516,1855 575,1856 635,1858 694,1859 753,1861 813,1862 872,1863 931,1865 991,1866 1050,1868 1109,1869 1169,1871 1228,1872 1287,1873 1347,1874 1406,1875 1465,1875 1525,1875 1584,1875 1644,1875"/>
                <TextEquiv>
                    <Unicode>den Künstler unbedingt beachtet werden müßten, das kraftvoll</Unicode>
                </TextEquiv>
            </TextLine>
            <TextLine id="r1l32" custom="readingOrder {index:31;}">
                <Coords points="1679,1870 2876,1901 2893,1842 1679,1829"/>
                <Baseline points="1692,1860 1751,1862 1810,1864 1870,1866 1929,1868 1989,1869 2048,1871 2107,1873 2167,1874 2226,1875 2286,1876 2345,1877 2404,1878 2464,1879 2523,1879 2583,1879 2642,1879 2701,1879 2761,1879 2820,1878 2880,1877"/>
                <TextEquiv>
                    <Unicode>Arthur Schnitzler den vor zwei Wochen im Wiener Burg¬</Unicode>
                </TextEquiv>
            </TextLine>
            <TextLine id="r1l33" custom="readingOrder {index:32;}">
                <Coords points="2921,1882 3008,1895 3114,1890 3139,1906 3160,1891 3211,1898 3229,1888 3291,1905 3292,1844 3261,1858 3161,1845 3143,1858 3120,1847 2922,1844"/>
                <Baseline points="2933,1876 2959,1878 2986,1879 3012,1881 3039,1881 3066,1882 3092,1882 3119,1882 3145,1882 3172,1883 3199,1884 3225,1885 3252,1887 3279,1890"/>
                <TextEquiv>
                    <Unicode>wurde: Menschlich,</Unicode>
                </TextEquiv>
            </TextLine>
            <TextLine id="r1l34" custom="readingOrder {index:33;}">
                <Coords points="447,1901 1648,1917 1620,1878 448,1858"/>
                <Baseline points="461,1892 519,1894 578,1896 636,1898 695,1900 754,1902 812,1903 871,1905 930,1906 988,1908 1047,1909 1106,1909 1164,1910 1223,1911 1282,1912 1340,1913 1399,1913 1458,1914 1516,1914 1575,1915 1634,1915"/>
                <TextEquiv>
                    <Unicode>Gesunde im Wesen Sentas. Ihr träumerisches Wesen soll nicht</Unicode>
                </TextEquiv>
            </TextLine>
            <TextLine id="r1l35" custom="readingOrder {index:34;}">
                <Coords points="1675,1914 2824,1936 2896,1922 2897,1886 1675,1870"/>
                <Baseline points="1689,1902 1748,1903 1808,1904 1868,1906 1927,1907 1987,1909 2047,1910 2106,1911 2166,1913 2226,1914 2286,1915 2345,1916 2405,1917 2465,1918 2524,1919 2584,1919 2644,1920 2703,1920 2763,1921 2823,1921 2883,1921"/>
                <TextEquiv>
                    <Unicode>theater vorbeigelungenen, den unbestrittenen starken Erfolg ge¬</Unicode>
                </TextEquiv>
            </TextLine>
            <TextLine id="r1l36" custom="readingOrder {index:35;}">
                <Coords points="2916,1926 3283,1939 3285,1890 3177,1889 3127,1904 3077,1884 2917,1885"/>
                <Baseline points="2929,1918 2955,1919 2981,1919 3007,1921 3033,1922 3060,1924 3086,1925 3112,1926 3138,1927 3165,1927 3191,1927 3217,1927 3243,1926 3270,1924"/>
                <TextEquiv>
                    <Unicode>Schwächen. Dieser</Unicode>
                </TextEquiv>
            </TextLine>
            <TextLine id="r1l37" custom="readingOrder {index:36;}">
                <Coords points="446,1934 1649,1966 1632,1917 447,1901"/>
                <Baseline points="458,1934 520,1936 582,1939 644,1940 706,1941 768,1943 830,1944 892,1945 954,1946 1016,1948 1078,1948 1140,1949 1202,1950 1264,1951 1326,1952 1388,1953 1450,1954 1512,1955 1574,1956 1637,1957"/>
                <TextEquiv>
                    <Unicode>im Sinne einer modernen krankhaften Sentimentalität aufgesaßt</Unicode>
                </TextEquiv>
            </TextLine>
            <TextLine id="r1l38" custom="readingOrder {index:37;}">
                <Coords points="1676,1946 2773,1981 2894,1962 2895,1924 1676,1910"/>
                <Baseline points="1689,1942 1748,1943 1808,1944 1867,1945 1927,1947 1987,1948 2046,1949 2106,1950 2166,1952 2225,1953 2285,1954 2345,1955 2404,1957 2464,1958 2524,1958 2583,1959 2643,1960 2703,1961 2762,1961 2822,1961 2882,1961"/>
                <TextEquiv>
                    <Unicode>bracht hat: „Komödie der Verführung“ siegte im Zeichen</Unicode>
                </TextEquiv>
            </TextLine>
            <TextLine id="r1l39" custom="readingOrder {index:38;}">
                <Coords points="2922,1979 2948,1969 3212,1980 3225,1967 3243,1981 3282,1979 3283,1935 2923,1923"/>
                <Baseline points="2934,1959 2959,1961 2985,1962 3011,1964 3036,1965 3062,1966 3088,1966 3113,1967 3139,1967 3165,1967 3190,1967 3216,1967 3242,1967 3268,1967"/>
                <TextEquiv>
                    <Unicode>besten gelungen; er</Unicode>
                </TextEquiv>
            </TextLine>
            <TextLine id="r1l40" custom="readingOrder {index:39;}">
                <Coords points="434,1974 1583,2013 1652,2004 1653,1965 434,1948"/>
                <Baseline points="448,1976 507,1978 567,1979 626,1980 686,1981 745,1983 805,1984 864,1985 924,1987 983,1988 1043,1989 1103,1990 1162,1991 1222,1992 1281,1992 1341,1993 1400,1993 1460,1994 1519,1994 1579,1994 1639,1994"/>
                <TextEquiv>
                    <Unicode>werden, sie ist ein ganz kerniges nordisches Mädchen, durchaus</Unicode>
                </TextEquiv>
            </TextLine>
            <TextLine id="r1l41" custom="readingOrder {index:40;}">
                <Coords points="1680,1992 2870,2015 2894,1964 1681,1948"/>
                <Baseline points="1693,1983 1752,1983 1811,1983 1871,1984 1930,1985 1989,1987 2049,1988 2108,1990 2167,1992 2227,1993 2286,1995 2345,1997 2405,1998 2464,2000 2523,2001 2583,2001 2642,2002 2701,2001 2761,2001 2820,2000 2880,1998"/>
                <TextEquiv>
                    <Unicode>der Wiesbadener Darstellung. Siegte nach einer Dauer von</Unicode>
                </TextEquiv>
            </TextLine>
            <TextLine id="r1l42" custom="readingOrder {index:41;}">
                <Coords points="2915,2013 3021,2017 3075,2005 3093,2023 3124,2013 3136,2026 3165,2006 3188,2022 3221,2012 3286,2023 3286,1966 3225,1968 3209,1981 3189,1970 3073,1979 2916,1962"/>
                <Baseline points="2928,2001 2954,2003 2981,2004 3007,2005 3034,2005 3060,2006 3087,2006 3113,2006 3140,2006 3166,2006 3193,2006 3219,2007 3246,2007 3273,2008"/>
                <TextEquiv>
                    <Unicode>nung — das Origi</Unicode>
                </TextEquiv>
            </TextLine>
            <TextLine id="r1l43" custom="readingOrder {index:42;}">
                <Coords points="443,2016 1664,2053 1645,1991 444,1975"/>
                <Baseline points="457,2015 516,2016 576,2018 636,2019 696,2020 755,2022 815,2023 875,2025 935,2026 994,2027 1054,2028 1114,2029 1174,2030 1233,2031 1293,2032 1353,2033 1413,2034 1472,2034 1532,2034 1592,2034 1652,2034"/>
                <TextEquiv>
                    <Unicode>naiv selbst in ihrer scheinbaren Sentimentalität, ihr Trieb ist</Unicode>
                </TextEquiv>
            </TextLine>
            <TextLine id="r1l44" custom="readingOrder {index:43;}">
                <Coords points="1681,2034 2887,2048 2870,2004 2515,1985 1682,1988"/>
                <Baseline points="1693,2021 1752,2022 1811,2024 1870,2025 1929,2027 1988,2029 2047,2031 2106,2032 2165,2034 2224,2035 2283,2037 2342,2038 2401,2040 2460,2040 2519,2041 2578,2042 2637,2042 2696,2041 2755,2041 2814,2039 2874,2038"/>
                <TextEquiv>
                    <Unicode>dreieinhalb Stunden so sehr, daß unser sonst im Forteilen</Unicode>
                </TextEquiv>
            </TextLine>
            <TextLine id="r1l45" custom="readingOrder {index:44;}">
                <Coords points="2912,2045 3048,2059 3074,2042 3089,2055 3202,2061 3239,2049 3279,2066 3281,2014 3178,2017 3165,2006 3090,2022 3073,2003 3055,2008 3027,1992 3001,2009 2913,2009"/>
                <Baseline points="2925,2042 2951,2041 2977,2041 3003,2041 3030,2042 3056,2043 3082,2044 3109,2045 3135,2046 3161,2047 3188,2047 3214,2048 3240,2049 3267,2048"/>
                <TextEquiv>
                    <Unicode>Namen —, doch an</Unicode>
                </TextEquiv>
            </TextLine>
            <TextLine id="r1l46" custom="readingOrder {index:45;}">
                <Coords points="441,2054 1659,2085 1658,2036 442,2018"/>
                <Baseline points="453,2056 512,2057 572,2059 632,2060 691,2061 751,2063 811,2064 870,2066 930,2067 990,2068 1050,2069 1109,2070 1169,2071 1229,2072 1288,2072 1348,2073 1408,2074 1467,2074 1527,2075 1587,2075 1647,2076"/>
                <TextEquiv>
                    <Unicode>wie ein „kräftiger Wahnsinn“ bei ganz naiven Naturen, ihr</Unicode>
                </TextEquiv>
            </TextLine>
            <TextLine id="r1l47" custom="readingOrder {index:46;}">
                <Coords points="1679,2070 2843,2105 2898,2083 2899,2029 1680,2036"/>
                <Baseline points="1693,2065 1752,2066 1812,2066 1871,2067 1931,2069 1991,2070 2050,2072 2110,2073 2170,2075 2229,2076 2289,2078 2349,2079 2408,2080 2468,2081 2528,2081 2587,2082 2647,2082 2707,2081 2766,2080 2826,2079 2886,2077"/>
                <TextEquiv>
                    <Unicode>vollendetes Publikum noch minutenlang aushielt, den Mit¬</Unicode>
                </TextEquiv>
            </TextLine>
            <TextLine id="r1l48" custom="readingOrder {index:47;}">
                <Coords points="2918,2092 3000,2096 3016,2084 3057,2097 3098,2085 3113,2096 3242,2103 3280,2093 3281,2052 2918,2049"/>
                <Baseline points="2930,2081 2955,2082 2981,2083 3007,2083 3033,2084 3059,2085 3085,2085 3111,2086 3137,2086 3163,2086 3189,2086 3215,2087 3241,2087 3267,2086"/>
                <TextEquiv>
                    <Unicode>das, was im Buche</Unicode>
                </TextEquiv>
            </TextLine>
            <TextLine id="r1l49" custom="readingOrder {index:48;}">
                <Coords points="444,2102 1653,2116 1633,2078 445,2061"/>
                <Baseline points="457,2100 516,2099 575,2098 634,2098 693,2098 752,2099 811,2100 871,2101 930,2103 989,2105 1048,2107 1107,2108 1166,2110 1225,2112 1285,2114 1344,2115 1403,2115 1462,2115 1521,2115 1580,2114 1640,2112"/>
                <TextEquiv>
                    <Unicode>geheimnisvolles Hellsehen eine gerabe dem Norden eigene Natur¬</Unicode>
                </TextEquiv>
            </TextLine>
            <TextLine id="r1l50" custom="readingOrder {index:49;}">
                <Coords points="1678,2120 2611,2151 2811,2140 2812,2104 1679,2071"/>
                <Baseline points="1692,2101 1747,2103 1802,2104 1858,2106 1913,2108 1968,2109 2024,2110 2079,2112 2134,2113 2190,2115 2245,2115 2300,2117 2356,2118 2411,2118 2466,2119 2522,2120 2577,2121 2632,2122 2688,2122 2743,2123 2799,2124"/>
                <TextEquiv>
                    <Unicode>wirkenden mit nicht endenwollenden Beifallsstürmen dankte.</Unicode>
                </TextEquiv>
            </TextLine>
            <TextLine id="r1l51" custom="readingOrder {index:50;}">
                <Coords points="2910,2136 3049,2130 3077,2141 3106,2129 3247,2144 3286,2137 3287,2096 3160,2101 3099,2085 3055,2097 3012,2083 2999,2096 2911,2097"/>
                <Baseline points="2924,2123 2950,2125 2977,2126 3004,2127 3031,2128 3058,2128 3085,2129 3111,2129 3138,2129 3165,2129 3192,2129 3219,2130 3246,2130 3273,2132"/>
                <TextEquiv>
                    <Unicode>männliche Hauptrolk</Unicode>
                </TextEquiv>
            </TextLine>
            <TextLine id="r1l52" custom="readingOrder {index:51;}">
                <Coords points="444,2138 1657,2168 1658,2119 444,2102"/>
                <Baseline points="457,2138 516,2138 575,2138 635,2138 694,2139 753,2140 813,2141 872,2143 931,2144 991,2146 1050,2148 1109,2149 1169,2151 1228,2152 1287,2154 1347,2155 1406,2156 1465,2156 1525,2156 1584,2156 1644,2155"/>
                <TextEquiv>
                    <Unicode>gabe. Solcher Auffassung der Gestalt entsprach durchaus unser</Unicode>
                </TextEquiv>
            </TextLine>
            <TextLine id="r1l53" custom="readingOrder {index:52;}">
                <Coords points="2246,2179 2262,2179 2264,2176 2272,2183 2277,2183 2290,2172 2295,2172 2303,2180 2308,2174 2326,2174 2325,2133 2301,2133 2291,2126 2281,2132 2270,2127 2245,2128"/>
                <Baseline points="2258,2162 2285,2163 2312,2160"/>
                <TextEquiv>
                    <Unicode>*</Unicode>
                </TextEquiv>
            </TextLine>
            <TextLine id="r1l54" custom="readingOrder {index:53;}">
                <Coords points="2915,2174 3012,2178 3031,2165 3043,2175 3069,2165 3092,2178 3138,2173 3172,2187 3252,2169 3252,2138 3236,2136 2915,2133"/>
                <Baseline points="2927,2169 2953,2168 2979,2167 3005,2166 3031,2166 3057,2167 3083,2167 3109,2168 3135,2169 3161,2169 3187,2169 3213,2169 3239,2169"/>
                <TextEquiv>
                    <Unicode>Kurt Sellnick</Unicode>
                </TextEquiv>
            </TextLine>
            <TextLine id="r1l55" custom="readingOrder {index:54;}">
                <Coords points="440,2174 1664,2199 1650,2145 441,2145"/>
                <Baseline points="453,2177 512,2177 572,2177 632,2177 692,2178 752,2179 812,2180 872,2182 932,2183 992,2185 1052,2186 1111,2188 1171,2190 1231,2191 1291,2192 1351,2193 1411,2194 1471,2194 1531,2194 1591,2194 1651,2193"/>
                <TextEquiv>
                    <Unicode>Gast, Frl. Clara Klepper, mit der blonden, stattlichen Wal¬</Unicode>
                </TextEquiv>
            </TextLine>
            <TextLine id="r1l56" custom="readingOrder {index:55;}">
                <Coords points="2918,2213 2995,2211 3049,2228 3059,2218 3268,2216 3268,2169 3253,2167 3170,2188 3135,2172 2919,2172"/>
                <Baseline points="2930,2205 2955,2206 2980,2206 3005,2206 3030,2207 3055,2208 3080,2209 3105,2210 3130,2210 3155,2211 3180,2211 3205,2210 3230,2209 3256,2207"/>
                <TextEquiv>
                    <Unicode>überraschend, weil</Unicode>
                </TextEquiv>
            </TextLine>
            <TextLine id="r1l57" custom="readingOrder {index:56;}">
                <Coords points="1740,2207 2752,2243 2889,2236 2890,2174 1740,2171"/>
                <Baseline points="1753,2208 1809,2211 1865,2213 1921,2216 1977,2217 2033,2219 2089,2220 2145,2222 2201,2223 2257,2224 2314,2225 2370,2226 2426,2226 2482,2227 2538,2227 2594,2228 2650,2229 2706,2229 2762,2230 2818,2230 2875,2231"/>
                <TextEquiv>
                    <Unicode>Das Geheimnis dieses darstellerischen Erfolges einer als</Unicode>
                </TextEquiv>
            </TextLine>
            <TextLine id="r1l58" custom="readingOrder {index:57;}">
                <Coords points="445,2222 1659,2222 1659,2194 446,2176"/>
                <Baseline points="457,2217 516,2217 575,2218 635,2219 694,2220 754,2221 813,2223 873,2224 932,2225 992,2226 1051,2228 1110,2229 1170,2230 1229,2231 1289,2232 1348,2233 1408,2233 1467,2234 1527,2234 1586,2235 1646,2235"/>
                <TextEquiv>
                    <Unicode>kürengestalt. Kräftig und gesund klang wieder das schöne</Unicode>
                </TextEquiv>
            </TextLine>
            <TextLine id="r1l59" custom="readingOrder {index:58;}">
                <Coords points="2915,2253 2995,2262 3052,2250 3098,2264 3226,2255 3280,2274 3281,2210 3158,2213 3145,2223 2916,2214"/>
                <Baseline points="2928,2246 2954,2246 2980,2247 3006,2247 3032,2248 3058,2249 3084,2249 3111,2250 3137,2250 3163,2251 3189,2251 3215,2251 3241,2251 3268,2251"/>
                <TextEquiv>
                    <Unicode>Wesen unseres ras</Unicode>
                </TextEquiv>
            </TextLine>
            <TextLine id="r1l60" custom="readingOrder {index:59;}">
                <Coords points="1677,2254 2846,2288 2881,2235 1678,2205"/>
                <Baseline points="1689,2249 1747,2250 1806,2252 1865,2253 1924,2255 1983,2257 2042,2258 2101,2260 2160,2262 2219,2264 2278,2265 2336,2266 2395,2267 2454,2268 2513,2269 2572,2270 2631,2270 2690,2271 2749,2271 2808,2271 2867,2270"/>
                <TextEquiv>
                    <Unicode>Buch schwer verdaulichen „Komödie“ ist mit der Milderung ihrer</Unicode>
                </TextEquiv>
            </TextLine>
            <TextLine id="r1l61" custom="readingOrder {index:60;}">
                <Coords points="440,2253 1654,2288 1655,2223 441,2217"/>
                <Baseline points="453,2257 512,2257 571,2257 631,2258 690,2258 750,2259 809,2260 869,2261 928,2262 988,2264 1047,2265 1106,2266 1166,2267 1225,2268 1285,2270 1344,2271 1404,2272 1463,2273 1523,2274 1582,2275 1642,2276"/>
                <TextEquiv>
                    <Unicode>Organ, besonders in der tieferen Lage, den mittleren Tönen sehlt</Unicode>
                </TextEquiv>
            </TextLine>
            <TextLine id="r1l62" custom="readingOrder {index:61;}">
                <Coords points="2902,2288 3049,2305 3098,2293 3131,2307 3195,2296 3244,2305 3278,2290 3279,2259 2932,2253 2904,2237"/>
                <Baseline points="2915,2288 2940,2287 2965,2287 2990,2287 3015,2287 3040,2288 3065,2289 3090,2290 3115,2292 3140,2293 3165,2294 3190,2294 3215,2294 3240,2293 3266,2292"/>
                <TextEquiv>
                    <Unicode>mag, und Ambros</Unicode>
                </TextEquiv>
            </TextLine>
            <TextLine id="r1l63" custom="readingOrder {index:62;}">
                <Coords points="1676,2293 2893,2308 2868,2266 1677,2255"/>
                <Baseline points="1689,2287 1748,2290 1808,2291 1867,2294 1927,2296 1986,2299 2046,2301 2105,2303 2165,2305 2224,2306 2284,2308 2343,2309 2403,2310 2462,2311 2522,2311 2581,2311 2641,2311 2700,2310 2760,2309 2819,2307 2879,2304"/>
                <TextEquiv>
                    <Unicode>Brutalitäten — das Werk des Spielleiters Dr. Hans Bux¬</Unicode>
                </TextEquiv>
            </TextLine>
            <TextLine id="r1l64" custom="readingOrder {index:63;}">
                <Coords points="438,2304 1647,2322 1647,2281 1545,2272 439,2255"/>
                <Baseline points="451,2295 510,2296 569,2297 628,2298 687,2299 746,2300 805,2301 865,2303 924,2304 983,2305 1042,2306 1101,2307 1160,2308 1219,2309 1279,2310 1338,2311 1397,2312 1456,2313 1515,2313 1574,2314 1634,2314"/>
                <TextEquiv>
                    <Unicode>es noch etwas an Fülle, während die Höhe genügendes Volumen</Unicode>
                </TextEquiv>
            </TextLine>
            <TextLine id="r1l65" custom="readingOrder {index:64;}">
                <Coords points="2912,2334 3015,2343 3038,2325 3069,2349 3141,2335 3159,2348 3187,2338 3277,2347 3278,2288 3239,2305 2913,2295"/>
                <Baseline points="2926,2332 2952,2331 2978,2330 3004,2330 3030,2330 3056,2331 3082,2332 3108,2333 3134,2334 3160,2335 3186,2335 3212,2334 3238,2334 3264,2331"/>
                <TextEquiv>
                    <Unicode>gleich die fürsor</Unicode>
                </TextEquiv>
            </TextLine>
            <TextLine id="r1l66" custom="readingOrder {index:65;}">
                <Coords points="1673,2333 2881,2368 2869,2306 1674,2294"/>
                <Baseline points="1687,2329 1746,2331 1805,2334 1864,2336 1923,2338 1982,2340 2041,2342 2100,2344 2159,2345 2218,2346 2278,2348 2337,2349 2396,2349 2455,2350 2514,2350 2573,2351 2632,2350 2691,2350 2750,2350 2809,2349 2869,2348"/>
                <TextEquiv>
                    <Unicode>baum — nur zum kleinen Teil offenbart. Hauptträger der</Unicode>
                </TextEquiv>
            </TextLine>
            <TextLine id="r1l67" custom="readingOrder {index:66;}">
                <Coords points="436,2332 1649,2366 1650,2322 1463,2308 437,2304"/>
                <Baseline points="450,2336 509,2337 568,2338 627,2339 687,2340 746,2341 805,2342 865,2343 924,2343 983,2345 1043,2346 1102,2347 1161,2348 1220,2349 1280,2350 1339,2351 1398,2352 1458,2353 1517,2354 1576,2355 1636,2356"/>
                <TextEquiv>
                    <Unicode>für die dramatischen Akzente besitzt. Im einzelnen wäre noch</Unicode>
                </TextEquiv>
            </TextLine>
            <TextLine id="r1l68" custom="readingOrder {index:67;}">
                <Coords points="2900,2377 3278,2381 3278,2340 3181,2339 3160,2350 3132,2337 3070,2349 3037,2326 2939,2341 2900,2323"/>
                <Baseline points="2913,2377 2938,2374 2963,2371 2988,2369 3013,2369 3039,2369 3064,2369 3089,2369 3114,2371 3139,2372 3165,2373 3190,2374 3215,2374 3240,2373 3266,2372"/>
                <TextEquiv>
                    <Unicode>zu sein, war Gusta</Unicode>
                </TextEquiv>
            </TextLine>
            <TextLine id="r1l69" custom="readingOrder {index:68;}">
                <Coords points="1677,2376 2859,2407 2883,2345 1677,2335"/>
                <Baseline points="1690,2367 1749,2370 1808,2373 1867,2376 1926,2378 1985,2380 2044,2382 2103,2384 2162,2385 2221,2387 2280,2388 2339,2389 2398,2390 2457,2391 2516,2391 2575,2392 2634,2392 2693,2392 2752,2391 2811,2391 2870,2390"/>
                <TextEquiv>
                    <Unicode>neuen Schnitzler=Anziehung werden die Künstler bleiben, deren</Unicode>
                </TextEquiv>
            </TextLine>
            <TextLine id="r1l70" custom="readingOrder {index:69;}">
                <Coords points="445,2376 1519,2414 1658,2401 1659,2357 445,2340"/>
                <Baseline points="457,2379 516,2379 575,2379 635,2380 694,2380 753,2381 813,2382 872,2383 931,2385 991,2386 1050,2388 1109,2389 1169,2390 1228,2391 1287,2392 1347,2393 1406,2394 1465,2394 1525,2394 1584,2394 1644,2394"/>
                <TextEquiv>
                    <Unicode>manches sicherer, bestinimter zu charakterisieren, das Spiel vor</Unicode>
                </TextEquiv>
            </TextLine>
            <TextLine id="r1l71" custom="readingOrder {index:70;}">
                <Coords points="2904,2418 3068,2424 3105,2412 3166,2427 3189,2414 3228,2426 3285,2417 3285,2387 3265,2381 3070,2375 3005,2386 2906,2362"/>
                <Baseline points="2916,2405 2941,2406 2966,2407 2992,2408 3017,2409 3042,2410 3068,2411 3093,2412 3118,2413 3144,2414 3169,2414 3194,2415 3220,2415 3245,2415 3271,2415"/>
                <TextEquiv>
                    <Unicode>vidualität und Roll</Unicode>
                </TextEquiv>
            </TextLine>
            <TextLine id="r1l72" custom="readingOrder {index:71;}">
                <Coords points="1680,2414 2883,2440 2884,2399 2758,2389 1681,2375"/>
                <Baseline points="1694,2409 1752,2410 1811,2412 1870,2414 1929,2416 1988,2418 2047,2420 2105,2421 2164,2422 2223,2424 2282,2425 2341,2426 2400,2428 2459,2428 2517,2429 2576,2429 2635,2430 2694,2429 2753,2429 2812,2428 2871,2427"/>
                <TextEquiv>
                    <Unicode>Spiel das Märchenhafte gelang: Aus den konstruierten, unwahr¬</Unicode>
                </TextEquiv>
            </TextLine>
            <TextLine id="r1l73" custom="readingOrder {index:72;}">
                <Coords points="439,2422 1643,2441 1643,2405 1561,2396 440,2378"/>
                <Baseline points="453,2417 511,2417 570,2418 629,2419 688,2420 747,2421 806,2422 864,2423 923,2424 982,2425 1041,2426 1100,2428 1159,2429 1218,2430 1276,2431 1335,2431 1394,2432 1453,2433 1512,2433 1571,2433 1630,2433"/>
                <TextEquiv>
                    <Unicode>allem zeigt no.“ eine newisse Ungewandtheit, es fehlt die Stili¬</Unicode>
                </TextEquiv>
            </TextLine>
            <TextLine id="r1l74" custom="readingOrder {index:73;}">
                <Coords points="2974,2455 3005,2466 3064,2456 3113,2471 3136,2458 3159,2469 3174,2458 3182,2466 3285,2466 3285,2418 3267,2415 3218,2423 3190,2412 3149,2422 3100,2412 2974,2424"/>
                <Baseline points="2988,2454 3013,2453 3039,2453 3065,2453 3090,2453 3116,2454 3142,2455 3168,2455 3193,2455 3219,2455 3245,2453 3271,2451"/>
                <TextEquiv>
                    <Unicode>Zu diesen drei</Unicode>
                </TextEquiv>
            </TextLine>
            <TextLine id="r1l75" custom="readingOrder {index:74;}">
                <Coords points="1674,2456 2792,2487 2885,2466 2886,2430 1675,2412"/>
                <Baseline points="1688,2451 1747,2452 1806,2453 1865,2454 1925,2456 1984,2457 2043,2459 2102,2461 2162,2462 2221,2463 2280,2464 2339,2466 2399,2467 2458,2468 2517,2468 2576,2469 2636,2469 2695,2469 2754,2469 2813,2468 2873,2467"/>
                <TextEquiv>
                    <Unicode>scheinlichen Personen des Stückes wurden lebendige Persönlich¬</Unicode>
                </TextEquiv>
            </TextLine>
            <TextLine id="r1l76" custom="readingOrder {index:75;}">
                <Coords points="434,2451 1557,2490 1657,2468 1658,2432 434,2420"/>
                <Baseline points="447,2454 506,2455 566,2456 626,2458 686,2459 746,2460 806,2462 865,2463 925,2464 985,2465 1045,2466 1105,2467 1165,2468 1225,2469 1284,2470 1344,2471 1404,2472 1464,2473 1524,2474 1584,2475 1644,2476"/>
                <TextEquiv>
                    <Unicode>sierung in großen Linien, besonders die erste Szene war so durch</Unicode>
                </TextEquiv>
            </TextLine>
            <TextLine id="r1l77" custom="readingOrder {index:76;}">
                <Coords points="2911,2494 3011,2513 3026,2500 3096,2511 3116,2491 3206,2510 3281,2497 3281,2461 3158,2468 3060,2454 3027,2467 2965,2443 2937,2458 2911,2452"/>
                <Baseline points="2923,2495 2949,2494 2976,2493 3002,2493 3029,2494 3055,2494 3082,2495 3108,2495 3135,2496 3161,2496 3188,2497 3214,2497 3241,2496 3268,2495"/>
                <TextEquiv>
                    <Unicode>zeichen der Komödie</Unicode>
                </TextEquiv>
            </TextLine>
            <TextLine id="r1l78" custom="readingOrder {index:77;}">
                <Coords points="1666,2493 2191,2497 2286,2524 2520,2505 2521,2472 1667,2457"/>
                <Baseline points="1680,2489 1721,2490 1762,2491 1803,2492 1845,2493 1886,2494 1927,2495 1969,2497 2010,2497 2051,2499 2093,2500 2134,2500 2175,2501 2216,2502 2258,2502 2299,2502 2340,2503 2382,2503 2423,2502 2464,2502 2506,2501"/>
                <TextEquiv>
                    <Unicode>keiten, an die man glauben konnte, durfte —</Unicode>
                </TextEquiv>
            </TextLine>
            <TextLine id="r1l79" custom="readingOrder {index:78;}">
                <Coords points="430,2496 1605,2529 1652,2481 431,2458"/>
                <Baseline points="444,2491 503,2492 563,2494 623,2495 682,2496 742,2498 802,2499 861,2501 921,2502 981,2504 1041,2505 1100,2506 1160,2508 1220,2509 1279,2510 1339,2511 1399,2512 1458,2513 1518,2514 1578,2515 1638,2515"/>
                <TextEquiv>
                    <Unicode>unruhige Gebertensprache verfehlt. Immerhin bewies die ganze</Unicode>
                </TextEquiv>
            </TextLine>
            <TextLine id="r1l80" custom="readingOrder {index:79;}">
                <Coords points="2506,2515 2601,2508 2650,2521 2717,2509 2851,2528 2887,2518 2887,2469 2872,2466 2794,2484 2766,2473 2674,2478 2650,2462 2617,2485 2591,2470 2506,2472"/>
                <Baseline points="2520,2504 2545,2507 2570,2509 2595,2510 2621,2511 2646,2512 2671,2512 2697,2512 2722,2512 2747,2511 2772,2511 2798,2510 2823,2510 2848,2509 2874,2509"/>
                <TextEquiv>
                    <Unicode>auch ohne sich mit</Unicode>
                </TextEquiv>
            </TextLine>
            <TextLine id="r1l81" custom="readingOrder {index:80;}">
                <Coords points="2912,2543 3283,2541 3283,2495 3201,2509 3116,2491 3095,2511 3080,2500 2913,2496"/>
                <Baseline points="2924,2530 2950,2533 2977,2534 3003,2535 3030,2536 3057,2537 3083,2537 3110,2537 3136,2537 3163,2537 3190,2536 3216,2536 3243,2536 3270,2535"/>
                <TextEquiv>
                    <Unicode>Max von Reifenbei</Unicode>
                </TextEquiv>
            </TextLine>
            <TextLine id="r1l82" custom="readingOrder {index:81;}">
                <Coords points="1667,2532 2831,2564 2885,2557 2886,2519 1668,2491"/>
                <Baseline points="1680,2527 1739,2529 1799,2532 1858,2534 1918,2536 1978,2538 2037,2539 2097,2540 2156,2542 2216,2543 2276,2544 2335,2544 2395,2545 2454,2546 2514,2547 2574,2547 2633,2548 2693,2549 2752,2549 2812,2550 2872,2551"/>
                <TextEquiv>
                    <Unicode>ihnen einverstanden zu erklären. Das Gewagte der Erfindung,</Unicode>
                </TextEquiv>
            </TextLine>
            <TextLine id="r1l83" custom="readingOrder {index:82;}">
                <Coords points="439,2528 1637,2567 1638,2521 1517,2510 440,2492"/>
                <Baseline points="451,2528 509,2530 568,2533 627,2534 685,2536 744,2538 803,2540 861,2542 920,2543 979,2545 1038,2546 1096,2547 1155,2548 1214,2549 1272,2551 1331,2552 1390,2553 1448,2554 1507,2555 1566,2555 1625,2556"/>
                <TextEquiv>
                    <Unicode>Leistung das starke, entwicklungsfähige, aber auch noch strenger</Unicode>
                </TextEquiv>
            </TextLine>
            <TextLine id="r1l84" custom="readingOrder {index:83;}">
                <Coords points="2905,2577 2946,2588 2969,2578 3079,2590 3128,2580 3146,2593 3223,2579 3280,2590 3281,2541 2905,2541"/>
                <Baseline points="2917,2575 2942,2574 2967,2573 2992,2573 3017,2573 3042,2573 3067,2574 3092,2574 3117,2576 3142,2576 3167,2577 3192,2577 3217,2577 3242,2577 3268,2576"/>
                <TextEquiv>
                    <Unicode>Komödienabends (n</Unicode>
                </TextEquiv>
            </TextLine>
            <TextLine id="r1l85" custom="readingOrder {index:84;}">
                <Coords points="1666,2580 2777,2604 2880,2593 2881,2542 1667,2537"/>
                <Baseline points="1678,2566 1737,2568 1796,2571 1856,2572 1915,2574 1975,2576 2034,2578 2094,2579 2153,2581 2213,2582 2272,2583 2331,2584 2391,2585 2450,2586 2510,2586 2569,2587 2629,2588 2688,2588 2748,2589 2807,2589 2867,2589"/>
                <TextEquiv>
                    <Unicode>drei Frauengestalten, die weiblichen Hauptrollen, Beute eines</Unicode>
                </TextEquiv>
            </TextLine>
            <TextLine id="r1l86" custom="readingOrder {index:85;}">
                <Coords points="437,2581 1619,2606 1641,2558 438,2530"/>
                <Baseline points="450,2571 508,2573 567,2574 626,2575 685,2577 744,2579 802,2580 861,2581 920,2583 979,2584 1038,2586 1096,2587 1155,2588 1214,2589 1273,2591 1332,2591 1390,2593 1449,2593 1508,2594 1567,2594 1626,2595"/>
                <TextEquiv>
                    <Unicode>künstlerischer Zucht bedürfende Talent der Künstlerin. Schade,</Unicode>
                </TextEquiv>
            </TextLine>
            <TextLine id="r1l87" custom="readingOrder {index:86;}">
                <Coords points="2902,2623 3000,2615 3059,2638 3080,2622 3154,2622 3170,2637 3206,2640 3283,2629 3283,2591 3223,2578 2902,2579"/>
                <Baseline points="2915,2619 2940,2618 2965,2617 2991,2616 3016,2616 3041,2616 3067,2616 3092,2616 3117,2616 3143,2616 3168,2617 3193,2617 3219,2617 3244,2616 3270,2616"/>
                <TextEquiv>
                    <Unicode>gabe für die Darste</Unicode>
                </TextEquiv>
            </TextLine>
            <TextLine id="r1l88" custom="readingOrder {index:87;}">
                <Coords points="1666,2609 2882,2637 2882,2585 1666,2571"/>
                <Baseline points="1679,2608 1738,2609 1798,2610 1857,2612 1917,2614 1976,2615 2036,2617 2095,2618 2155,2620 2214,2622 2274,2623 2334,2624 2393,2625 2453,2626 2512,2627 2572,2627 2631,2628 2691,2628 2750,2627 2810,2627 2870,2626"/>
                <TextEquiv>
                    <Unicode>nicht einmal bedeutenden Verführers, eines noch bubenhaft</Unicode>
                </TextEquiv>
            </TextLine>
            <TextLine id="r1l89" custom="readingOrder {index:88;}">
                <Coords points="440,2610 1654,2640 1654,2599 1498,2591 441,2579"/>
                <Baseline points="452,2611 511,2613 570,2616 630,2618 689,2620 749,2621 808,2623 867,2624 927,2625 986,2626 1046,2627 1105,2628 1164,2628 1224,2629 1283,2629 1343,2630 1402,2631 1461,2631 1521,2632 1580,2632 1640,2633"/>
                <TextEquiv>
                    <Unicode>daß wir sie nicht in einer Rolle, wie Isolde oder Brünnhilde</Unicode>
                </TextEquiv>
            </TextLine>
            <TextLine id="r1l90" custom="readingOrder {index:89;}">
                <Coords points="2901,2659 3014,2671 3189,2656 3214,2672 3273,2665 3274,2627 3207,2639 3154,2617 3058,2633 2999,2617 2901,2623"/>
                <Baseline points="2914,2654 2940,2654 2967,2654 2993,2655 3020,2655 3047,2656 3073,2657 3100,2657 3126,2658 3153,2658 3180,2659 3206,2659 3233,2659 3260,2659"/>
                <TextEquiv>
                    <Unicode>werden, einen gen</Unicode>
                </TextEquiv>
            </TextLine>
            <TextLine id="r1l91" custom="readingOrder {index:90;}">
                <Coords points="1676,2660 2779,2690 2882,2669 2883,2636 1677,2613"/>
                <Baseline points="1688,2647 1747,2649 1806,2651 1865,2652 1924,2654 1983,2655 2042,2657 2101,2658 2160,2660 2219,2661 2279,2662 2338,2664 2397,2665 2456,2665 2515,2666 2574,2667 2633,2668 2692,2668 2751,2668 2810,2668 2870,2668"/>
                <TextEquiv>
                    <Unicode>jungen Lebemannes, werden zu lassen; die Unweiblichkeit dieser</Unicode>
                </TextEquiv>
            </TextLine>
            <TextLine id="r1l92" custom="readingOrder {index:91;}">
                <Coords points="435,2677 1479,2701 1530,2692 1531,2643 436,2610"/>
                <Baseline points="449,2652 502,2654 555,2656 609,2658 662,2659 716,2661 769,2662 822,2663 876,2663 929,2664 983,2665 1036,2665 1089,2666 1143,2667 1196,2667 1250,2668 1303,2669 1356,2670 1410,2672 1463,2674 1517,2676"/>
                <TextEquiv>
                    <Unicode>hören konnten, die ein noch bestimmteres Urteil gestattet.</Unicode>
                </TextEquiv>
            </TextLine>
            <TextLine id="r1l93" custom="readingOrder {index:92;}">
                <Coords points="2900,2707 3188,2706 3210,2720 3254,2721 3277,2714 3279,2665 3184,2655 3171,2667 3063,2660 2998,2671 2901,2658"/>
                <Baseline points="2912,2694 2937,2695 2962,2695 2987,2696 3013,2697 3038,2698 3063,2699 3089,2700 3114,2701 3139,2701 3164,2702 3190,2702 3215,2702 3240,2701 3266,2701"/>
                <TextEquiv>
                    <Unicode>unsympathisch auf d</Unicode>
                </TextEquiv>
            </TextLine>
            <TextLine id="r1l94" custom="readingOrder {index:93;}">
                <Coords points="1673,2697 2865,2723 2882,2670 1673,2656"/>
                <Baseline points="1685,2688 1744,2690 1803,2692 1862,2694 1921,2695 1980,2696 2039,2698 2098,2699 2157,2700 2216,2702 2276,2703 2335,2704 2394,2705 2453,2706 2512,2707 2571,2708 2630,2709 2689,2710 2748,2710 2807,2711 2867,2712"/>
                <TextEquiv>
                    <Unicode>männertollen Mädchenerscheinungen — sie trat zurück vor der</Unicode>
                </TextEquiv>
            </TextLine>
            <TextLine id="r1l95" custom="readingOrder {index:94;}">
                <Coords points="2898,2743 3186,2754 3212,2741 3253,2754 3253,2707 3212,2720 3189,2707 2898,2699"/>
                <Baseline points="2911,2735 2936,2736 2961,2737 2986,2738 3012,2739 3037,2739 3062,2740 3088,2740 3113,2740 3138,2740 3164,2739 3189,2737 3214,2736 3240,2734"/>
                <TextEquiv>
                    <Unicode>wirkenden Max —</Unicode>
                </TextEquiv>
            </TextLine>
            <TextLine id="r1l96" custom="readingOrder {index:95;}">
                <Coords points="1675,2735 2889,2748 2889,2715 2691,2704 1676,2696"/>
                <Baseline points="1687,2730 1746,2731 1805,2732 1865,2734 1924,2735 1984,2736 2043,2738 2103,2739 2162,2741 2222,2742 2281,2743 2340,2744 2400,2745 2459,2746 2519,2747 2578,2748 2638,2748 2697,2749 2757,2749 2816,2749 2876,2748"/>
                <TextEquiv>
                    <Unicode>anziehenden Art, in der Aurelie, Judith und Seraphine ver¬</Unicode>
                </TextEquiv>
            </TextLine>
            <TextLine id="r1l97" custom="readingOrder {index:96;}">
                <Coords points="653,2773 1425,2777 1426,2723 1377,2711 914,2732 655,2699"/>
                <Baseline points="667,2758 704,2760 741,2761 778,2763 815,2764 853,2765 890,2766 927,2766 964,2767 1001,2767 1039,2767 1076,2767 1113,2768 1150,2768 1187,2769 1225,2769 1262,2770 1299,2771 1336,2772 1373,2774 1411,2776"/>
                <TextEquiv>
                    <Unicode>Staatstheater (Kleines Haus).</Unicode>
                </TextEquiv>
            </TextLine>
            <TextLine id="r1l98" custom="readingOrder {index:97;}">
                <Coords points="1672,2773 2849,2805 2886,2751 1673,2734"/>
                <Baseline points="1686,2767 1745,2769 1804,2771 1863,2772 1923,2773 1982,2775 2041,2777 2101,2778 2160,2779 2219,2781 2279,2782 2338,2783 2397,2784 2456,2785 2516,2786 2575,2787 2634,2788 2694,2789 2753,2790 2812,2791 2872,2791"/>
                <TextEquiv>
                    <Unicode>körpert wurden von Thila Hummel, Gudrun Kabisch,</Unicode>
                </TextEquiv>
            </TextLine>
            <TextLine id="r1l99" custom="readingOrder {index:98;}">
                <Coords points="2896,2778 3048,2795 3074,2783 3215,2799 3248,2787 3271,2806 3289,2804 3291,2735 3188,2752 2897,2742"/>
                <Baseline points="2910,2777 2936,2777 2962,2778 2988,2779 3015,2780 3041,2782 3067,2783 3094,2784 3120,2786 3146,2787 3172,2787 3199,2786 3225,2786 3251,2784 3278,2781"/>
                <TextEquiv>
                    <Unicode>der Erfolg scheitern</Unicode>
                </TextEquiv>
            </TextLine>
            <TextLine id="r1l100" custom="readingOrder {index:99;}">
                <Coords points="1674,2823 2697,2847 2844,2840 2873,2797 1675,2774"/>
                <Baseline points="1686,2809 1744,2810 1803,2811 1861,2812 1920,2814 1979,2815 2037,2816 2096,2818 2155,2819 2213,2820 2272,2822 2331,2823 2389,2824 2448,2825 2507,2826 2565,2827 2624,2828 2683,2829 2741,2829 2800,2829 2859,2830"/>
                <TextEquiv>
                    <Unicode>Friedel Nowack. Alle drei waren das Glück des Dichters, und</Unicode>
                </TextEquiv>
            </TextLine>
            <TextLine id="r1l101" custom="readingOrder {index:100;}">
                <Coords points="426,2821 1180,2819 1547,2861 1653,2827 1654,2788 427,2775"/>
                <Baseline points="440,2808 500,2810 560,2812 620,2814 680,2815 740,2817 800,2818 860,2819 920,2820 980,2821 1040,2822 1100,2823 1160,2823 1220,2824 1280,2825 1340,2826 1400,2827 1460,2828 1520,2829 1580,2830 1640,2832"/>
                <TextEquiv>
                    <Unicode>Reichsdeutsche Uraufführung: „Komödie der Verführung**) In</Unicode>
                </TextEquiv>
            </TextLine>
            <TextLine id="r1l102" custom="readingOrder {index:101;}">
                <Coords points="2904,2831 3048,2823 3140,2837 3218,2822 3241,2840 3282,2828 3282,2789 2904,2782"/>
                <Baseline points="2916,2821 2941,2821 2966,2821 2991,2821 3016,2822 3041,2822 3066,2823 3092,2823 3117,2824 3142,2824 3167,2824 3192,2825 3217,2824 3242,2824 3268,2823"/>
                <TextEquiv>
                    <Unicode>jungen Menschen in</Unicode>
                </TextEquiv>
            </TextLine>
            <TextLine id="r1l103" custom="readingOrder {index:102;}">
                <Coords points="1662,2856 2772,2886 2865,2880 2866,2841 1663,2810"/>
                <Baseline points="1675,2850 1733,2851 1792,2851 1851,2852 1910,2854 1969,2855 2028,2856 2087,2858 2146,2859 2205,2860 2264,2862 2322,2863 2381,2865 2440,2866 2499,2867 2558,2868 2617,2869 2676,2869 2735,2869 2794,2870 2853,2870"/>
                <TextEquiv>
                    <Unicode>eine Jede verstand auf ihre Art, für den „Fall“ von Aurelie,</Unicode>
                </TextEquiv>
            </TextLine>
            <TextLine id="r1l104" custom="readingOrder {index:103;}">
                <Coords points="2895,2871 3093,2874 3104,2863 3132,2874 3199,2868 3232,2883 3265,2876 3266,2830 3233,2832 3220,2819 3204,2832 3125,2836 3058,2832 3048,2821 2927,2832 2896,2824"/>
                <Baseline points="2909,2862 2935,2861 2961,2860 2988,2861 3014,2861 3041,2862 3067,2863 3094,2864 3120,2864 3147,2865 3173,2865 3200,2865 3226,2865 3253,2863"/>
                <TextEquiv>
                    <Unicode>zu spielen, naiv so</Unicode>
                </TextEquiv>
            </TextLine>
            <TextLine id="r1l105" custom="readingOrder {index:104;}">
                <Coords points="562,2865 1523,2880 1514,2828 563,2821"/>
                <Baseline points="574,2853 620,2854 667,2856 714,2858 761,2859 808,2861 854,2862 901,2863 948,2864 995,2865 1042,2866 1088,2867 1135,2868 1182,2869 1229,2869 1276,2870 1322,2870 1369,2870 1416,2870 1463,2869 1510,2869"/>
                <TextEquiv>
                    <Unicode>drei Akten (5 Bildern) von Arthur Schnitzler.</Unicode>
                </TextEquiv>
            </TextLine>
            <TextLine id="r1l106" custom="readingOrder {index:105;}">
                <Coords points="2907,2910 2927,2916 2943,2908 2958,2924 2984,2909 3020,2920 3056,2905 3097,2906 3156,2928 3179,2915 3205,2921 3206,2872 3088,2873 2985,2860 2908,2867"/>
                <Baseline points="2920,2897 2947,2897 2974,2897 3001,2898 3028,2898 3056,2899 3083,2900 3110,2900 3137,2901 3164,2901 3192,2901"/>
                <TextEquiv>
                    <Unicode>bemerkt wurde.</Unicode>
                </TextEquiv>
            </TextLine>
            <TextLine id="r1l107" custom="readingOrder {index:106;}">
                <Coords points="1663,2898 2882,2940 2849,2880 1664,2854"/>
                <Baseline points="1676,2890 1735,2891 1795,2892 1854,2894 1914,2895 1974,2896 2033,2897 2093,2899 2152,2900 2212,2901 2272,2902 2331,2904 2391,2905 2450,2906 2510,2907 2570,2908 2629,2909 2689,2910 2748,2911 2808,2912 2868,2913"/>
                <TextEquiv>
                    <Unicode>Indith und Seraphine das französische Sprüchwort: „tout</Unicode>
                </TextEquiv>
            </TextLine>
            <TextLine id="r1l108" custom="readingOrder {index:107;}">
                <Coords points="493,2910 1550,2932 1637,2912 1638,2858 1172,2883 494,2848"/>
                <Baseline points="505,2901 561,2902 617,2903 673,2904 729,2905 785,2907 841,2908 897,2909 953,2911 1009,2912 1065,2913 1121,2914 1177,2914 1233,2915 1289,2916 1345,2916 1401,2916 1457,2915 1513,2915 1569,2914 1625,2912"/>
                <TextEquiv>
                    <Unicode>Das zu Erwartende wurde Ereignis: Der neueste „Schnitzler“.</Unicode>
                </TextEquiv>
            </TextLine>
            <TextLine id="r1l109" custom="readingOrder {index:108;}">
                <Coords points="1668,2936 2771,2968 2871,2957 2872,2926 1669,2895"/>
                <Baseline points="1682,2929 1740,2930 1799,2931 1858,2933 1917,2934 1976,2935 2035,2936 2093,2938 2152,2939 2211,2940 2270,2941 2329,2943 2388,2944 2447,2945 2505,2946 2564,2947 2623,2948 2682,2949 2741,2950 2800,2950 2859,2951"/>
                <TextEquiv>
                    <Unicode>comprendre e'est tout pardonner“ („Alles verstehen heißt alles</Unicode>
                </TextEquiv>
            </TextLine>
            <TextLine id="r1l110" custom="readingOrder {index:109;}">
                <Coords points="426,2938 1645,2967 1614,2925 427,2887"/>
                <Baseline points="440,2940 499,2942 559,2943 618,2945 678,2946 738,2947 797,2948 857,2949 917,2950 976,2951 1036,2951 1096,2952 1155,2953 1215,2953 1275,2954 1334,2955 1394,2956 1454,2957 1513,2958 1573,2959 1633,2961"/>
                <TextEquiv>
                    <Unicode>erwies sich in der gestrigen Premiere als eine Anziehung ersten</Unicode>
                </TextEquiv>
            </TextLine>
            <TextLine id="r1l111" custom="readingOrder {index:110;}">
                <Coords points="1661,2976 2864,3002 2865,2948 1662,2932"/>
                <Baseline points="1674,2965 1732,2968 1791,2970 1850,2972 1909,2974 1968,2976 2026,2978 2085,2979 2144,2981 2203,2982 2262,2983 2320,2984 2379,2986 2438,2986 2497,2987 2556,2988 2614,2988 2673,2989 2732,2989 2791,2989 2850,2989"/>
                <TextEquiv>
                    <Unicode>verzeihen“) auf das Publikum wirken zu lassen. Und blieb auch</Unicode>
                </TextEquiv>
            </TextLine>
            <TextLine id="r1l112" custom="readingOrder {index:111;}">
                <Coords points="2959,2988 3028,2999 3049,2989 3067,3005 3144,2990 3167,3003 3216,2993 3239,3003 3273,2993 3273,2934 3255,2931 3234,2952 3183,2926 3134,2954 3103,2935 3080,2943 3065,2935 3036,2955 3000,2935 2959,2947"/>
                <Baseline points="2973,2987 2999,2987 3025,2988 3051,2988 3077,2989 3103,2990 3130,2990 3156,2991 3182,2990 3208,2990 3234,2989 3261,2986"/>
                <TextEquiv>
                    <Unicode>Es fehlt leider</Unicode>
                </TextEquiv>
            </TextLine>
            <TextLine id="r1l113" custom="readingOrder {index:112;}">
                <Coords points="439,2978 1564,3012 1647,3006 1648,2962 439,2945"/>
                <Baseline points="451,2980 510,2981 569,2982 628,2984 687,2985 747,2987 806,2988 865,2990 924,2991 983,2992 1043,2994 1102,2995 1161,2996 1220,2997 1279,2998 1339,2999 1398,2999 1457,2999 1516,3000 1575,3000 1635,2999"/>
                <TextEquiv>
                    <Unicode>Ranges, bewirkte eine Ausverkanftheit des Hauses, wie sie seit</Unicode>
                </TextEquiv>
            </TextLine>
            <TextLine id="r1l114" custom="readingOrder {index:113;}">
                <Coords points="1669,3013 2861,3040 2862,2996 1670,2974"/>
                <Baseline points="1682,3005 1740,3007 1798,3009 1857,3011 1915,3014 1974,3016 2032,3017 2090,3019 2149,3021 2207,3022 2266,3024 2324,3025 2382,3026 2441,3027 2499,3028 2558,3029 2616,3029 2674,3030 2733,3030 2791,3030 2850,3031"/>
                <TextEquiv>
                    <Unicode>Thila Hummel im ersten Akt ein wenig zurück, war sie nicht ganz</Unicode>
                </TextEquiv>
            </TextLine>
            <TextLine id="r1l115" custom="readingOrder {index:114;}">
                <Coords points="428,3034 1548,3069 1641,3053 1642,3004 429,2977"/>
                <Baseline points="440,3023 499,3023 558,3023 618,3023 677,3024 737,3024 796,3025 855,3026 915,3028 974,3029 1034,3030 1093,3032 1152,3033 1212,3034 1271,3035 1331,3036 1390,3037 1449,3037 1509,3038 1568,3037 1628,3037"/>
                <TextEquiv>
                    <Unicode>Jahren nicht erlebt worden ist. Was aber über die Erwartungen</Unicode>
                </TextEquiv>
            </TextLine>
            <TextLine id="r1l116" custom="readingOrder {index:115;}">
                <Coords points="2893,3040 3004,3031 3099,3047 3145,3032 3284,3051 3284,2982 3251,2997 3076,3006 3050,2990 2999,2998 2955,2987 2893,3007"/>
                <Baseline points="2906,3032 2932,3031 2958,3031 2984,3031 3010,3031 3036,3032 3062,3033 3089,3034 3115,3034 3141,3035 3167,3035 3193,3034 3219,3034 3245,3033 3272,3030"/>
                <TextEquiv>
                    <Unicode>gen, fast das gesam</Unicode>
                </TextEquiv>
            </TextLine>
            <TextLine id="r1l117" custom="readingOrder {index:116;}">
                <Coords points="1655,3067 2540,3061 2522,3029 1656,3010"/>
                <Baseline points="1668,3048 1711,3048 1754,3048 1797,3049 1840,3050 1883,3051 1926,3052 1969,3053 2012,3054 2055,3055 2098,3056 2141,3057 2184,3058 2227,3059 2270,3061 2313,3062 2356,3062 2399,3063 2442,3064 2485,3064 2528,3064"/>
                <TextEquiv>
                    <Unicode>überschäumendes Sehnen der jungen Gräsin</Unicode>
                </TextEquiv>
            </TextLine>
            <TextLine id="r1l118" custom="readingOrder {index:117;}">
                <Coords points="2530,3066 2584,3061 2625,3085 2672,3062 2744,3090 2764,3075 2857,3082 2880,3072 2880,3021 2800,3044 2759,3031 2723,3041 2697,3031 2685,3044 2661,3028 2530,3036"/>
                <Baseline points="2542,3065 2567,3066 2592,3066 2617,3067 2642,3067 2667,3067 2692,3067 2717,3067 2742,3067 2767,3067 2792,3067 2817,3067 2842,3066 2868,3066"/>
                <TextEquiv>
                    <Unicode>— das Fehlende</Unicode>
                </TextEquiv>
            </TextLine>
            <TextLine id="r1l119" custom="readingOrder {index:118;}">
                <Coords points="2895,3073 2962,3074 2975,3085 2998,3073 3062,3085 3109,3073 3126,3089 3178,3075 3270,3086 3272,3042 2896,3031"/>
                <Baseline points="2909,3066 2934,3067 2959,3067 2984,3069 3009,3070 3034,3072 3059,3072 3084,3074 3109,3075 3134,3075 3159,3076 3184,3076 3209,3075 3234,3074 3259,3073"/>
                <TextEquiv>
                    <Unicode>einzeln zu würdigen</Unicode>
                </TextEquiv>
            </TextLine>
            <TextLine id="r1l120" custom="readingOrder {index:119;}">
                <Coords points="1667,3094 2870,3128 2871,3081 2673,3063 1668,3061"/>
                <Baseline points="1681,3089 1739,3089 1798,3090 1857,3090 1916,3091 1975,3092 2033,3093 2092,3094 2151,3095 2210,3096 2269,3097 2327,3099 2386,3099 2445,3101 2504,3102 2563,3103 2621,3104 2680,3105 2739,3106 2798,3106 2857,3107"/>
                <TextEquiv>
                    <Unicode>wurde überholt von ihrer Leistung im Schlußakt, den diese</Unicode>
                </TextEquiv>
            </TextLine>
            <TextLine id="r1l121" custom="readingOrder {index:120;}">
                <Coords points="2891,3118 2961,3119 2976,3106 3009,3125 3035,3112 3279,3123 3280,3079 3136,3077 3123,3088 3110,3074 3064,3084 2892,3074"/>
                <Baseline points="2905,3106 2930,3106 2956,3107 2982,3107 3008,3108 3034,3109 3060,3109 3086,3110 3112,3110 3138,3110 3164,3111 3190,3111 3216,3110 3242,3110 3268,3109"/>
                <TextEquiv>
                    <Unicode>des Abends verdien</Unicode>
                </TextEquiv>
            </TextLine>
            <TextLine id="r1l122" custom="readingOrder {index:121;}">
                <Coords points="521,3104 962,3147 1464,3125 1664,3171 1666,3102 1494,3074 522,3068"/>
                <Baseline points="533,3105 588,3108 644,3111 700,3114 756,3117 812,3119 868,3121 924,3123 980,3125 1036,3127 1092,3128 1147,3130 1203,3131 1259,3132 1315,3133 1371,3134 1427,3135 1483,3135 1539,3136 1595,3137 1651,3137"/>
                <TextEquiv>
                    <Unicode>*) Vergl. den vorausgegangenen Aufsatz in Nr. 289 der</Unicode>
                </TextEquiv>
            </TextLine>
            <TextLine id="r1l123" custom="readingOrder {index:122;}">
                <Coords points="1653,3136 2870,3151 2642,3105 1654,3098"/>
                <Baseline points="1667,3131 1726,3131 1786,3131 1845,3131 1905,3132 1964,3133 2024,3134 2083,3135 2143,3137 2202,3138 2262,3139 2321,3141 2381,3142 2440,3144 2500,3145 2559,3146 2619,3147 2678,3147 2738,3148 2797,3148 2857,3147"/>
                <TextEquiv>
                    <Unicode>Aurelie, die sich ihre Seele rein erhielt, trotz körperlichem Ver¬</Unicode>
                </TextEquiv>
            </TextLine>
            <TextLine id="r1l124" custom="readingOrder {index:123;}">
                <Coords points="2892,3155 3278,3160 3278,3124 3243,3116 2893,3119"/>
                <Baseline points="2906,3149 2931,3150 2957,3150 2982,3150 3008,3151 3034,3152 3059,3153 3085,3153 3111,3154 3136,3154 3162,3154 3188,3154 3213,3154 3239,3153 3265,3152"/>
                <TextEquiv>
                    <Unicode>deren Werk zu rühm</Unicode>
                </TextEquiv>
            </TextLine>
            <TextLine id="r1l125" custom="readingOrder {index:124;}">
                <Coords points="433,3181 461,3181 482,3164 513,3164 530,3177 559,3162 597,3164 618,3177 641,3165 729,3168 729,3119 670,3126 629,3116 590,3126 575,3113 557,3118 523,3105 474,3117 433,3109"/>
                <Baseline points="445,3155 472,3154 499,3153 526,3153 553,3153 581,3154 608,3155 635,3156 662,3156 689,3155 717,3153"/>
                <TextEquiv>
                    <Unicode>„N. W. Ztg.“</Unicode>
                </TextEquiv>
            </TextLine>
            <TextLine id="r1l126" custom="readingOrder {index:125;}">
                <Coords points="1640,3192 3190,3223 3286,3173 1641,3141"/>
                <Baseline points="1653,3174 1734,3174 1815,3174 1896,3175 1977,3176 2058,3177 2139,3179 2220,3180 2301,3182 2382,3183 2463,3185 2544,3186 2625,3188 2706,3189 2787,3191 2868,3192 2949,3192 3030,3193 3111,3193 3192,3193 3274,3192"/>
                <TextEquiv>
                    <Unicode>fall zu adeliger Höhe fast verklärte inmitten eines Sumpfes. 1 in den 3½ Stunden</Unicode>
                </TextEquiv>
            </TextLine>
            <TextEquiv>
                <Unicode>möe
29. Kon„die der Verfuchrung box 33/6


ging, das war der außerordentliche Erfolg dieser reichsdeutschen
Kunst und Wissenschaft.
Aehnlich verstand
Uraufführung in Wiesbaden, ein Erfolg, den der Dichter nicht,
tiefen ihrer Sinn
Staatstheater (Großes Haus).
den die Darstellung sich errang.
Nowacks Seraphine
„Der fliegende Holländer“ von R. Wagner.
Märchenhaft klingt die mehr zum Trauerspiel gewordene
hemmungslose Hing
Mit voller Entschiedenheit betont der Schöpfer des „Fliegen¬
Komödie aus mit dem Nahen und Entschwinden einer märchen¬
Die Musikszene des
den Holl.nder?“ in seinen geistreichen Bemerkungen zur Auf¬
haft ausgestatteten Lustjacht, vom Besitzer, dem Prinzen Arduin
Wiedergabe fast üb
führung d's Werkes, die vielleicht nachträgliche Reslexion über
nach dem Namen der Heldin „Aurelie“ genannt. Aber fast noch
Glück hatte der
ein naives, ursprünglicher geschautes Kunstwerk bedeuten, jeden¬
einen Grad märchenhafter wirkt die Mär, die Wirklichkeit des
Aurelie=Werber, de
falls aber in ihren detaillierten Weisungen von jedem darstellen¬
gestrigen Abends der mit den Kräften unsere Staatstheaters
Perosa, von Bernh
den Künstler unbedingt beachtet werden müßten, das kraftvoll
Arthur Schnitzler den vor zwei Wochen im Wiener Burg¬
wurde: Menschlich,
Gesunde im Wesen Sentas. Ihr träumerisches Wesen soll nicht
theater vorbeigelungenen, den unbestrittenen starken Erfolg ge¬
Schwächen. Dieser
im Sinne einer modernen krankhaften Sentimentalität aufgesaßt
bracht hat: „Komödie der Verführung“ siegte im Zeichen
besten gelungen; er
werden, sie ist ein ganz kerniges nordisches Mädchen, durchaus
der Wiesbadener Darstellung. Siegte nach einer Dauer von
nung — das Origi
naiv selbst in ihrer scheinbaren Sentimentalität, ihr Trieb ist
dreieinhalb Stunden so sehr, daß unser sonst im Forteilen
Namen —, doch an
wie ein „kräftiger Wahnsinn“ bei ganz naiven Naturen, ihr
vollendetes Publikum noch minutenlang aushielt, den Mit¬
das, was im Buche
geheimnisvolles Hellsehen eine gerabe dem Norden eigene Natur¬
wirkenden mit nicht endenwollenden Beifallsstürmen dankte.
männliche Hauptrolk
gabe. Solcher Auffassung der Gestalt entsprach durchaus unser
*
Kurt Sellnick
Gast, Frl. Clara Klepper, mit der blonden, stattlichen Wal¬
überraschend, weil
Das Geheimnis dieses darstellerischen Erfolges einer als
kürengestalt. Kräftig und gesund klang wieder das schöne
Wesen unseres ras
Buch schwer verdaulichen „Komödie“ ist mit der Milderung ihrer
Organ, besonders in der tieferen Lage, den mittleren Tönen sehlt
mag, und Ambros
Brutalitäten — das Werk des Spielleiters Dr. Hans Bux¬
es noch etwas an Fülle, während die Höhe genügendes Volumen
gleich die fürsor
baum — nur zum kleinen Teil offenbart. Hauptträger der
für die dramatischen Akzente besitzt. Im einzelnen wäre noch
zu sein, war Gusta
neuen Schnitzler=Anziehung werden die Künstler bleiben, deren
manches sicherer, bestinimter zu charakterisieren, das Spiel vor
vidualität und Roll
Spiel das Märchenhafte gelang: Aus den konstruierten, unwahr¬
allem zeigt no.“ eine newisse Ungewandtheit, es fehlt die Stili¬
Zu diesen drei
scheinlichen Personen des Stückes wurden lebendige Persönlich¬
sierung in großen Linien, besonders die erste Szene war so durch
zeichen der Komödie
keiten, an die man glauben konnte, durfte —
unruhige Gebertensprache verfehlt. Immerhin bewies die ganze
auch ohne sich mit
Max von Reifenbei
ihnen einverstanden zu erklären. Das Gewagte der Erfindung,
Leistung das starke, entwicklungsfähige, aber auch noch strenger
Komödienabends (n
drei Frauengestalten, die weiblichen Hauptrollen, Beute eines
künstlerischer Zucht bedürfende Talent der Künstlerin. Schade,
gabe für die Darste
nicht einmal bedeutenden Verführers, eines noch bubenhaft
daß wir sie nicht in einer Rolle, wie Isolde oder Brünnhilde
werden, einen gen
jungen Lebemannes, werden zu lassen; die Unweiblichkeit dieser
hören konnten, die ein noch bestimmteres Urteil gestattet.
unsympathisch auf d
männertollen Mädchenerscheinungen — sie trat zurück vor der
wirkenden Max —
anziehenden Art, in der Aurelie, Judith und Seraphine ver¬
Staatstheater (Kleines Haus).
körpert wurden von Thila Hummel, Gudrun Kabisch,
der Erfolg scheitern
Friedel Nowack. Alle drei waren das Glück des Dichters, und
Reichsdeutsche Uraufführung: „Komödie der Verführung**) In
jungen Menschen in
eine Jede verstand auf ihre Art, für den „Fall“ von Aurelie,
zu spielen, naiv so
drei Akten (5 Bildern) von Arthur Schnitzler.
bemerkt wurde.
Indith und Seraphine das französische Sprüchwort: „tout
Das zu Erwartende wurde Ereignis: Der neueste „Schnitzler“.
comprendre e'est tout pardonner“ („Alles verstehen heißt alles
erwies sich in der gestrigen Premiere als eine Anziehung ersten
verzeihen“) auf das Publikum wirken zu lassen. Und blieb auch
Es fehlt leider
Ranges, bewirkte eine Ausverkanftheit des Hauses, wie sie seit
Thila Hummel im ersten Akt ein wenig zurück, war sie nicht ganz
Jahren nicht erlebt worden ist. Was aber über die Erwartungen
gen, fast das gesam
überschäumendes Sehnen der jungen Gräsin
— das Fehlende
einzeln zu würdigen
wurde überholt von ihrer Leistung im Schlußakt, den diese
des Abends verdien
*) Vergl. den vorausgegangenen Aufsatz in Nr. 289 der
Aurelie, die sich ihre Seele rein erhielt, trotz körperlichem Ver¬
deren Werk zu rühm
„N. W. Ztg.“
fall zu adeliger Höhe fast verklärte inmitten eines Sumpfes. 1 in den 3½ Stunden</Unicode>
            </TextEquiv>
        </TextRegion>
    </Page>
</PcGts>
