3344 4224
1461 66 1628 158 1
95 130 666 205 pe reduceres vesentlig, og
681 130 1458 203 Aar siden blev ansat som Stiftsskriver i
1490 148 3002 233 Den store Oplasingsrekke, der lige-mig, at Ablet falder ikke langt fra Stam¬
86 193 1440 249 reiser, der i pvrigt kan bli- Roskilde, syutes denne Udnavnelse vist¬
1451 185 2213 244 som i Fjor vil finde Sted i Hallen i
2225 191 2838 267 men; hvad mener de med det?
659 226 1435 298 nok Adskillige et Brud med noget, der var
1454 229 2227 299 Grundtvigs Hus, skal omfaite Shakespeares
91 237 669 316 m, vil meget let kunne op¬
2330 245 3016 332 Har du nu veret paa Spil igen.
665 278 1441 343 begyndt al festne sig som en Tradition.
1450 278 1832 345 betydeligste Varker.
2187 292 2784 365 din forbandede Knagt
87 311 664 374 erigennem, at Staten er¬
671 332 1455 406 Til Embedet er som bekendt knpttet ei
80 355 1448 441 eessigt administrerer kost-IPatronat over Roskilde Domkirke, og Hr¬
90 423 656 489 nd private Virksomheder.
670 428 1448 500 Westrup var jo ikke som hans Forganger.
1495 390 2300 523 Forfereisens
2320 398 2974 547 Komedie.
675 477 1451 564 Dr. Lindbak, Historiker, men Jurist, om
98 480 668 546 hvor man i en Aarrrekke
678 525 1446 604 end narmest en Dyrker af de- Omraader,
88 524 656 608 Statsmonopol for Livsfor¬
663 563 1347 642 hvor Juraen medes med Hisforien.
1448 567 2996 654 Arthur Schnitzler har skrevet et nyt Skuespil, hvis
84 592 669 671 kan dette da heller ingen¬
713 625 1449 694 De, der kendto cand. jur. Westrup,
1759 624 2682 705 tredje Akt foregaar 1 Gilleleje.
73 636 655 722 tegnes som nogen Sukces.
664 668 1454 742 vidste dog, at han ikke blot var kyndig
92 709 663 785 ledes stiller det sig paa et
677 727 1466 803 i Romerret, men med en gammel, fin
1802 730 2604 813 Interview med Forfatteren.
667 769 1445 835 Kultur forbandt Sansen for alt stort eg
124 761 654 847 som Ulykkesforsikrin¬
670 821 1446 889 skont, ikke mindst i Kunst og Arkitektur.
98 822 646 900 der i udstrakt Grad her¬
669 866 1458 933 Halvt stringent Vidneskabsmand, halvt en
78 883 650 964 sikringspligt, idet enhver
665 919 1454 986 Filosof og Drommer havde han paa Rejser
2102 923 2382 1021 r
78 940 656 1023 iver jo er forpligtet til at
656 950 1464 1056 i Udlandet yderligere udviklet denne Sans,
89 1000 651 1088 ine Folk forsikret mod
1973 978 2184 1074 S
663 1022 1454 1094 og der kunde ingen Tvivl vere om, at den
2668 990 2780 1092 2
663 1079 1456 1145 pragtige Domkirke i ham vilde faan
78 1060 648 1139 ilfelde. Det er en ganske
1986 1111 2029 1184 6
668 1114 1450 1187 trofast Vogter og en utrattelig Talsmand.
81 1123 661 1205 Ordning, at en Rakke
709 1165 1445 1220 Og saaledes er det ogsaa gaaet. Stifts¬
82 1178 656 1258 elskaber under Udredelse
664 1204 1458 1290 skriver Westrup er tidlig og silde paa
75 1235 645 1315 Agentprovisioner konkur¬
647 1274 1450 1329 Farde for at varne om sin Kirke, beromme
72 1287 647 1381 byrdes om disse Forsik¬
661 1299 1447 1379 den, udbrede Kendskab til den blandt
662 1365 1445 1430 Laerd og Lag. Naar han taler om Kir¬
77 1349 651 1441 er i Folge Loven skal teg¬
1868 1396 1948 1441 6
1948 1406 1984 1446 822
1864 1406 1983 1468 24
667 1407 1437 1495 ken, er det som en Forelsket, der taler om
78 1417 652 1491 lig grelt er Forholdet med
659 1458 916 1526 sin Tilbedte.
2735 1441 2779 1506 5
73 1478 664 1569 il den berygtede Vaske¬
2338 1502 2413 1565 8
702 1496 1445 1586 Han er aldrig gladere, end naar
2352 1544 2490 1600 G A
80 1534 650 1613 sikring, der kraver en og
661 1562 1429 1616 han kan vise den frem for Folk, som for¬
73 1581 643 1668 Person forsikret 20—25
655 1606 1436 1671 staar at vurdere dens arkitektoniske Skon¬
2420 1594 2478 1685 80
70 1645 1442 1740 d et tilsvarende Antal Po-beder. Man husker, hvorledes han under
70 1704 1432 1806 rspramier, Agentprovisio- det store Kirkemede for et Par Aar siden
2670 1751 2716 1808 25
2476 1755 2519 1821 5
638 1743 1443 1836 skaffede de fremmede Patriarker en ajel¬
1807 1787 2115 1862 1
86 1778 1433 1887 Her har den sociale For-Iden festlig Dag. Med udenlandske Kunst¬
1864 1838 1994 1890 S
79 1825 1428 1915 et Forsikringstanken ud i bistorikere staar han 1 stadig Forbindelse,
1824 1903 1858 1931 120
74 1888 1434 1978 katur. Naturligvis harsog kan han faa dem herop og faa dem til
659 1953 1437 2012 at skrive om Kirken, setter han et Kryds
65 1942 649 2026 g Rengeringskoner Krav
648 2003 1432 2082 i sin Dagbog. Der er allerede mange Kryds
66 2003 655 2079 ne Beskyttelse som andre
657 2046 791 2105 i den.
73 2063 648 2138 , men Sagen maa ordnes
692 2091 1426 2159 Samtidig har han draget ogsaa Stiftets
76 2119 636 2200 ornuftigere og mere hen¬
641 2151 1434 2205 andre Kirker ind under sin pietetsfulde
76 2181 636 2259 ig Maade. De Erfaringer,
654 2198 1426 2268 Omsorg. Den aldgamle, minderige Sankt
646 2242 1423 2312 Ibs Kirke, der i umindelige Tider har
76 2247 642 2320 gjort paa de lovpligtige
632 2278 1425 2358 henligget forsemt, er nu blevet restau¬
72 2296 598 2373 gers Omraade, viser
644 2341 1143 2408 reret. Det er hans Vark.
62 2356 651 2454 ner det os — al man har
701 2383 1432 2465 Elskvardig, sprogkyndig, formfuldendt
59 2415 639 2505 n Fejl ved ikke allerede
652 2438 1426 2512 i al sin Optraden er han den rette Mand
71 2477 645 2553 da de paagaldende Love
654 2491 1423 2558 paa denne reprasentativ. Post. I Dag paa
651 2546 1417 2599 hans 50 Aars Fedselsdag vil Dommen en¬
72 2534 629 2617 aget, at legge denne Virk¬
641 2591 1420 2654 stemmig lyde. at Roskilde Domkirke ikke
64 2600 640 2680 lirekte ind under Statens
649 2644 1369 2693 kunde faa nogen bedre „Skytspatron“.
70 2665 647 2736 og vi kan derfor kun bi¬
1088 2691 1398 2762 Den Velvillige.
64 2719 650 2813 ndenne Fejl nu maatte
63 2772 274 2842 resseret.
692 2759 1433 2852 Legationssekreter von Strahl, tidligere
640 2825 1431 2877 det tyske Gesandtskab i Kjobenhavn, nu 1
1898 2834 2414 2904 Arthur Schnitzler,
642 2876 1412 2943 Reichenberg. har med Frue, f. Friherre¬
1477 2919 2986 2992 Ude i et af Wiens KottagekvartererSchnitzler udtaler Ordet dvelende, „mit
646 2926 1414 3003 inde Lagerbjalke, taget Ophold hos Grev
2195 2973 2982 3031 Gefühl“. — Jeg synes, det klinger vidun¬
644 2977 1032 3038 Knuth paa Skagen.
1409 2983 2192 3049 har Ostrigs mest kendte Digter Arthur
58 2917 651 3083 E til Dag.
2199 3018 2986 3080 derligt. Derfor har jeg brugt det. Lokal¬
1412 3014 2180 3113 Schnitzler sin smukke Villa, hvor han
686 3053 986 3119 Ferieadresser:
2182 3053 2988 3136 kolorit tilstraber jeg ikke at give; det er
690 3090 2182 3162 Departementschef i Undervisningsmini- modtager den, der skriver disse Lin¬
65 3102 485 3181 Sendags-Vejret.
2184 3119 2979 3184 Tet frit opfundet Gilleleje; og Det uu Hotel,
630 3129 1406 3221 steriel Augesen har taget Ferie og til¬
1427 3150 2067 3227 jer, til et timelangt Interview.
2191 3178 2986 3241 hvor 3. Akt af „Forferelsens Komedie“ ud¬
638 3205 1412 3280 bringer denne paa Herregaarden „Valde¬
1484 3205 2181 3277 — Jeg er kun i Wien et Par Dage, saa
2193 3217 2986 3289 spilles, eksisterer ikke. Det er ligesom
642 3252 898 3316 marskilde“.
73 3221 433 3347 41 N,
1412 3265 2182 3327 min Tid er ret noje inddelt; men jeg mod¬
2188 3262 2973 3342 Alpehotelllet i Das weite Land, et Skue¬
684 3285 1408 3365 Bogtrykker-Klubbers Formand, Bog¬
1413 3312 2185 3368 tager altid gerne Besegende fra Deres
2196 3323 2980 3394 spil, der er godt kendt i Kjobenhavn — fra
641 3354 1401 3406 trykker Olaf Strandberg, tilbringer sin
1413 3362 2174 3420 Land, som jeg satter saa stor Pris paa;
2193 3372 2811 3429 Det kgl. Teaters Lofterepertoire!
646 3402 2194 3494 Ferie paa Ronshoved Strandhotel vedl baade Land og Folk; jeg har det Indtryk,
2234 3415 2979 3494 Paa denne lidt maliciese Bemerkning
645 3451 969 3522 Flensborg Fjord.
1400 3445 2172 3537 at Kjobenharns Befolkning f. Eks. ikke er
75 3431 445 3552 GHN
2192 3478 2979 3524 er jeg tilfaldigvis i Stand til at svare, at
375 3509 566 3588 G 6
1408 3511 2170 3579 saa bevidst „besartig“, som visse andre
2189 3521 2985 3588 Det Kongeliges ny Direkter, Hr. Wm. Nor¬
674 3542 1407 3615 Konsul, Vinhandler Vald. Petersen rei¬
1410 3569 2176 3631 store Byers. Og ikke nar saa antisemi¬
2183 3572 2978 3638 rie har foresat sig at trange til Bunds f
501 3559 567 3649 2
639 3606 1394 3652 ser i Morgen over München til Nizza, hvor
1408 3607 2183 3688 tisk, tilfejer Schnitzler, der taler med ri¬
134 3575 455 3683 ESS
2190 3627 2985 3689 de hidtil ubekendte Motiver til, at Das
639 3649 1232 3719 han i Vinter tager fast Ophold.
1408 3659 2178 3731 vende Hast og understreger det sagte med
2193 3679 2983 3742 weite Land — et af Schnitzlers bedste Ar¬
58 3684 298 3786 W—
1413 3719 2177 3771 iltre Gestus og livfuld Mimik: Vemmes
2186 3722 2973 3787 bejder — aldrig kom op. skont netop Deko¬
684 3731 1398 3799 Rigsgreve og Grevinde Platen Haller¬
1412 3766 2170 3817 man ikke, naar man herer om de moderne
2184 3765 2857 3835 rationen til Alpehotellet var malet.
642 3798 1399 3851 mund, Holsten, der i nogen Tid har op¬
66 3789 523 3869 scejerens Sendagsgleder.
1413 3811 2084 3880 Jedeforfelgelser, som nu i Bayern!
2233 3811 2965 3887 — Saa har jeg et Par sterre Noveller
631 3842 1414 3919 holdt sig hos Konsul, Baron Haxthausen,
60 3854 620 3928 g Dag, som Kjebenhavnerne i
1467 3865 2965 3922 Samtalen feres i Digterens smukke Ar-firdige, fortstetter Digteren — den ene al
639 3888 1396 3972 Nyborg, har nu taget Oyhold paa Skagen.
56 3897 631 3971 benyttede til a: soge uden for
1412 3923 2171 3967 bejdsverelse, hvorfra aabne Flojdore ven¬
2189 3920 2946 3991 dem, Fräulein Eise, udkommer snan
53 3945 643 4011 Cyklestier i Omegnen var fra
1414 3964 2178 4030 der ud mod en stor Altan med Udsigt ned
2191 3968 2952 4034 fremdeles ein Versstück, et Skuespil pal
687 3986 1396 4060 Den dansk-amerikanske Meieriekspert
51 4002 630 4058 en en lang Kade af naturter¬
1407 4015 2171 4084 over Sternwartestrasses Villabebyggelse og
2189 4015 2977 4096 Vers, og en Samling Aforismer: Buch des
640 4048 1407 4109 Julius Moldenhawer er i disse Dage kom¬
60 4046 631 4121 boere, der fordelte sig i Om¬
1402 4078 2178 4137 det lavere liggende Wien. Paa Pulten lig¬
2191 4065 2632 4135 Sprüche und Bedenken.
636 4094 1401 4158 met hjem fra en Reise til Finland og be¬
60 4096 634 4160 ende Skove. Om Eftermiddagen
1409 4112 2930 4187 ger det Blyantsmanuskript, Schnitzler lise Schnitzler om Georg Brandes
1306 4146 1360 4215 *
