3344 4352
603 243 671 305 e
1820 233 2265 332 box 33/6
194 233 1774 317 29. Kon. die der Verfuchrung
2475 855 2680 939 uliener
873 877 957 1006 4.
2071 901 2751 1068 — Allgemeine Z
1669 1059 2754 1127 vor dem Kuplet zu stehen. Aber da ihr Vor= zu übe
2574 1110 2733 1168 thema
1670 1116 2562 1169 handensein durch keine Gesangsstimme sich recht¬
2576 1156 2750 1212 die Au
1669 1156 2563 1211 fertigt, und da sie nie ein Kuplet zu singen hat,
1531 1171 1601 1243 7
2581 1200 2760 1261 Konsea
1675 1203 2561 1254 bleibt es fast immer dabei, daß sie das Niveau
2580 1246 2750 1299 derung
1669 1235 2567 1316 drückt. Sie hat es selten so tief herabgedrückt
917 1093 1423 1332 heate
1672 1293 2187 1354 wie in dieser Vorstellung.
2583 1288 2746 1344 hier ei
2574 1324 2743 1390 träumt
1740 1339 2576 1413 Die anderen Frauen sind erfreulicherweise
2573 1377 2752 1438 ergreif
1082 1324 1321 1461 S
1677 1384 2569 1440 besser. Lotte Witt als Fürstin musterhaftes
2578 1421 2755 1479 geschör
1676 1426 2566 1488 Burgtheater, Frau Retty als Julia, ohne das
2588 1464 2745 1522 wie de¬
1672 1468 2576 1531 rechte Format dieser Gestalt, doch reizvoll im
1039 1471 1381 1561 Schnitzler:
2577 1501 2704 1564 noch
1678 1517 2566 1574 Zynismus. Auch Hilde Wagener, zum Schluß
2598 1527 2747 1610 (allerd
1679 1543 2580 1618 des Stückes, als Gilda ließ die Möglichkeiten
761 1535 1634 1639 „Komödie der Verführung“.
2587 1599 2717 1650 aber
1676 1603 2569 1659 naher Verführung lockend anklingen. Schlicht,
1057 1610 1347 1687 Burgtheater.
2579 1643 2719 1698 bloß
1670 1646 2567 1700 natürlich, voll sinnlicher Anmut gab Frau
814 1669 1654 1729 Die Dichtung Artur Schnitzlers, die ich
2593 1685 2725 1743 was st
1666 1702 2578 1751 Mayen die Seraphine und war wienerisch poe¬
2590 1730 2747 1800 Mitten
741 1719 1649 1782 Samstag hier besprochen habe, wirkt auch auf
1680 1746 2566 1787 tisch in jener Geigenszene des zweiten Aktes,
753 1779 1651 1834 der Bühne mehr wie ein breites, figurenreiches
2588 1775 2745 1832 fangen
1676 1778 2580 1838 die so viel Duft hat und so sehr an die „Lie¬
751 1818 1653 1875 Gesellschaftsbild als wie ein eigentliches
2588 1822 2730 1877 buch,
1677 1825 1991 1890 belei“ erinnert.
758 1849 1670 1914 Theaterstück. Lebensvolle, poetisch überglänzte
2586 1863 2745 1925 sal ve¬
2475 1847 2576 1931 ihr
1761 1867 2477 1923 In dieser Szene war Herr Günther
749 1907 1662 1951 Novellistik, die aber doch in allen Momenten
2582 1900 2749 1966 ganzen
1678 1915 2577 1975 Gegenpart. Er ist der Max von Reisenberg, der
751 1948 1667 2009 der Entscheidung mit dramatischer Kraft ein¬
2577 1945 2740 2025 in die
1681 1962 2568 2013 Verführer, und man könnte sagen, daß er gut
752 1984 1666 2048 schlägt. Die Aufführung ist in einigen wich¬
1683 2006 2576 2062 war, aber es ist zu wenig und deshalb auch
761 2038 1665 2097 tigen Partien edelste Erfüllung, während sie
2593 2040 2740 2108 Mahl=
1669 2045 2570 2095 nicht gut, wenn man in dieser Rolle nicht wei¬
749 2074 1657 2126 an vielen anderen Stellen dem Dichter Vieles
2591 2094 2743 2156 Grünks
1687 2090 2570 2144 ter als gut ist. Herr Günther hat zu viel
749 2118 1663 2173 schuldig bleibt und in einzelnen Rollen sogar
1684 2139 2568 2191 Nüchternheit, zu viel wachen Alltag, und er hat
2594 2135 2731 2197 hier
748 2167 1661 2235 dem Werk, aber nicht nur dem Werk, auch den
1669 2181 2577 2241 nichts, was hypnotisieren oder narkotisieren
2589 2180 2740 2241 gemäck
758 2212 1661 2271 großen Traditionen des Burgtheaters wider¬
1673 2225 2575 2281 kann. Auch Herr Höbling plagt sich mit dem
2589 2228 2741 2285 unheit
755 2261 918 2322 spricht.
1683 2268 2573 2330 Maler Gysar vergeblich; er überzeugt nicht.
2587 2260 2738 2328 gatoris
815 2296 1655 2361 Die Aurelia der Wohlgemut war blendend.
1676 2323 2571 2366 Herr Hennings war ein farbloser Prinz, aber
2584 2311 2732 2379 wörtl
744 2345 1657 2403 Nicht bloß äußerlich. In ihren Geberden, in
1687 2353 2568 2415 ein Prinz. Für den Dichter Ambros Dochl be¬
2582 2362 2702 2417 ist e
1690 2398 2571 2465 sitzt Herr Andersen in seiner Stimme Geist und
761 2397 1661 2448 ihrem Gang, in ihrer Stimme war eine helle
2595 2393 2732 2462 dieses
750 2438 1660 2505 Beseeltheit, auf deren Grund alle sinnlichen
1675 2441 2583 2495 Seele genug. Nur manchmal läßt er nasale
2581 2452 2722 2507 was
750 2490 1666 2543 Triebe, wie verklärt schienen. Dies eine Neigen
1677 2488 2575 2556 Komödiantentöne hören. Er muß reif werden
761 2532 1669 2585 des Kopfes, mit dem sie sich im dritten Akt zu
1689 2534 2033 2596 und ausgeglichen.
2583 2503 2747 2602 leitun
749 2565 1671 2626 Falkenir wendet, hat eine zärtliche Anmut, die
1764 2570 2575 2638 Prachtvoll sind die beiden Greisengestalten,
2597 2593 2702 2645 und
750 2623 1664 2677 erschüttert. Und der Ton, mit dem sie fast die
1683 2621 2579 2680 der Opernsänger und die Opersängerin, die
2590 2628 2727 2687 lein 2
748 2652 1653 2726 ganze Rolle sprach, war hoch über dem Alltag.
1685 2675 2577 2727 beiden immer noch lebendigen Träger längst
2588 2671 2738 2745 voller
762 2707 1666 2773 — Kein Theater. Ton. Aber feierlich und ent¬
1682 2714 2584 2767 verstorbener Berümtheit, die alles überdauert
765 2749 1661 2798 scheidend erhöht, wie alles, was Aurelia zu
1685 2763 2587 2818 haben, sogar die Tatsache, daß sie irgendwann
753 2794 1668 2837 sagen hat. Diese Szene im dritten Akt krönte
1679 2801 2589 2873 einmal miteinander verheiratet waren. Die
757 2836 1670 2886 auch die Leistung des Herrn Aslan, der den
1682 2839 2580 2903 beiden wurden von Frau Wilbrandt und von
2589 2825 2720 2908 allems
754 2886 1662 2937 Falkenir gab. Er gab ihn mit zartester Noblesse
1683 2895 2572 2948 Herrn Strafsni ebenso prachtvoll und mit der¬
2591 2880 2733 2958 bezau
755 2930 1673 2979 des Gemütes. Er ließ in der scheinbar trockenen
1691 2939 2584 2989 selben stummen Beredsamkeit gespielt, mit der
2600 2939 2716 2994 mach
763 2969 1663 3018 piychoanalytischen Erörterung, die er von
1685 2980 2580 3033 sie der Dichter in dieses Stück gestellt hat. Herr
2587 2976 2725 3043 erhebs
753 3011 1668 3071 Anfang führt, den gebändigten Sturm innerer
1691 3014 2577 3073 G.Reimers aber gab den frischen, naiv fröhlichen,
2599 3022 2721 3080 (Dirk
764 3057 1673 3103 Leidenschaft hören. Er gab einen Meister, einen
1687 3065 2574 3116 alten Kammersänger wunderbar aus dem
2595 3063 2743 3134 sehen.
767 3098 1665 3162 Fürsten der Leidenschaft. Und wie er zuletzt
1691 3098 2582 3162 Schwung seines heiteren Temperaments. Er
2604 3117 2717 3179 Johe
765 3150 1673 3210 vor Aurelia niederkniet, das Gesicht verhängt
1681 3160 2583 3202 war anmutig, humorvoll, entzückend. Er war
2596 3159 2726 3213 bedei
763 3190 1669 3242 von Ergriffenheit, bedeckt von allen Zeichen
1690 3182 2571 3254 ganz einfach zum Verlieben. Felix Salten.
2602 3202 2718 3255 fernt
761 3237 1671 3286 letzter, zerwühlter Hingebung, die Augen ange¬
2603 3252 2715 3303 spiel
770 3277 1670 3327 schwollen von Tränen, die nicht geweint
2597 3294 2725 3347 schlie
1773 3288 2515 3377 Musik- und Theaterfest.
758 3318 1672 3386 werden dürfen, das erinnerte an die herrliche
2602 3335 2729 3403 kalise
763 3363 1671 3427 Szene, die er in „Mittagswende“ gespielt hat.
1876 3364 2394 3441 Mahlers X. Symphonie.
2602 3383 2724 3440 lichke
753 3410 1677 3455 Wie damals zeigt er sich auch diesmal wieder
2592 3427 2737 3504 schen
1755 3407 2582 3508 Das nachgelassene Manuskript Mahlers
758 3455 1686 3524 als ein großer Künstler stiller, zarter Inner¬
1689 3474 2584 3536 läßt, in großen Zügen wenigstens, ahnen, wie
768 3495 940 3551 lichkeit.
2587 3512 2725 3583 Rosa
1686 3532 2571 3579 seine X. Symphonie gedacht war. Die Reihen¬
847 3526 1683 3600 Es ist kaum zu glauben und selbst, wenn
1693 3576 2578 3630 folge der Sätze zunächst (Adagio, drei Scherzi,
760 3581 1668 3632 man es selbst gesehen hat, noch immer unwahr¬
1678 3614 2569 3677 ein Finale) weicht eigenartig von der Art ab,
2588 3606 2724 3675 ausge
765 3621 1681 3683 scheinlich, daß auf verselben Bühne, auf der
1681 3653 2574 3708 wie sich auch Mahler sonst symphonisch aus¬
2587 3659 2736 3710 zew
764 3663 1673 3723 solche Leistungen vollbracht werden, eine rabiate
2587 3700 2726 3759 Tar¬
1687 3701 2575 3759 sprach. Daß das Adagio an erster Stelle steht,
771 3712 1675 3759 Dilettantin wie Frau Aknay die Rolle der Ju¬
2588 3745 2719 3799 Ma
1692 3744 2581 3793 ist beinahe wie ein großer Ausbau, der schon in
760 3755 1670 3815 dith in Grund und Boden verderben darf. Sie
2594 3786 2711 3848 müsse
1682 3789 2585 3839 den Anfängen der Symphonie üblichen lang¬
770 3799 1672 3852 brüllt ohne Motivierung und ohne Uebergang,
2596 3834 2715 3887 Und
1689 3829 2579 3893 samen Einleitung, ein gebetartiges Sich¬
772 3842 1670 3889 wie sie ohne Motiv, ganz unvermittelt flüstert.
2602 3878 2723 3937 Freu
1688 3872 2577 3931 Besinnen. Es wird bei Mahler — denn dieser
770 3880 1675 3931 Sie zeichnet keine Figur, hat keine Ahnung, wie
1677 3918 2729 3984 erste Satz liegt (wie der dritte) instrumentiert rung
769 3925 1677 3983 man eine menschliche Gestalt charakterisiert. Sie
772 3968 1672 4015 scheint immer in einer Operette und immer dicht
1672 3963 2732 4024 1 vor — ein langes, formell nicht mit einem Blickl bester
1776 4062 2723 4140 Die Kinder übergaben ihn dem Pfarrer] über
2604 4110 2720 4155 I
961 4068 1504 4154 —otillaten.
1674 4069 2231 4170 T###benind #ev in
