3392 4352
281 196 505 254 5. Sehe
810 183 2795 249 Wiener tägl. Theater- u. Fremdenzeitung (Karl kc. Klopfer). XXVI. falie , I. Bremsenstusste 1
3003 188 3283 257 Nr. 117
233 242 3317 327 mit der anderen Tochter dem jungen Paar das wunderschön, aber traurig. Das wollte sie nicht. Möglichkeit eines Liebesabenteuers mit ihnen
245 323 1267 378 Geleit gibt, führen Ambros und Max ein leises
1266 316 3309 382 Sie beginnt von Neuem. „Das ist schon ein wenig offen. Sie wandelt bereits am Rande des Irrsinns,
234 370 1271 428 Gesprüch, das Etwas von Abgesang-Stimmung
1266 370 3309 431 heiterer.“ Aber Das wollte sie auch nicht. Er und mit grausamer Tronie zergliedert sie ihre
241 415 1266 479 aufklingen läßt. Das ist allerdings weit entfernt
1269 420 3324 487 bewundert abermals ihre originellen Einfälle. Sie Schmach, von der doch ihre Seele Nichts weil),
233 465 3325 527 von der starken Dramatik des früheren Teils —bricht ab. „Das hab’ ich doch auch nicht ge-fals schwebe die, losgetrennt von ihrem Körper,
235 508 1268 573 und eben deßhalb ein wohltuender Gegensatz.
1261 518 3323 579 meint.“ — „Was also?“ — Da tritt sie leise zuin umpanzerter Einsamkeit über ihrer irdischen
1257 571 3308 625 dem über die Klaviatur gebeugten Lauscher, streckt Bahn. „Dies aber sag ich euch, in meiner Nackt¬
230 561 1267 620 Und nun gar „dieser komische, etwas geschmack¬
230 607 1271 664 lose Salon mit Erinnerungen aus einer verklun¬
1269 610 3320 666 Geige und Bogen von sich, legt ihre Wangetheit und in meinen Sünden gehör’ ich mir allein,
231 659 1268 714 genen Jugend“, in dem auch ein Uberästhet wie
1265 660 3323 726 sanft auf seinen Scheitel und flüstert wie träumend: Keiner nahm mir was, und Keiner kann mir was
238 711 1267 764 Max Reisenberg einen köstlichen Frieden em¬
1272 709 3315 764 „Das, glaube ich.“ Mit unterdrücktem Jubel langtgeben. Was soll mir Scham, da mich Kei¬
227 749 1275 806 pfindet! Man könnte sehr weitgehende Betrach¬
1261 761 3327 833 er nach ihren Armen. „Seraphine! — wir wissen'ner doch kennt?“ Als aber Falkenir auftritt,
233 801 1277 866 tungen daran knüpfen. Daß die Westerhäuser zwar
1264 803 3311 868 es ja schon lang.“ — „Was wissen wir?“ girrt taucht sie aus ihrer seltsamen Apathie empor.
231 852 1264 906 die sublimste Wohnungskunst aufweisen, aber
1268 851 3323 917 sie in holder Trunkenheit. „Nichts, Lieber, als Will er sich ihr in den Weg stellen? Nein,
232 900 1265 954 zumeist nicht eine Spur vom persönlichen Wesen
1255 900 2292 961 daß dies ein schöner Abend ist, der niemals
2270 893 3319 966 jetzt bietet er ihr seine Hand; er weiß, daß es
1264 948 2285 1002 wiederkehrt.“ Er nimmt ihr Köpfehen zwischen
230 949 1267 999 ihrer Bewohner. Und daß in der Fenzischen
2274 953 3315 1015 seine Schuld ist, wenn sie sich verloren hat. Sie
1261 997 2294 1065 die Hände, ihre Lippen finden sich. Das Sinken
238 999 1267 1057 Wohnung — die der verwitwete Bohemien übrigens
2280 998 3317 1068 weist ihn mit Bitterkeit ab. „Bin ich nun durch
1264 1036 2289 1113 des Vorhangs wird zu einer lächelnden Bejahung.
230 1042 1271 1107 leichtmütig aufgibt, um der nicht ganz frohherzig
2272 1044 3329 1117 so viel Lust und Leid gegangen, daß der gnädige
1345 1093 2282 1150 Das gehört zum Duftigsten, was jemals dem
225 1085 1285 1165 die Virtuosenkunst ansübenden Tochter auf ihre
2272 1097 3313 1147 Erretter, meiner Müdigkeit gewiß, in seligem Ver¬
236 1141 1269 1195 Konzertreisen zu folgen — zwischen allem be¬
1255 1111 3317 1196 weichen Pinselstrich Schnitzlers in zarten Lasur-trauen an meiner Seite schlafen dürfte? Das
1259 1188 2284 1257 farben gelungen ist. Hier entschied sich der
225 1188 1266 1254 lächelnswert Nachgemachten noch ein heiliger
2282 1194 3323 1256 könnte ein Irrtum sein, Falkenir.“ Da offenbart.
235 1235 2289 1294 Hauch vom Atem der sorgenden Hausfrau weht, Erfolg vollends. Wieder und immer wieder wurde
2277 1245 3307 1304 er ihr die ganze Großherzigkeit seines Ent¬
226 1286 1850 1343 deren Liebe nicht Selbstsucht war. Wohl ist derl der Dichter herausgerufen.
2276 1294 3317 1344 schlusses. Er frage nicht nach Dem, was gesche¬
219 1331 1272 1405 Kitsch die erstarrte Asthetik der Durchschnitts¬
1342 1316 3320 1385 Der letzte Akt — mit der Katastrophe hen und — lege ihr keinerlei Schranken auf für
1262 1382 2302 1447 am Schluß, von der wir nicht Augenzeuge sein
229 1387 1266 1445 naturen, aber die Freude an ihm kann original¬
2276 1389 3321 1454 die Zukunft. Er bietet ihr einfach sein Haus
233 1437 1262 1495 echt sein — bei naiven Glücksuchern, die Nichts
1260 1430 3319 1494 können, die nur berichtet wird — wickelt dasals Zuflucht, seinen Namen als schirmenden
1265 1482 2294 1543 Hauptthema in langen Reflexionsdialogen ab,
226 1487 1266 1545 gemeinhaben mit den vielkomplizierten und schließ¬
2282 1487 3315 1555 Schild. Ob ein beiderseitiges Glück daraus werden
219 1532 1260 1593 lich doch blinden Verächtern unwägbarer Werte,
1254 1525 2287 1584 die gedämpften Ton und gedehntes Tempo
2282 1532 3323 1597 könne, das liege bei ihr. Sie glaubt nicht daran.
228 1583 1277 1625 die nur der Gemüts-Akribie zugänglich sind. In
1266 1582 2284 1635 bedingen und dem Hörer das Mitgehen umso
2271 1584 3331 1646 Er werde die Gespenster, die täglich zwischen
224 1621 1273 1698 Seraphine ist Etwas von solcher Glücksucherin,
1265 1626 2283 1687 mehr erschweren, als durch die einschneidenden
2275 1612 3335 1695 ihnen auftauchen könnten, nicht los werden, Da
231 1680 1272 1740 die eine gesunde Sehnsucht zur Mutterschaft zieht.
1262 1677 3324 1745 Vorgänge in den letzten Teilen des II. Aktes unserVerscheint Max und macht sich erbötig, sich dem
221 1716 1273 1784 Aber ihr kluges Herz bewahrt sie davor, den
1267 1716 3329 1793 Interesse von dem Paar Aurelie-Falkenir abgelenkt Baron zum Zweikampf zu stellen. Falkenir lehnt
233 1771 1269 1833 Reichtum ihres künstlerisch disziplinierten Em¬
1261 1771 3331 1844 worden ist. Daß zudem fast alle Figuren hier am lächelnd ab und sagt zu Aurelie: „Dieses Gespenst
1258 1820 2284 1884 Strand des dänischen Badeörtchens Gilleleije
226 1821 1270 1886 pfindens in den raffinierten Uber-Kitsch hinein¬
2280 1832 3332 1890 schien mir etwas harmlos.“ Sie hat Schlimmeres
220 1865 2286 1939 zuschwärmen, der sich in den blendenden Vor-zusammentreffen, will man als etwas gewaltsame
2269 1875 3325 1940 zu gestehen: eine babylonische Orgie im Park des
1260 1924 2289 1980 Zusammenschiebung empfinden, weil man die
218 1916 1274 1978 zügen eines Max Reisenberg darstellt. Weil ihr
2273 1924 3326 1991 Malers Gysar, der sie als Venus gemalt hat. Und
225 1973 1265 2023 die Treue gegen sich selber im Blut liegt, ge¬
1258 1979 3332 2029 ganz plausibeln Vorbereitungen dazu, die derl dieses Bild hat der Schurke dem Prinzen Arduin
226 2024 1270 2078 nießt sie im Zauber der glückhaften Stunde die
1256 2024 3322 2070 Dichter in die verschiedenen Auftritte der vor-zur Ausschmückung seiner Schlafkabine auf der
1262 2063 2284 2125 hergehenden Akte einstreut, selbstverständlich
219 2055 1260 2130 Harmonie mit dem All und kann sich selig ver¬
2276 2063 3332 2137 Jacht verkauft. „Dieses Bild log nicht“ schließt
1256 2119 2285 2173 überhört hat. Prinz Arduin, der sich in Kopen¬
218 2105 1282 2182 schenken, ohne sich seclisch zu verlieren. Das
2283 2113 3332 2182 sie ihr ekstatisches Bekenntnis; „Wahrheit, von
1259 2163 2295 2240 hagen eine Jacht bauen ließ, auf der er mit
222 2166 1267 2220 wird wunderbare Erscheinung im lvrischen Aus¬
2274 2164 3326 2226 der ich noch immer Nichts geahnt, war das Bild.
234 2216 1270 2270 klang dieser Szene, der ein herrliches Gegenstück
1262 2217 3324 2291 Aurelie, falls sie ihn gewählt hätte, eine Hoch- Dies Bild ist Aurelie — ich selbst aber, wie
232 2265 1269 2318 bildet zu der Zusammenbruch-Kadenz im Haus
1258 2265 3332 2330 zeitsreise in's Märchenland unternommen hätte, jdu mich hier sichst, bin nur ein Bild. Maske
239 2313 1265 2371 Westerhaus, wo sich die Genubgier mit Raub¬
1270 2313 3325 2379 wurde von Judith zu einem Stelldichein auf und Lüge bin ich. Dort auf dem Schiff fahre
232 2363 1262 2436 tiergelüsten aufpeitschte und Fäuinisgeruch zum
1261 2355 3327 2417 Gilleleije geladen. Mit ihm will sie ihre Kurtisanen-ich davon, und was hier zurückbleibt, ist Nichts
229 2411 697 2479 Kosmetikum wurde.
1254 2414 3320 2479 Karriere eröffnen. Da sie aber immerhin Demi-Tals ein Schein, von dem du dich narren läßt.“
1271 2457 2293 2522 vierge ist, hat sie zu ihrer — physischen Vor¬
324 2434 1281 2518 Der Abschied von der Schwester hat Sera¬
2334 2454 3332 2530 Er bleibt fest. „Tausend Bilder drücken dich
225 2500 1274 2565 phine schwermütig gemacht; auch P’apa Fenz
1261 2501 2305 2582 bereitung den holden Max zu sich berufen. Wir
2281 2517 3322 2564 nicht aus, so wenig, wie es tausend Worte ver¬
228 2553 1277 2626 findet das Haus nlötzlich jeer geworden. Mit
1257 2555 3331 2632 sehen ihn mit ihr im Morgenlicht aus der kleinen möchten. Du bist da, und ich liebe dich;
235 2608 3334 2666 Elisabeth sind die Penaten, die Herdgirer davon- Villa treten, die zum Strandhotel gehört. Er hat das ist über allen Bildern und Worten.“ Ambros,
225 2654 1274 2716 gezogen. Und morgen tritt Frl. Seraphine mit
1268 2655 3326 2713 bei ihr geschlafen. Sie verabschiedet ihn mitder von Alledem Zeuge ist, bietet ihnen das
227 2703 1279 2765 dem Vater ihre Kunstreise an. Als sich auch
1260 2709 2290 2767 einem langen Kuß und erinnert ihn an sein
2273 2707 3337 2769 Motorboot an, das er bereitgestellt hat. Da unter¬
228 2743 2290 2807 Ambros empfiehlt, um seine Koffer zu einer Versprechen, auf ihren Wink zu verschwinden.
2286 2757 3331 2817 wirft sie den Baron, der sich damals vor ge¬
218 2807 1278 2861 noidischen Urlanbsfahrt zu packen, die er am
1263 2801 2297 2877 „Nie wieder mit dir“, sagt sie, „denn dich hab'
2284 2804 3328 2874 träumten Gespenstern gefürchtet hat, einer
221 2843 1285 2916 frühesten Morgen anzutreten gedenkt, bittet Sera¬
1269 2851 2287 2908 ich beinahe geliebt.“ — Ambros Dochl, der
2277 2848 3329 2924 noch härteren Prüfung, indem sie — mit einem
215 2886 2300 2965 phine den Max, der ihr in den sechs Wochen Gilleleije entdeckt hat, bringt Aurelie Merken¬
2277 2902 3326 2951 Freimut, der angesichts Doehls an's Widernatür¬
217 2949 2279 2997 öfter die Schwester am Klavier ersetzt hat, zu #stein mit und hat Falkenir aus Rom berufen —
2275 2951 3327 3025 liche streift — schildert, wie sie auf der Fahrt
230 2998 2289 3060 bleiben, um noch einmal das Konzertprogramm zu ihrer Rettung, die nur von ihm zu erhoffen
2273 2994 3337 3067 hieher entschlossen gewesen sei, sich auch diesem
220 3042 2290 3107 mit ihr durchzunehmen. Papa soll sich als Zu-Tist, dessen Verzicht die Entwurzelte an geführ¬
2277 3050 3322 3108 Freund hinzugeben und daß dieser nur aus Treue
225 3095 2295 3164 hörer auf die Veranda setzen. Aber der Tansend-liche Abgründe geführt hat. — Seraphine Fenz
2281 3092 3323 3173 gegen Falkenir nicht die Tür in ihr Schlafzimmer
219 3140 1244 3202 sassa hat sich zu einer kleinen Abschiedsfeier —
1249 3146 2294 3196 Faber hat hier ein Sommerkonzert zu geben. Es
2285 3149 3330 3220 benützt habe, die sie ihm die ganze Nacht offen¬
224 3196 2294 3257 mit guten Freunden versprochen, wie er sagt, muß unterbleiben, da die Nachricht vom Kriegs¬
2284 3193 2902 3256 gehalten: „Ich war bereit.“
2978 3194 3328 3265 Da meint er,
218 3230 3329 3311 und drückt sich davon. Seraphine und Max sind ausbruch (man schreibt den 1. August 1914) diewenn sie Ambros liebe, so könne er ihr keinen
1254 3292 2299 3353 Badegäste nach allen Windrichtungen davontreibt.
218 3292 1271 3353 allein, — und die Göttin Gelegenheit kuppelt
2283 3299 3325 3362 würdigeren Gefährten finden. — „Ich liebe ihn
228 3336 1273 3398 wieder einmal. Draußen im Gärtchen Abendrot¬
1253 3332 3330 3397 Auch Ambros und Max haben nun ihre militärische'nicht, Falkenir. Eine Laune war es, die nicht
219 3385 3322 3463 gold und herinnen zunehmende Dämmerung. Köst- Einberufung zu gewärtigen. Prinz Arduin, der wiederkehren wird.“ Ambros spricht’s aus, daß
224 3437 2294 3495 licher Friede ringsum und Rosenduft: von den mit seiner Jacht (sie führt den Namen Aurelie)
2274 3433 3335 3507 sie nie einen Andern geliebt habe als den Baron,
231 3483 2282 3537 Blüten, die Seraphine in Vasen und Gläser ver-hier anlegt, um sich Judith als Reisebegleiterin
2288 3490 3333 3539 und sie bestätigt es. „Doch ungebändigt durch
233 3537 3332 3591 teilt hat, und von der Veranda hereingeweht fabzuholen, ist zwar österreichischer General (weil mein Herz fließen, denen du mein Ohr geöffnet,
232 3584 1269 3638 durch die kosenden Lüfte. Seraphine spricht von
1261 3582 3331 3656 so hohe Herren die goldverschnürte Jacke zurf Falkenir, die ewigen Ströme. Fackelschein,
227 3633 3326 3708 der Schwester und von der verstorbenen Matter Verzierung ihrer Person ju nicht entbehren kön- Flöten und Geigen, nächtliches Wellenrauschen,
220 3679 1272 3733 und möchte am liebsten draußen unter der Esche
1265 3679 3324 3748 nen), gedenkt aber diesen Krieg, „der gegen alle eine schmeichelnde Stimme, Duft von Flieder —
235 3729 2282 3787 sitzen und weinen. Da fällt ihr ein, daß Max Vernunft ausbricht“, nicht mitzumachen und kann
2276 3737 3325 3795 und deine Aurelie gleitet in die Arme eines
227 3779 2293 3833 wohl ebenfalls noch Verpflichtungen habe für sich diese Absentierung als international „veran¬
2277 3782 3333 3856 Verführers, eines Freundes, eines Fremden, der
219 3833 3329 3887 diesen Abend. Er läugnet es. Er weiß), daß sie kerter“ Grandseigneur vergönnen. Er ahnt natür- die Stunde zu nützen weiß. .. Und nun, da
227 3887 3322 3929 auf Aurelie denkt und gibt ihr die überzeugende lich ebensowenig wie die Anderen, daß dieser, du gekommen bist, ward ich darum eine Andere?
239 3925 3319 3979 Versicherung, daß er völlig frei sei. Da wird ihr historische Augusttag den Auftakt zu der großen Und wenn ich dir gelobte, treu zu sein — und
228 3971 3320 4029 leichter. Als er ihr zärtlich die Hand küßt, be- Götzendämmerungs-Symphonie bildet, an die auch wenn ich es vermöchte — gibt es darum die
232 4021 3320 4085 sinnt sie sich darauf, saß sie ja musizieren wollten, die Börsenkönige noch werden glauben miissen.bewigen Ströme nicht mehr? Und meinst du, daß
235 4071 3315 4139 Er zündet die Kerzen am Klavier an, sie die am Ambros kann die Begegnung des Prinzen mit du mich jemals so völlig besitzen könntest, wie
228 4117 3323 4189 Geigenpult. Dann spielt sie, in der Verandatür Aurelie nicht verhindern. Sie begrüßt diesen und kein Mann eine Fran. keine Frau einen Mann, wie
227 4160 3319 4246 stehend, ein kurzes Impromptu. Er findet es auch Max ohne Bewegung und läßt sogar die niemals ein Mensch einen andern besitzen kann
