3392 4352
299 162 500 244 29.
1922 155 2382 244 box 33/6
501 164 1768 261 Kondedie der Verfuehrung
568 858 1266 954 Der neue Schnitzler
495 927 1333 1011 Zur Uraufführung der „Komödie
694 990 1121 1070 der Verführung“
731 1051 1344 1116 Kommenden Samstag geht be¬
682 1102 1359 1161 kanntlich die Uraufführung von
690 1143 1360 1194 Arthur Schnitzlers „Komödie
688 1175 1347 1232 der Verführung“ am Burgtheater
684 1207 1347 1268 in Szene. Wir geben nachfolgend
692 1260 1355 1314 eine Inhaltsangabe des noch nicht
687 1287 1355 1365 im Druck vorliegenden Stückes.
482 1347 1348 1411 Das neue Werk Schnitzlers, das kommenden
442 1398 1348 1455 Samstag im Burgtheater seine Uraufführung
448 1445 1334 1504 erleben wird, ist von einer fast verwirrenden
447 1481 1197 1555 romanhaften Fülle der r gebenheiten.
1425 1511 2307 1589 passant-Melancholiker vom Scheitel bis zur
2342 1502 3226 1585 „Flugerls“. (Altenbergs Manen erquickt ouch
476 1542 1336 1606 Es könnte, wäre es dem Autor nicht, wie
1442 1567 1923 1639 Sohle, ist der Erwählte.
2342 1566 2743 1635 an dieser Figur!))
437 1589 1343 1657 immer, so dichterisch ernst um seine Figuren
2358 1608 3214 1689 Aurelia ist inzwischen, haib verdorrend, von
1460 1608 2318 1698 Aber er schlägt sein Glück aus. Denn er
437 1640 1341 1697 zu tun, den Titel „Klatsch und Quatsch“
2330 1665 2826 1742 dem zu jenem geflattert.
1441 1673 2307 1743 weiß aus Erfahrung, welche Lebenslockungen
443 1681 1343 1755 führen, denn die ganze Salonatmosphäre Wiens
1442 1732 2309 1797 und Verwirrungen ihrer noch harren — und daß
440 1737 1340 1794 von anno 1914 (das Stück spielt genau vor
2371 1740 3212 1821 Dritter Akt: Wiedersehen in einem dänischen
1436 1769 2307 1837 er nicht der Mann ist, die Leiden des Mit¬
445 1761 1330 1831 Kriegsausbruch), diese zugleich bedrückend¬
2327 1808 3011 1878 Seebad, knapp vor Kriegsausbruch.
1433 1820 2316 1897 ansehens zu tragen. Wer weiß, vielleicht steht
431 1818 1341 1887 schwüle und orchideenfarbige Sumpfwelt der
2369 1850 3211 1929 Falkenier kommt, sagt er, „gewandelt“ Er
1437 1870 2319 1947 der eigentlich Erwählte, Triebbegünstigte
431 1877 1340 1947 verschwommenen Beziehungen und butter¬
1431 1916 1654 1975 schon da.
2337 1916 3208 1985 ist zur Erkenntnis gelangt, daß Unruhe und
433 1921 1335 2002 weichen Schicksale, wo die große Generalangst
2335 1961 3214 2035 Bangigkeit den Sinn der wahren Liebe bilden.
1463 1933 2321 2048 Und er stcht wirklich schon da. Nicht
437 1983 1333 2042 vor dem Erlehuts tausend komplizierte Schein¬
1431 2016 2317 2071 nehmend, nicht zaubernd, nicht verführend,
2367 2013 3206 2085 Aber Aurelie, gestehend, daß die erotischen
428 2007 1338 2087 erlebnisse schafft, erscheint darin eingefangen.
1431 2064 2314 2123 sondern vom Zufall dieser Situation der Ent¬
468 2075 1341 2142 Zudem soll zu vielen Episoden und Figuren
2332 2062 3214 2129 Prophezeiungen sich erfüllt haben, sicht auch,
1434 2109 1862 2170 täuschten dargereicht:
434 2120 1325 2176 dieses Stückes die Wirklichkeit Modell ge¬
2338 2121 3215 2170 wie abstrakt und erkenntnismäßig Falkeniers,
1460 2155 2281 2235 Herr Max von Reißenberg, Juweliersohn.
429 2165 1328 2230 standen sein. Jedenfalls werden sich die von
2333 2168 3217 2223 des einzig und wirklich von ihr Geliebten,
1453 2201 1996 2279 „Komödie der Verführung“.
2340 2216 2619 2283 Wandlung ist.
431 2225 1329 2276 den oberen Zehntausend noch übrigebliebe¬
432 2266 1328 2333 nen Fünfhundert mannigfach an Personen
2362 2262 3209 2336 Er, der Alte — sie, nicht mehr neu — wie
426 2307 1326 2380 aus der Wiener Gesellschaft erinnert fühlen.
1459 2301 2301 2379 Der zweite Akt ist vornehmlich diesem Ver¬
2333 2320 3086 2393 können sie da noch zusammenkommen!
417 2358 1322 2428 Der Prinz Arduin zum Beispiel, der im
1429 2359 2308 2442 führer wider Willen — oder mindestens ohne
2358 2372 3206 2461 Und sie ertränken sich auf poetisch-roman¬
1428 2408 1867 2474 Absicht — gewidmet.
420 2406 1327 2477 ersten Akt das verhängnisvolle Sommerfest
2324 2423 2920 2496 tische Methode beide im Meer.
424 2463 1328 2514 gibt, auf dem der ungelebte Bund zwischen
1447 2456 2303 2532 Er gaukelt von einer zur andern, von Aurelie
2359 2461 3211 2529 Das ist die andere, tragischere „Komödie der
430 2506 1313 2568 dem Helden und der Heldin zum ersten Male
1425 2518 2306 2571 zu Judith, der schönen jüdischen Fabrikantens¬
2323 2526 3200 2589 Verführung“, in diesem Stücke, wo gleichsam
422 2556 1314 2610 geknüpft wird, könnte leicht den Prinzen von
1427 2568 2302 2630 gattin, deren Mann vom Geliebten (Staats¬
2321 2568 3213 2653 ein Ernstfall und ein grotesker demselben
413 2601 1323 2673 Parma zum Vorbild haben. Der Maler
1431 2613 2300 2671 anwalt) soeben eingekastelt wurde, und von
2323 2617 2835 2696 Wort als Exempel dienen.
415 2643 1325 2715 Gysar, der von jeder seiner Auftrag¬
1427 2652 2312 2705 ihr zur Seraphine, dem richtigen warmen
413 2703 1311 2753 geberinnen zwei Porträts anfertigt, ein
1426 2705 2314 2770 Wiener Mädel aus der Liebelei-Atmosphäre.
2357 2710 3204 2820 Eine wienerische Tragigroteske der Erleb¬
418 2753 1305 2820 dezent-offizielles und ein phantasievoll.
1425 2756 2311 2816 Drei Frauen — drei Schauplätze. Und immer
2323 2786 3196 2851 nisangst. Aber Schnitzler, dessen
424 2783 1316 2864 veristisches, den Modemaler John Quincy
1421 2803 2294 2865 dasselbe Thema variiert: vom jungen Mann,
2319 2852 3202 2902 Schwächen seine Stärken sind, hat sie anders
425 2850 1317 2910 Adams. Der junge Schwerenôter (Juwelier
1422 2855 2297 2911 der eigentlich die Lorbeeren anderer pflückt,
2318 2877 3204 2965 gestaltet: nämlich ernsthaft, als Erlebnis.
423 2904 1315 2962 vom Kohlmarkt, Verführer ohne Don Juan¬
1423 2897 2294 2958 dem Verführer, dessen Verdienst lediglich
419 2940 1313 2988 Dämonie, sondern lediglich aus einer ver¬
1422 2953 2297 3008 darin besteht, daß er „immer grad da ist“.
2345 2947 3199 3022 Denn das ist ja sein dichterisches Kenn¬
412 2990 1311 3064 hecrenden Gabe zur Nettigkeit) einen bekann¬
1427 2993 2298 3060 Der Profit des harmlosen Hübschlings an den
2311 2978 3205 3066 zeichen und dadurch bleibt er auf geistige
1432 3039 2295 3107 Verworrenheiten, welche die anderen gestiftet
414 3042 1014 3105 ten Wiener Juwelen-Patrizier.
2312 3049 3204 3127 Kosten ein solcher Meisterschilderer der
446 3080 1307 3161 Die Salons werden viel zu tuscheln haben.
1494 3094 3192 3156 graziöse Interpretierung des in Wien so Wiener Gesellschaft: daß er ihren Geschöpfen
1429 3135 2790 3200 häufigen und schicksalshaften Typus des kritiklos gegenübersteht.
3042 3146 3159 3214 ak.
445 3178 894 3258 Inhalt der drei Akte:
1471 3199 3130 3275 #
437 3234 1308 3308 Besagtes Sommerfest beim besagten Prinzen
408 3260 1312 3358 Ardnin. Durcheinander erotischer Charaktere,
413 3331 1301 3409 Im Mittelpunkt stcht Aurelie, Typus: rätsel¬
402 3380 1304 3451 hafte, warmblütige Donauschönheit — eine
402 3439 1302 3494 vom Stamme derer, die den Schubert in der
407 3487 1295 3545 Seele und einen Altenberg zu Knien haben.
403 3519 856 3595 (Frau Wohlgemuth.)
436 3568 1294 3652 Einem Drang ihres exzentrischen Herzens
407 3622 1301 3698 folgend, beschloß sie, heute nachts, Schlag
402 3675 1296 3747 zwölf Uhr, ihren drei herbeschiedenen Ver¬
407 3725 1164 3782 ehrern mitzuteilen, wer ihr Wort hat.
435 3780 1312 3845 Und siehe da! — ein Mann mit dem fremd¬
399 3820 1299 3902 artigen Namen Falkenier (Herr Aslan), Mau¬
