3204 4224
2596 -8 3154 65 Dr. Hans Hümmeler.
257 9 301 65 2
334 -30 1872 97 KUINS Tu WISSENSCHAFT
165 26 282 99 6
797 84 871 140 1
2235 83 3185 142 — Berliner Theaterbrief. Das „Deutsche Opern¬
2179 136 3183 182 haus“ sucht Anbahnung an Otto Klemperer. Seine
2184 171 3183 227 Gattin, Johanna Klemperer, sang dort als
1158 169 2163 220 stärker hält als die Kraft sich bewährender Frauen¬
319 171 908 254 „Die heilige Johanna“
2186 213 3181 256 Gast; sie hat als wertbeständiger Koloratursopran
1157 218 2161 272 liebe. Aus Angst vor den Möglichkeiten gibt er sie
194 246 1130 306 Die Intendantur des Staatstheaters hat nach einer
2186 257 3180 308 alle Mittel, deren sie bedarf. Selbst mit Mozart
1145 249 2161 303 preis; sie wurden infolgedessen zu Wirklichkeiten,
169 292 1128 330 Zuschrift „Die heilige Johanna“ von Bernand Shaw zur
2181 294 3178 350 steht sie in bestem Einvernehmen, dessen „Figaro“
1146 296 2156 347 die im Tod ihre Erledigung — Sühne ist wohl nicht
971 316 1006 346 7
168 333 1121 369 Aufführung angenommen. Das Werk, das in Dresden
2183 333 3182 381 endlich wieder die Bühne erheitert. Aber es ist
1143 333 1618 385 der richtige Ausdruck
1611 342 1700 381 —
1691 335 2164 380 finden. Diese Lösung
165 359 1133 393 und Berlin in Szene ging. wird demnächst in der In¬
2186 365 3181 420 nicht immer der rechte Mozartton, das lieblich
1152 377 2167 432 wirkt überstürzt, unwahrscheinlich, theaterhaft, nicht
156 394 1134 442 szenierung des Intendanten Dr. Hagemann im „Großen
2182 410 3187 460 neckische Spiel, das sie trifft. Sie hatte neben Ka¬
1153 412 2163 467 zum mindesten durch die fast skurrile Häufung der
154 428 754 481 Haus“ zur Darstellung kommen.
2187 450 3193 485 pellmeister Paul Breisach den Hauptanteil am
1160 454 2157 495 Zufälle im Schlußakt; so wirkt denn die Katastrophe
145 464 1125 522 Die Nachricht von der Aufführung dieses Werkes
2188 486 3183 538 Erfolg des Abends. — Wenn man diese Vorstellung
1158 489 1745 542 fragwürdig und sentimental.
110 513 1134 575 bedauern wir; denn es gibt wenige Werke, die dem
2184 525 3178 575 musikalisch bewertet, so erheischt die Kunst Brei¬
1189 524 2165 566 Sollte es überhaupt anders sein? Kann es an¬
111 547 1127 597 katholischen Glauben so schaden können, wie eben
2185 559 3193 608 sachs, des Mozartkenners, besondere Aufmerksam¬
1148 571 2162 615 ders sein, wenn das Leben als eine „Komödie der
2187 599 2303 649 keit.
117 593 1127 634 dieses. Deshalb ist es gut, wenn der gläubige
2373 602 3180 651 Die „Große Volksoper“ sucht sich Leo
1157 606 2161 660 Verführung“ hingestellt wird? Man könnte sogar
117 635 1133 682 Christ über dieses Thema unterrichtet ist. Shaw
2176 639 3189 699 Blechs zu versichern. Sie ist einmal ein witziges
1142 650 2158 700 das Wort „Verführung“ mit gutem Recht antasten;
113 675 1129 724 ist oft ein feiner, geistreicher Spötter; aber diese
2177 686 3189 735 Institut. Vor zwei Jahren zog sie noch obdachlos in
1144 684 2164 728 denn eigentlich gibt es hier weder Verführer wie
119 715 1125 753 Geschichte von der Jungfrau von Orleans, der hei¬
2179 725 3184 777 zweifelhaften Lokalen gastierend umher; heute steht
1150 722 2155 777 Verführte; es ist zu viel Selbstverständlichkeit und
108 758 1133 800 ligen Johanna, die wegen Ketzerei als Hexe im
2178 758 3182 808 sie in der Reihe der führenden Kunstinstitute Groß¬
1154 763 1223 808 zu
1232 769 2152 824 wenig blutgebürtige, nicht hirnentstammte
111 791 1127 842 Jahre 1431 verbrannt, ein Menschenalter später
2174 794 3187 851 Berlins. Soweit kann es Opferwilligkeit und Ener¬
1149 803 2160 856 Leidenschaft in dieser gegenseitigen Hingabe der
108 830 1124 878 schon rehabiliert wurde, schließlich im Jahre 1908
2176 833 3189 890 gie bringen. Die erste Tat, die Blech vollbracht,
1146 844 2157 897 Geschlechter. Hin und wieder überrascht die Fein¬
112 868 1124 910 heilig gesprochen, ist nur aus tiefer Gläubigkeit
2167 878 3185 925 galt Mozart. Hans Strohbach unterstützte ihn dabei
1148 878 2162 920 heit der Dialektik, das Florettfechten der Worte und
110 908 1130 961 hexaus zu verstehen; die Historie in ihrer Schuld
2176 915 3178 966 mit einem wirksam kontrastierenden Bühnenbild.
1142 916 2156 971 der an der Psychoanalyse geschulte Scharfblick für
112 950 1132 992 und Sühne zu gestalten, dazu bedarf es mehr als
2176 949 3189 1009 Mozarts „Don Juan“ wird selten szenisch wie
1143 961 2155 1012 geheime Grundströmungen des Seelenlebens, aber
110 989 1122 1031 nur gesunden Menschenverstand, mehr als frivoles
2171 993 3189 1046 musikalisch voll erfaßt, hier war es der Fall. Auch
1142 1003 2150 1044 das entschädigt nicht für die innere Unglaubhaftig¬
104 1029 1124 1073 Freidenkertum. Dazu gehört ein begeisterungs¬
2174 1035 3145 1077 die Solisten ließen wenig zu wünschen übrig. —
1138 1040 2153 1088 keit der Handlung und Zeitstimmung, den Mangel
112 1065 1132 1101 fähiges Herz, heroischer Mut und zu allererst feste
2175 1078 3182 1134 In der „Volksoper“ gastierte das bekannte Dia¬
1143 1081 2157 1122 an Architektonik und die Nichtigkeit des Liebesge¬
109 1102 1123 1157 Verankerung im Glauben der katholischen Kirche.
2180 1118 3183 1156 ghilewballett. Für uns ist der russische Tanz ein
1146 1123 2149 1167 plänkels. Es ist Dichtung in diesem Stück. gewiß.
113 1145 1127 1187 Shaw bewundert diese Kirche, er hat sich mit Sorg¬
2178 1158 3184 1196 Ereignis, weil er Nationalgut und dazu noch ein
1146 1167 2161 1214 aber als Ganzes ist es nicht Dichtung, obwohl das
112 1181 1126 1233 falt in ihr Wesen vertieft, die Akten des Prozesses
2181 1195 3184 1242 Stück Kulturgeschichte darstellt, Aber die deutsche
1147 1195 2154 1238 Werk als Buch im Verlag S. Fischer=Berlin er¬
102 1227 1122 1273 scheinen ihm vorgelegen zu haben; denn die Objek¬
2178 1230 3183 1282 Ballettschule ist auch nicht mehr allzusehr im Rück¬
1152 1232 2109 1287 schien, der sonst sehr auf Qualität eingestellt ist.
104 1266 1113 1308 tivität, deren er sich befleißigt, ist auf den ersten
2176 1272 3186 1324 stand gegen die früheren Jahre. Man wäre ganz
1186 1276 2155 1321 Die Aufführung unter der Regie von Dr. Bux¬
115 1297 1125 1347 Blick bewundernswert wie grausam. Aber dann
2165 1311 3188 1358 zufrieden gewesen mit dem, was man bot, hätten
1148 1314 2147 1358 baum war im großen Ganzen gut vorbereitet:
100 1342 1118 1384 zeigt sich, daß diese Objektivierung doch nur äußer¬
2172 1351 3185 1402 die Gäste nicht zu große Versprechungen gemacht.
1138 1357 2162 1409 durch einige Streichungen waren manche Längen
101 1389 1124 1431 liche Oberfläche ist; zur tieferen Erkenntnis des
2238 1387 3186 1434 Im Staatlichen Schauspielhaus hat Jeßner
1148 1394 2151 1444 und Schwächen des Stückes beseitigt. Die Bühnen¬
110 1423 1124 1478 Mittelalters und der Kirche ist er nicht gekommen.
2167 1432 3191 1492 die „Wallenstein=Trilogie“ durch seine unerhörte
1148 1429 2157 1489 bilder, einfach und nur das Wesentliche betonend,
110 1461 1126 1505 Ueberall blitzt die Persönlichkeit durch, in kecker
2171 1468 2956 1522 Regiekunst zu neuem Leben erweckt. —
1152 1471 2149 1530 waren recht ansprechend. Die Leistungen der Dar¬
2948 1470 3183 1524 Groß war
109 1493 1122 1544 Frivolität schiebt er seine Bonmots, die eigene
2178 1511 3189 1561 auch der Erfolg im Theater an der Königgrätzer
1153 1508 2154 1568 steller hielten sich durchweg auf einer Höhe, die vor¬
106 1540 1125 1577 höchst individuelle Ansicht über Religion den Wür¬
2171 1543 3187 1600 Straße wo man Strindbergs „Erich XIV.“ mit
1156 1552 2155 1589 übergehend über die Gezwungenheit des dramati¬
107 1573 1121 1628 denträgern der Kirche unter, Shaw hat in manchem
2175 1582 2931 1649 Ernst Deutsch in der Titelpartie gab.
1156 1586 2155 1642 schen Gefüges hinwegtäuschte. Thila Hummel
109 1613 947 1678 die Erkenntnis, aber in nichts die Liebe.
1145 1629 2162 1668 machte aus der Rolle der Gräfin Aurelie alles, was
2199 1619 3181 1686 Selten ist die Berliner Philharmonie so mit
1149 1671 2154 1713 daraus zu machen war; es gelang ihr sogar, mit der
142 1665 1113 1716 Eine dramatische Chronik in sechs Bildern und
2173 1667 3172 1719 Dirigenten angefüllt gewesen als gegenwär¬
1143 1705 2154 1761 ihr eigenen eminenten Gestaltungskraft das rätsel¬
2169 1708 3185 1754 tig. Jeder will zeigen, was er kann, jeder will es
100 1709 1121 1761 einem Epilog, so ist das undramatische, steife Stück
1140 1744 2147 1794 hafte Wesen dieser Frau einigermaßen verständlich
2166 1748 3174 1804 besser wissen. Diesmal ist es Otto Klemperer,
106 1746 1120 1803 vorsichtig benannt. Es beginnt damit daß die
1140 1784 2149 1841 und ihrer Gestalt zu einer tragischen Wirkung zu
2169 1787 3180 1845 der es besser weiß als all die andern. Wir haben
95 1803 1122 1844 Hühner des Schloßhauptmanns Robert von Bau¬
1143 1827 2148 1882 verhelfen. Ihr stand der Freiherr von Falkenir
2163 1832 3187 1875 viel Bruckner in der letzten Zeit zu hören bekom¬
106 1840 1124 1885 dricourt keine Eier legen wollen, und siehe da, als
1144 1857 2149 1912 Kurt Sellnicks ebenbürtig zur Seite. Bernhard
2174 1866 3185 1926 men, aber so, wie ihn uns Klemperer vermittelt
98 1870 1124 1923 der energische Junker das Mädchen aus Lothringen
1139 1904 2156 1958 Herrmann überraschte als Prinz Arduin mit
2165 1908 3183 1968 hat, kannten wir ihn noch nicht. Zumal die riesige
99 1917 1124 1964 zum Dauphin ziehen läßt, da erscheint der Ver¬
1144 1941 2152 1986 einer treffenden Darstellung des blasierten Welt¬
2165 1950 3185 2005 achte Symphonie, die ja am meisten dazu angetan
105 1946 1125 1999 walter wieder gleich mit fünf Dutzend Eier. Diese
1146 1982 2155 2037 mannes. Gustav Schwah gab den Dichter Ambros
2171 1993 3181 2047 ist das Wesen der Brucknerschen Musik zu ent¬
100 1991 1123 2049 Episode ist für die Methode Shaws sehr bezeich¬
1149 2016 2146 2078 Doehl mit feiner Zurückhaltung, die dessen vor¬
2168 2022 3186 2085 schleiern. Unter Klemperer wächst, das monumen¬
106 2026 1124 2082 nend. Er zwinkert mit den Augen: Seht so pas¬
1144 2055 2147 2105 nehme Sinnesart inmitten einer leichtlebigen Um¬
2161 2069 3183 2121 tale Tonwerk ins Unendliche. Er baut auf, reiht
103 2059 1117 2116 sieren die Wunder! Und ein Erzbischof in der
1140 2103 2147 2158 gebung sympathisch hervorhob. Als eigenständige
2159 2104 3177 2147 die zerklüfteten Felsblöcke aneinander, gibt ihnen
109 2107 1117 2151 nächsten Szene erläutert dann, was der Spötter
1136 2148 2152 2193 und tüchtige Kraft zeigte sich Friedel Nowack in
2165 2147 3178 2199 eine neue Form. haucht ihnen Leben ein und sieht
100 2150 1120 2201 unter Wunder versteht. Es ist das eine ganz raffi¬
1136 2182 2150 2220 der Rolle der Seraphine: aut waren auch die beiden
2170 2186 3177 2233 zum Schluß den herrlichen Bau den er aus eigener
97 2191 1115 2229 nierte Art, die Wundergabe des Mädchens zu ver¬
1139 2214 2148 2272 Schwestern Indith und Julia non Guhrnn Ka¬
2166 2217 3185 2280 Kraft hat erstehen lassen, der ihm über den Kopf
104 2229 1114 2283 spotten und das Wunder rationalistisch zu er¬
1139 2258 2147 2303 bisch und Hilde Wernburg. August Momber
2165 2256 3185 2319 gewachsen ist, der wie ein gewaltiger Dom in die
98 2253 1121 2315 klären. Es ließen sich noch mehr Beispiele dafür
1143 2292 2151 2345 spielte den Maler Gysar mit verhaltener Dämo¬
2169 2301 3185 2357 Wolken ragt. Es wird sich ja zeigen, wenn Blech
104 2313 1124 2357 anführen. Johanna erscheint dann vor dem Dau¬
1139 2337 2141 2384 nie. Mar Andriano den Kammersänger Eltains
2168 2332 3182 2385 nun an die Wiener Staatsover geht. ob Klemperer
90 2339 1123 2388 phin und krönt ihn schließlich in Reims. Unter¬
1136 2373 2145 2428 Fenz mit der Pose des „jugendlichen“ Alten. Da¬
2163 2386 3179 2437 nicht den rechten Wirkungskreis in Berlin finden
96 2379 1121 2425 dessen sind wir auch schon mit den treibenden Kräf¬
1146 2410 2147 2454 gegen bedeutete die Darstellung des Mar von
2162 2419 3178 2478 wird. Denn Bruno Walter will auch nicht seßhaft
92 2423 1119 2480 ten im englischen Lager bekannt gemacht, mit dem
1148 2448 2143 2499 Reisenberg eine ziemliche Enttäuschung: Wolfaana
2168 2454 3183 2515 werden, obwohl man ihn in jeder Weise zu ge¬
100 2457 1110 2513 Kaplan von Stogumber und dem Oberfeldherrn,
1137 2492 2149 2542 Langhoff gelang es nur selten, der Person des
2173 2499 3179 2534 winnen sucht. In der Philharmonie dirigierte er
97 2503 1124 2552 dem Grafen Warwick. Sie sinnen auf Mittel und
1148 2532 2147 2588 „Herzensbezwingers par excellence“ bezeichnende
2176 2535 3179 2592 unverdrossen Mozart. Er macht nicht gern viel
98 2539 1122 2596 Wege, die Jungfrau zu verbrennen, zwar im hart¬
1149 2575 2154 2622 Züge zu geben. Und gerade diese Rolle hätte einer
2169 2578 3170 2632 Lärm um eine Sache er begnügt sich mit einem
96 2580 1120 2635 näckigen Kampf mit dem Bischof, aber schon hat
1144 2611 2144 2671 vorzüglichen Darstellung bedurft. Trotzdem konnte
2161 2613 3166 2675 Stilvrogramm. Sich selbst schmeichelnd, lacht er vor
94 2618 1108 2665 man das Gefühl, daß sie Recht behalten werden.
1132 2649 2142 2701 der Reaisseur die Aufführung als Erfolg buchen;
2173 2653 3176 2705 sich hin, wenn es gilt, die sonnige Partitur eines
107 2657 1121 2698 Schließlich das Inquisitionsgericht mit Bischof und
1140 2693 2139 2740 das Publikum, wie immer, beifallsfreudig, klatschte
2173 2698 3176 2739 „Till Eulenspiegel“ zu beleben, ernsthaft wird er
100 2694 1123 2749 Inquisitor, den Kirchenrechtslehrern und den Do¬
1140 2729 2141 2786 lange den Darstellern seine Anerkennung, darin
2169 2735 3178 2790 wieder bei Schuberts großer C=dur=Symphonie, der
98 2736 1110 2795 miniranermönchen. Diese Szene ist am dramatisch¬
1137 2769 2145 2809 das Zischen einiger weniger unterging; das schien
2160 2767 3173 2831 er ganz ungekannte Klangreize abzugewinnen weiß.
97 2774 1111 2819 sten angelegt, es kommt zu einem langen und zähen
1140 2809 2146 2855 allein dem Stück selbst zu gelten. Wäre auch der
2156 2808 3168 2862 Auch der Aachener Generalmusikdirektor Peter
96 2819 1108 2859 Disput mit der Jungfrau. Sie soll bekennen, daß
1143 2846 2134 2897 Beifall zu verstehen, so wäre das im Interesse des
2158 2848 3172 2901 Raabe erwies sich als außerorbentlicher Orchester¬
99 2853 1119 2902 die Offenbarungen und Visionen vom Teufel
1134 2887 2141 2939 Ruses des Wiesbadener Theaterpublikums zu be¬
2163 2883 3164 2939 dirigent. Er scheint etwas bizarr. Kurze, eckige,
95 2893 1109 2943 stammen, und unterschreibt schließlich auch den vom
1139 2921 1312 2974 dauern.
2160 2930 3168 2982 aber recht intensive Zeichengehung charakterisiert
98 2939 1105 2986 Gericht aufgesetzten Widerruf. Daraufhin zu
1173 2968 2134 3019 Damit könnte es nun sein Bewenden haben,
2162 2967 3176 3031 ihn. Mit Rudi Stephans Orchestermusik führte er
100 2961 1120 3004 lebenslänglicher Gefangenschaft verurteilt, zerreißt
2198 3005 2261 3049 ch
1138 3000 2141 3061 wenn nicht der, welcher das Theater als Kultur¬
2251 3009 3175 3067 vorteilhaft ein. Auch die verwagnerisierte
102 3006 1109 3069 sie das Papier in Fetzen und geht standhaft, als
1148 3042 2137 3085 stätte und nicht als Unterhaltungstemvel wertet.
2161 3029 3173 3106 siebente Symphonie von Anton Bruckner erhielt
98 3042 1112 3100 rückfällige Ketzerin aus der Kirche gestoßen, in den
1131 3078 2139 3129 die Pflicht hätte, nach dem kulturellen Wert eines
2166 3081 3176 3134 ihre Schwungkraft. Zwischendurch spielte Marga¬
101 3086 1115 3135 Feuertod. Ein angeklebter, ganz unkünstlerischer
1138 3117 2137 3174 solchen Abends zu fragen. Und da versagt diese
95 3115 1107 3178 Epilog zeigt sie als Siegerin über ihre Widersacher,
2156 3132 3170 3172 rete Witt Strauß' Klavier=Burleske. Mehr Noten
1136 3159 2141 3202 „Komödie“ völlig. Was soll uns, die wir durch das
2158 3166 3178 3209 als Töne! Elln Ney mußte man dabei vergessen.
98 3172 1112 3217 und ein geistlicher Herr im Habit überbringt ihr
1138 3199 2138 3242 Erlebnis eines blutigen Krieges und bitterer Not
2169 3205 3176 3258 Nachhaltig wirkte auch der zweite Beethoven¬
106 3204 1105 3277 mit amtsgemäßer Miene das Dokument der Heilig¬
1135 3238 2145 3276 hindurchgegangen sind, heute eine derartig ange¬
102 3240 332 3314 sprechung.
2168 3241 3175 3303 Abend Georg Schneevoigts. Sonderbar, daß das
1138 3277 2137 3330 faulte, blasierte und willensmübe Welt? Ihre
2163 3283 3174 3338 Ausland uns Beethoven vermitteln muß! Schnee¬
133 3278 1109 3342 Vom katholischen Standpunkt aus müssen wir
1143 3319 2137 3369 Lebens. kunst“ widert uns an, und wir sind geneigt,
2168 3325 3174 3364 voigt ist neben Furtwängler der einzige Könner
95 3337 1112 3378 gegen die Aufführung der „Heiligen Johanna“ un¬
1134 3359 2133 3415 diese pathologische Blicknerengung einer dekadenten
2162 3356 3177 3415 dieser ewigen Musik. Artur Schnabel svielte das
100 3372 1112 3426 bedingt vrotestieren. Denn die Objektivität
1139 3397 2136 3452 Schicht, die in der Fülle der Welt nur das Ge¬
2157 3403 3175 3439 G=dur=Klavierkonzert. Seine natürliche Vortrags¬
103 3410 1121 3462 ist nur Glätte, die in der äußerlichen Abwicklung
1139 3435 2142 3485 schlechtliche sieht und jede Liebeserregung so furcht¬
2157 3439 3175 3500 weise, seine aller Bravour bare Technik, sein war¬
90 3454 1121 3502 getreue Historie nur Vorwand, damit Shaw die
1141 3472 2136 3522 bar wichtig nimmt, lächerlich zu finden. Wir glauben
2161 3480 3167 3525 mer, gesunder Ton machen an ihn glauben. In
100 3490 1104 3536 eigene, ganz und gar antireligiöse Weisheit an den
1134 3506 1255 3559 nicht
1247 3515 2138 3568 an die unüberwindliche Allgewalt der
2150 3521 3174 3575 der Singakademie hörte man ebenfalls vollendete
96 3526 1114 3573 Mann bringt. Gleichgültig ist uns, wenn er seine
1140 3533 2133 3603 „dunklen, ewigen Strömungen, die unaufhörlich
2158 3558 3161 3606 Klaviermusik. Sergei Tager brillierte mit eminent
99 3567 1115 3606 Landsleute verhöhnt, aber er hat kein Recht, reli¬
1139 3586 2138 3632 fließen von Mann zu Weib und von Weih zu
2152 3595 3166 3639 virtuosem Können und höchst interessantem Pro¬
98 3616 1109 3658 giöse Gefühle zu beleidigen. Gerade weil er es so
1132 3626 2134 3677 Mann“ und unsere Sympathie gehört durchans
2165 3634 3167 3684 gramm. Fritz Hans Rehbold meisterte die klas¬
101 3646 1111 3691 versteckt tut, weil die Lästerung gleichsam in Skepsis
1132 3674 2133 3724 nicht „der Vielfältigen, Unerschöpflichen, Herrlichen,
2158 3679 3170 3736 sische Literatur. Von Sängern bleibt Rudolf Ga¬
104 3686 1118 3731 und Ironie hinter den Zeilen lauert, weil das
1141 3710 2138 3752 die geschaffen ist, sich zu verschwenden und in aller
2157 3714 3093 3771 lena=Ruckers mit seiner kräftigen Naturstimm#
98 3720 1120 3765 ganze Stück mit einem fast zynischen Rationalis¬
1128 3742 2141 3798 Verschwendung sich im Innersten stets zu be¬
2152 3749 3157 3801 Erinnerung und die liebliche Cida Lau mit ihrem
92 3760 1108 3805 mus durchtränkt ist, der den Katholizismus mehr
1140 3783 1412 3832 wahren“ (!).
1405 3776 2130 3837 Das ist Gallert, aus dem unser
2159 3793 3163 3853 kultivierten Gesang und Novitätenprogramm. Den
89 3800 1111 3850 als kluge Ausgeburt menschlichen Geistes hinstellt
1142 3823 2133 3878 niedergebrochenes Volk schwerlich neue Kraft
2156 3833 3170 3886 Geigerprimas Vecsey löste Hubermann ab, der mit
99 3845 1106 3886 als irgendeine philosophische oder religiöse Relation,
1126 3863 2138 3901 ziehen kann. Gab es wirklich nichts Wertvolleres
2161 3869 3164 3925 Goldmarks Violinkonzert seine ganze Künstlerschaft
92 3870 1111 3929 deshalb ist es abzulehnen. Auch künstlerisch ist der
1137 3902 2325 3947 an neueren dramatischen Werken, das unserem Zeit= erwies.
2931 3910 3130 3969 H. R. G.
104 3917 1112 3968 Wert nicht bedeutend. Shaws Kraft reicht immer
104 3957 1116 4001 nur für ein Theaterfeuilleton aus, für mehr nicht;
230 3993 287 4026 ar
784 3994 1003 4027 eie Blomos
508 3996 772 4043 Wigeniljesen
1031 3998 1104 4032 hea
