3392 4352
369 518 3259 670 Nr. 117 (XXVI. Jahrgang). I. November-Hälfte 1924. Preis 2000 K (— 13 Goldheller).
736 752 1074 850 Menst
753 897 3070 1019 Raguchhiaduee de Vümtdekktaaefe
767 1002 3042 1117 Eigentümer u. Herausgeber. Karl Ed. Klopfer. Commandit-Verlag Klopfer & Comp. Wien, VIII., Skodagasse 28. Telephon Nr 23-1.87.
664 1084 3038 1184 1  Abonnement (kann m. jed. Nummer beginnen). 15.000 K für 10 fortifde. Nummern mit Postversandt: ohne Theaterzettel. Man verlange Erlagschein.
577 1104 652 1181 —
262 1145 3364 1296 Sateschlid dierer Nemmer, 21. Olioher, Die meichete eiel en 1e. Vorthe ingereben. — bel uienti, deltein ier der Pechiteuet vrerbonten
1278 1313 2331 1387 Das hätte die böse Angelegenheit ja in Ord¬
2318 1330 3368 1403 (König) usw. usw. Der Hausherr Prinz Arduin
1284 1364 2337 1443 nung gebracht, wenn darauf auch die Ehescheidung
381 1309 1218 1465 Komödie der Verführung
2329 1382 3359 1461 (Hennings), den wir uns in seiner goldverschnür¬
1289 1408 2327 1487 erfolgt wäre. Aber das gräfliche Ehepaar blieb
2312 1439 3353 1498 #ten Uniform eines österreichischen Generals der
268 1444 2336 1537 in drei Akten von Arthur Schnitzler. (Ur-beisammen — vielleicht zwei Verdammte, die in
2315 1477 3357 1558 Kavallerie ungefähr als einen Modena-Este vor¬
267 1502 1305 1582 aufführung im Burgtheater Samstag, den 11.
1296 1514 3360 1600 der gemeinsam geschleppten Kette eine gemein-zustellen haben, erscheint in der Begleitung des
261 1547 524 1617 Oktober.)
1283 1546 2325 1627 same Schuld abbüßen müssen — und „quülte sich
2311 1573 3361 1655 Dichters Doehl (Andersen), der sich im Scherz
348 1592 1295 1673 An der Spitze des Personenverzeichnisses
1298 1610 3361 1713 gegenseitig zu Tode“. Uber Aurelie, die um diese das Amt eines „Geheimrevolutionärs“ bei dem
251 1639 1304 1723 und von den anderen Rollen etwas getrennt stehen
1298 1663 3366 1756 Zeit vor ihrer Mündigkeit stand, übernahm ein Prinzen zuspricht. Auf andere Weise war vor
256 1709 1302 1780 drei einfache Frauennamen: Aurelie, Judith,
1304 1710 3360 1803 Freund ihres Vaters, der verwitwete Freiherr v.Idem Krieg ein ehrenhaftes Verhältnis zwischen
261 1747 1303 1813 Seraphine. Wir sollen sie wohl als Typen be¬
1291 1755 2325 1819 Falkenir, eine kurze Vormundschaft. Auch in
2321 1779 3363 1844 einem modernen Poeten und einem so hohen
264 1799 1294 1875 trachten, abseits von ihren Beziehungen zu den
1293 1806 2324 1878 dessen Haus waren eheliche Unstimmigkeiten zu
2313 1822 3355 1892 Herrn nicht zu erklären. (Daß ein Gigerl von
252 1853 1295 1921 übrigen Personen. Aurelie könnten wir als das
1291 1858 3359 1948 einem krassen Abschluß gekommen. Seine Frau Rittmeister die Bemerkung macht, Seine Hoheit
258 1906 1300 1972 Weib der Antike, des heidnischen Sonnenkults
1293 1902 2323 1972 beging Selbstmord. Darauf hat er die Diplomaten¬
2316 1921 3354 1987 lasse sich gern herab und der Maler Gysar ihm
253 1959 1299 2018 nehmen, ein Mädchen aus der Fremde in der
1289 1949 2327 2014 laufbahn verlassen und sich nach Rom zurückgezo¬
2314 1970 3348 2045 darauf erwidert, daß es vielleicht der Dichter
255 1998 1300 2072 modernen Umwelt und sich selber befremdend,
1297 2006 2316 2068 gen, um gelehrten Studien zu obliegen. Heuer
2316 2019 3354 2085 sei, der sich zu dem Prinzen herablasse, ist von
262 2054 1300 2117 wenn sie, die gesellschaftlich in den Satzungen
1294 2062 2324 2113 (man schreibt 1914) ist er im Fasching wieder
2317 2067 3352 2143 der Hauszensur des Burgtheaters gestrichen
251 2094 1297 2172 des Hochadels wurzelt, die Freiheit ihrer Seele
1289 2098 2327 2168 in Wien aufgetaucht und auf einem Ball im
2320 2117 3355 2193 worden, was man vielleicht wieder als Anzeichen
256 2154 1294 2217 gegen das eigene Blut verteidigen muß. — Aus
1298 2149 2317 2218 Hause der Fürstin Degenbach recht unvermutet
2311 2168 3357 2250 nehmen könnte, daß man sich dort auf die
255 2192 1305 2263 ferner Urheimat kommt auch die Judith, doch
1290 2201 3350 2291 deren Nichte: Aurelie Merkenstein wiederbegeg- Wiederherstellung der „alten Verhältnisse“ ein¬
253 2246 1303 2312 kein Mädchen aus der Fremde in der Börsen¬
1285 2247 3357 2336 net. Wie Märchenzauber ging’s von der Vielum-richtet — leider nur nicht auf die Wieder¬
257 2297 1291 2360 welt, mit der sie verschwägert ist, und wenn
1283 2305 3359 2372 schwärmten aus, die Alles in's Unwirkliche hob herstellung des alten Burgtheaters.) Der Prinz
252 2342 1298 2417 wir im Verlauf der Begebenheiten erfahren, daß
1285 2349 2319 2413 und paradiesische Fata Morgana an die Stelle der
2312 2362 3350 2444 spricht vor Doehl seinen Zweifel aus, daß Aurelie,
252 2388 1286 2461 ihr Familienname Asrael lautet, so erkennen
1292 2399 2319 2464 räsonablen Realität setzte. Wer hat da das Diktum
2308 2415 3354 2482 die Unberechenbare, wirklich auf diesem Maifest
258 2439 1300 2506 wir zwar den semitischen A/rah als Urahn der
1283 2443 2321 2501 gefällt, Aurelie müsse in eheliche Geborgenheit
2308 2461 3350 2530 erscheinen werde. In diesem Moment nähert sich
250 2492 1292 2557 Sippen, die sich vom Asser zum Ascher moderni¬
1279 2497 2317 2561 gebracht werden? Der Hofstaat der Märchen¬
2308 2509 3347 2571 ihm die maskierte Frau Julia Westerhaus und
251 2530 1300 2605 siert haben, müssen uns aber zugleich überzeugen,
1279 2549 2328 2620 prinzessin war einmütig darin, daß ihr gezieme,
2311 2559 3285 2624 verlangt — als seine abgedanktenGelichte
1282 2583 2324 2633 sich den Gemahl zu Gäuien, und dn waien diei
250 2584 1291 2660 daß diese Dame weit abfiel vom Stamm jener
2309 2603 3355 2670 weingstens nech eine Toschleusvierteistunde: „ien
1285 2631 2312 2698 Herren, die rasch entschlossen ein Vorrecht an¬
245 2644 1291 2693 Asra, die da sterben, wenn sie lieben. —
2297 2626 3347 2710 schwöre dir, daß ich mich nicht in deinem Bett
1287 2683 2317 2739 sprachen, um ihr in der zudringlichen Menge
252 2675 1293 2749 Seraphine ist Wiener Blut von der feinsten
2303 2685 3357 2757 erdrosseln werde.“ (Dagegen hat die Burgtheater¬
1285 2734 2319 2789 der kühnen Bewerber Luft zu verschaffen; der
256 2728 1287 2794 Mischung, die man Künstlerblut nennen müßte,
2306 2742 3344 2817 Zensur selbstverständlich Nichts einzuwenden ge¬
1281 2773 2311 2839 junge Prinz Arduin von Perosa, der sie Cousine
251 2777 1292 2856 auch wenn es nicht zur Violinvirtuosin gereicht
2298 2781 3352 2856 habt.) Arduin verschwindet mit ihr, während
1284 2827 2306 2894 nennen darf und einen mehr als ebenbürtigen
252 2823 1290 2906 hätte, denn in ihm blüht und duftet die Köst¬
2306 2838 3352 2906 Doehl von Papa Fenz an seinen Tisch am Buffet
1286 2878 2305 2940 Gatten abgäbe, sodann ein ebenso junger Dichter
252 2879 1286 2941 lichkeit der Landschaft, in der Beethoven, Haydn,
2306 2891 3351 2944 gezogen wird, wo bald darauf Seraphine sichtbar
1282 2926 2316 2989 Ambros Doehl, von dessen Versen Aurelie be¬
251 2925 1296 2987 Mozart und Schubert zur Edelreife gelangt sind.
2301 2938 3343 3005 wird. Doehl — den alle Welt zum Vertrauten
1289 2977 2308 3038 rauscht ist, und schließlich — gewissermaßen
349 2986 1288 3047 Wenn man genau zusieht, sind nicht nur
2309 2992 3347 3054 macht und der darum ahnt, daß ihm das Dichter¬
1279 3024 2317 3091 als Ehrenmitglied im Bunde — der ehemalige
245 3015 1287 3105 diese drei, sondern überhaupt alle auftretenden
2310 3034 3332 3091 loos beschieden ist, mit jeder eigenen Herzens¬
1279 3066 2302 3130 Vormund Falkenir, der Mann ven Vierzig, der ihr
245 3069 1290 3138 Personen Nachkommen von Schnitzlers uns wohl¬
2310 3082 3344 3140 hoffnung enttäuscht zu werden — läßt sich einen
1283 3121 2310 3181 eine bewährte Freundeshand zum Geleite durch’s
245 3130 1290 3195 bekannten Geschöpfen, und wir sehen sie vielleicht
2301 3131 3339 3195 Strauß glühender Rosen, den er wahrscheinlich
1281 3162 2304 3233 Leben böte. Aurelie hat dieses Ergebnis einer
254 3187 1288 3242 schärfer als er selbst, der sich träumend von
2295 3181 3349 3250 für Aurelie bereitgehabt hätte, von Seraphine
1286 3217 2304 3269 dionysischen Ballnacht-Stimmung willkommen ge¬
243 3227 1289 3308 ihnen antreten ließ, wie ein größerer Dichter,
2297 3229 3343 3298 abschwatzen, als er ihr sein Kompliment über
1276 3269 2302 3331 heißen und Bedenkzeit verlangt: drei Monate,
253 3279 901 3350 der längst der Welt gehört:
2302 3276 3340 3342 ihr improvisiertes Geigenspiel macht. „Es war
1268 3303 2306 3383 in denen sie die drei gleich liebwerten Gesell¬
2297 3334 3339 3388 eine so leidenschaftliche Melodie.“ — „Phanta¬
287 3306 1268 3406 Ihr drängt euch zu — nun gut, so mögt ihr walten,
1274 3358 2308 3425 schafter nicht sehen will, um ungestört zu
289 3376 1185 3436 Wie ihr aus Dunst und Nebel um mich steigt;
2308 3374 3339 3449 sieen“, erwidert sie. „Was mein Herz mir ein¬
280 3415 1138 3469 Mein Busen fühlt sich jugendlich erschüttert
1268 3409 2302 3475 überlegen, wein sie ein ganzes Herz schenken
2303 3427 3341 3496 gab.“ — „Dann wundert es mich, daß Sie so
291 3449 1146 3523 Vom Zauberhauch, der euren Zug umwittert.
1280 3460 2314 3515 könne. Am 1. Mai muß Prinz Arduin in seinem
2302 3481 3340 3532 aufrichtig gewesen sind, Seraphine.“ (Unsinni¬
332 3482 1285 3570 Die „schwankenden Gestalten“, sie sind bei
1286 3509 2301 3571 Wiener Palais ein Parkfest zugunsten einer, von
2291 3523 3345 3592 ger Weise legt der Darsteller den Hauptton auf
240 3533 1282 3620 Schnitzler stets Menschen von Fleisch und Blut
1280 3558 2299 3627 der Fürstin Degenbach patronisierten Wohltätig¬
2294 3576 3336 3637 „Sie“, was schon das einleitende „Dann“ verböte,
249 3601 1280 3668 gewesen; darum kann er ihnen mit der nach¬
1275 3607 2309 3671 keitsaktion geben; da will man zur Mitter¬
2304 3600 3339 3691 so daß eine Sottise daraus wird.) Ihre Schwester
252 3652 1282 3720 reifenden Seelenkunde neue Lebensgeheimnisse
1278 3658 2309 3727 nachtsstunde am Schloßteich zusammentreffen, und
2296 3665 3350 3738 führt nun einen Leutnant ein, der bei Papa um
241 3697 1283 3765 abhorchen — und darüber staunen gleich uns.
1285 3706 2296 3767 Aurelie wird ihre Entscheidung bekanntgeben.
2297 3718 3335 3784 ihre Hand anhält. Das Familien-Idyll wird durch
242 3745 1299 3819 Er hat seinen Faust aus dem Don Juan-Pro¬
1367 3756 2313 3827 Der erste Akt bringt dieses Frühlingsnacht¬
2293 3767 3334 3830 zwei weibliche Masken gestört, die den alten
247 3804 1285 3865 blem entwickelt und sein Ewigweibliches nicht
1288 3799 2311 3881 Maskenfest im feenhaft beleuchteten Park des
2298 3818 3340 3879 Vokativus von Kammersänger in die Ferne
248 3840 1279 3921 zur Errettung berufen. sondern zu Don Juans
1282 3853 2309 3927 Prinzen von Perosa. Hier ist der Teich und da¬
2292 3861 3337 3924 locken. Bald darauf taucht auf dem Kiesweg am
250 3892 1281 3962 Uberwindung und zu Faustens Erleuchtung: daß
1273 3903 2303 3967 neben auf einer der Terrassen, in denen sich
2298 3916 3332 3980 Teich der berühmte Max v. Reisenberg auf (Karl
253 3935 1279 4011 einer grüblerischen Psychologie die Traumwand¬
1280 3954 2307 4022 der Park zur Höhe des Belvederes aufstuft, das
2301 3965 3332 4026 Günther, der jugendliche Bonvivant vom Deutschen
256 3990 1286 4064 ler-Sicherheit vorzuziehn ist, mit der ein richtig
1283 3998 2306 4068 Champagnerzelt der Fürstin (Witt), wo auch die
2295 4012 3341 4081 Volkstheater, der auf Wunsch des Verfassers
250 4031 1284 4105 Verliebter an allen natürlichen Abgründen vor¬
1273 4053 2307 4120 ungehende Sängerin Judith Asrael (Aknay)
2293 4054 3339 4122 engagiert worden ist). Das ist der Sohn des
254 4081 526 4150 beikommt.
1273 4095 2307 4172 Ehrendienst macht und sich nach und nach
2286 4101 3332 4163 Juweliers, der im Duell mit Graf Merkenstein
352 4124 1287 4198 Gräfin Aurelie Merkenstein ist das Schnitz¬
1263 4138 2312 4199 zwanglose Gruppen zusammentinden. Da haben
2287 4154 3329 4231 fiel, Elegant und Beau, Lebejüngling und Müßig¬
252 4170 2018 4264 a
2933 4210 3026 4262 K
3159 4212 3309 4280 B
