3392 4352
257 227 2348 348 29. Konoedie der Verfuchrung box 33/6
1323 757 2211 854 Vielleicht eineinhalb Jahrzehnte hat,
2234 786 3083 858 Weil er das falsche Theater vermeiden,
3125 794 3308 873 Man sp
348 787 3320 882 Wiener Theaterwochs, Schnitzler an seinem Verführungsdrama ge¬ wollte, das immer entsteht wenn in einer großen Rät
356 865 2168 938 Allerhand Betrachtungen über die Burgtheater=arbeitet. Es ist ja bekannt, wie er das macht.
2158 884 3061 935 größeren Gesellschaft zwei Schauspieler „heim¬
3047 883 3337 962 Stückes. Erst
355 911 1064 978 neuheit „Komödie der Verführung“.
1102 925 3054 978 Artur Er schreibt mit langsamer Ueberlegung einen lich“ miteinander sprechen sollen. Die Lüge
3056 934 3325 1002 Liebesafären
350 958 1040 1007 Schnitzler als Kriegsprophet. — 1
1076 927 1268 1002 s ist der
1270 964 2176 1017 Akt nieder und sperrt die Blätter dann in den
2167 970 3048 1024 besteht darin: Die ringsherum ganz nahe
3045 985 3313 1043 die Figuren
353 982 1274 1048 Sinn des Stückes? — Wer sind die Personen?
1260 1008 2162 1053 Schreibtisch ein. Nach Monaten nimmt er das
2153 998 3055 1068 stehenden anderen Schauspieler dürfen von dem
3052 1014 3324 1091 Gesellschaft n
434 1037 2165 1098 Die neue Dichtung Artur Schnitzlers, Manuskript wieder heraus und liest es — als
2163 1040 3065 1114 Gespräch nichts hören. Wohl aber soll das weit
3127 1067 3341 1127 Sprechen
359 1069 1276 1150 die „Komödie der Verführung“, hat sich als
1254 1093 2164 1154 ein anderer. Denn was alles hat er seither
2167 1098 3054 1149 entfernte Publikum jeden Beistrich vernehmen!
3049 1088 3339 1175 Stückes: Grä
1266 1133 2161 1196 in sich auf nommen, was alles erlebt! So
361 1132 1264 1187 ein Zugstück des Burgtheaters ent¬
2156 1130 3054 1193 Wenn nun der Regisseur die heimlich
3044 1130 3335 1214 lind einander
359 1157 1276 1245 puppt. Man kann ruhig sagen: Gegen alle Er¬
1264 1172 2163 1236 sitzt plötzlich der Kritiker Artur Schnitzler
2166 1165 3050 1244 Sprechenden möglichst weit von der übrigen
3047 1181 3326 1264 der Dichter 8#
359 1214 1273 1269 wartung der Wissenden, Gescheiten, Erfahrenen.
1259 1224 2169 1275 über den Dichter gleichen Namens zu Gericht
2163 1203 3065 1289 Gesellschaft aufstellen, sogar in einen eigenen
3053 1232 3335 1295 sterblich verl#
353 1248 1274 1319 Denn sie alle fanden, und nicht mit Unrecht,
1267 1256 2162 1317 und bessert ihn aus und zerfetzt ihn und be¬
2161 1257 3052 1324 Heimlichkeitsgang einschieben kann, so wird
3061 1278 3333 1351 fähige Liebe g
355 1291 1272 1361 dem Dichter sei wäbrend der langen Arbeit der
1267 1303 2155 1362 fiehlt ihm schließlich, die Sache anders, feiner,
2154 1307 2598 1381 diese Lüge vermieden.
3040 1315 3309 1379 für ihren
356 1343 1269 1400 Bauplan aus den Händen geglitten. Er habe
1258 1330 2164 1406 gescheiter zu machen. Und der arme Dichter
3052 1358 3306 1430 Westerhaus.
2571 1374 2650 1436 *
1262 1385 2165 1451 schleicht sich wie mit kaltem Wasser begossen
357 1384 1271 1449 Stockwerk auf Stockwerk getürmt und schließlich
3043 1405 3318 1471 Arduin die
1263 1427 2162 1490 davon und geht wieder stundenlang spazieren,
2238 1404 3057 1487 In diesem Gang gibt es nun eine höchst
344 1430 1261 1506 doch keinen wirklichen, dramatischen Abschluß
3052 1441 3347 1514 Zwischen alle
355 1468 587 1546 gefunden.
1259 1478 2162 1540 morgens und abends, von der Türkenschanze
2159 1457 3058 1539 wichtige Szene zwischen der Frau Bankpräsi¬
3053 1498 3284 1553 wahrhafte
1264 1514 2159 1583 zum Kahlenberg hinaus und wieder zurück
2155 1516 3058 1568 dentin und einem Jourgast, der sie liebt. Es
439 1501 1272 1581 Paul Schlenther hat seinerzeit Schnitzlers
3045 1533 3338 1608 kommt es nie
1264 1557 2156 1621 den alten Poetenweg, Tage und Wochen, und
2156 1566 3055 1618 ist der Herr Staatsanwalt Braunigl. Die edle
352 1555 1265 1618 Alt=Wiener Drama „Der junge Medardus“
3128 1579 3336 1653 Dagegen
2162 1602 3057 1669 Finanzgattin verspricht dem Herrn Staats¬
358 1589 2160 1665 ein „anmutiges Ungetüm“ genannt. Ein sinnt und sinnt, bis ihm das Bessere einfällt.
3051 1614 3342 1692 Judith Afra
1343 1641 2161 1701 So ist die neue Komödie Schnitzlers ent¬
2152 1650 3051 1697 anwalt, noch am selben Abend, 8 Uhr, in
349 1645 1274 1717 hübsches Wort. Es paßt ganz gut auch auf das
3045 1666 3335 1740 einem jungen
1260 1677 2155 1737 standen. Fast jede Szene ein paarmal ver¬
2147 1687 3049 1742 seiner Wohnung zu sein, wenn er bis dahin
347 1701 1264 1751 jüngste Werk des Dichters. Es zeigt sich aber
3048 1720 3335 1775 nicht lieben, d
1260 1728 2151 1792 worfen und wieder aufgelesen und um¬
2156 1725 3047 1780 ihren Gatten ein bißchen hat einsperren lassen.
357 1738 1259 1793 hier wie dort: Die Leute halten sich nicht an
3052 1750 3332 1827 teuer für imm
1247 1758 1490 1850 gearbeitet.
2154 1777 3049 1821 Frau Retty spielt überaus lebhaft die leicht¬
342 1784 1259 1843 das Ungetüm sondern an die Anmut.
3130 1811 3340 1871 Diese un
1328 1792 2162 1879 Gewiß, das Eisen muß glutheiß sein, das
2151 1811 3057 1864 sinnige Freude, von dem unbequemen Gatten
344 1810 1261 1888 Schwüle Erotik lagert über diesem Schauspiel.
3052 1841 3335 1920 was der Dicht
2156 1858 3054 1914 wenigstens für einige Zeit befreit zu sein. Bei
1261 1850 2153 1938 der Dichter schmiedet. Aber er selbst muß
353 1859 1259 1922 Frauen und Mädchen, aus sogenannten guten
1255 1894 1465 1967 kalt sein.
3049 1875 3336 1955 Liebe und die
2145 1890 3062 1975 einem Bankmagnaten läßt sich ja so leicht ein
341 1902 1255 1965 Familien, denen wir im Leben mit größter
2154 1930 2705 2003 Verhaftungsgrund finden!
3040 1928 3345 2005 einander nicht
355 1951 1272 2016 Ehrerbietung begegnen müßten — so vornehm
3046 1965 3340 2040 einer Frau ###
1331 1963 2164 2048 Die alten Römer hielten jeden Dichter
2219 1973 3052 2057 Diese Szene voll aktueller Sensationsluft
354 1991 674 2058 treten sie auf
685 2001 1272 2064 — erliegen urplötzlich einem
3052 2026 3339 2093 ihrer idealen
1262 2026 2150 2079 zugleich auch für einen Propheten und hatten
2148 2033 3054 2097 hat bei der Erstaufführung überaus stark
344 2036 1258 2093 Sinnenrausch und fallen. Fallen in die Arme
3050 2073 3299 2135 Leben fest.
1258 2073 2156 2120 für beide dieselbe Bezeichnung: vates Als
352 2081 1269 2150 eines und desselben jungen Menschen, der
2146 2083 3044 2135 gewirkt. Denn alles stand unter dem Eindruck
3043 2103 3330 2168 berauscht, stöß
1260 2106 2151 2169 solcher hat sich Schnitzler bei unserem Stück
2146 2122 3042 2181 jener Affäre, die den mächtigsten Finanzmann
353 2121 1267 2191 zum Verführer geboren scheint, denn er ist
3040 2155 3337 2211 wieder von #
1259 2159 2157 2211 erwiesen, als Prophet und Dichter. Man wird
2154 2156 3041 2218 Oesterreichs so stark mit dem Landesgerichte in
346 2169 1259 2220 hübsch, liebenswürdig, vor allem aber unbe¬
3038 2193 3339 2253 junge Geige
1264 2205 2155 2253 es kaum glauben, aber es ist doch so: Die
2154 2199 3057 2271 Verbindung brachte. Das Publikum sollte
350 2209 1260 2277 deutend. Kurz das erotische Ideal des sehn¬
1249 2242 2155 2304 Komödie endet bekanntlich mit dem Ausbruch
2142 2233 3338 2303 jedes Wort verstehen — wollte der kluge Opfer des hü
344 2245 1261 2308 süchtigen Weibes. Sieht wirklich das Ideal
3056 2281 3313 2343 Sucht nach
1258 2286 2164 2333 des Weltkrieges. Schnitzler selbst hatte aber das
347 2294 1264 2352 der Mädchen so aus? Man staunt, man wendet
2143 2294 3053 2359 Regisseur — aber wahrscheinlich gegen den
3045 2308 3336 2385 antrag zurück
1259 2330 2158 2382 Stück schon lange vor dem Kriege vollkommen
2142 2327 3051 2393 Willen Schnitzlers, dem es gewiß widerstrebt,
347 2341 1271 2400 sich ab. Aber man kann nicht böse sein, denn
3039 2353 3345 2431 von ihm unte
1245 2365 2162 2433 entworfen. Es sollte mit irgendeinem Kriege
2140 2369 3053 2431 die Zeitung zu dramatisieren. Nebenbei
344 2388 1254 2463 des Dichters Anmut beweist uns immer wieder,
1256 2414 3057 2490 enden, der da plötzlich ausbricht. Entweder bemerkt, wird der Bankpräsident unschuldig
3122 2415 3339 2480 Das ist
340 2422 1143 2489 es habe nicht anders geschehen können.
1250 2458 3051 2518 der russisch=japanische oder der Balkankrieg. verhaftet. Der Staatsanwalt hatte sich eben
3043 2441 3337 2528 Frau, wie sie
421 2472 1251 2531 Allerdings ist dieser Beweis sehr lang¬
1245 2500 3046 2559 Kurzum, alles flüchtet aus der Sommerfrische durch seine Leidenschaft für diese lüsterne Frau
3043 2501 3337 2578 heitsdrang d
342 2517 1252 2581 wierig, denn das Stück spielt nahezu vier
1258 2538 2164 2612 entweder in den Krieg oder es flieht ihn.
3047 2541 3326 2605 Kampf, die
2140 2554 3047 2613 zu jenem Verbrechen niedrigster Gemeinheit
343 2561 1260 2615 Stunden! Das Buch hat 263 Seiten in spar¬
1251 2587 2495 2663 Wissen Sie aber, lieber Leser, welcher Tag in hinreißen lassen.
3032 2582 3330 2652 Stürmen des
346 2606 1260 2659 samer Antiquaschrift! Davon hat der neue
1249 2619 2166 2692 diesem allerersten lang vor dem Weltkrieg
2228 2624 3039 2700 Artur Schnitzler hat übrigens, ganz der
3038 2622 3335 2696 Gräfin Aureli
343 2656 1253 2710 junge Spielleiter des Burgtheaters, Hans
1246 2673 2141 2732 fertiggestellten Entwurf als Beginn des Krieges
3041 2674 3338 2759 dem freigewäh
2145 2670 3051 2729 Wahrheit gemäß, geleugnet, mit dem Bank¬
340 2697 1249 2755 Brahm, nicht weniger als 90 Seiten gestrichen.
1247 2714 1868 2780 bezeichnet ist? Der 1. August!
2143 2721 3056 2786 präsidenten Westerhaus den erwähnten Wiener
334 2735 1255 2797 Bleiben aber immer noch 173 Seiten. Wie
1336 2741 2144 2833 Am 1. August 1914 ist der Weltkrieg aus¬
2140 2768 3050 2812 Finanzmann zu meinen. In der Tat: Als
341 2780 1251 2840 empört hat Artur Schnitzler anfangs die Zu¬
1247 2785 1573 2874 gebrochen.
3119 2788 3340 2865 Nun zur
2135 2805 3049 2871 der Dichter diese Szene schrieb, war jener
344 2812 1253 2898 mutung zurückgewiesen, mit eigener Hand das
3049 2832 3339 2909 die verschiede
2139 2857 3045 2905 Milliardär ein noch unbekannter armer
336 2849 711 2931 Stück zu kürzen!
1327 2869 3051 2958 Die beiden interessantesten und künstlerisch Teufel. Der Dichter war eben wieder einmal
3048 2893 3327 2951 Namen leben
434 2889 1259 2973 „Da ist kein Satz zu viel!“ meinte er in
1239 2912 2153 2994 eigenartigsten Schauplätze der Aufführung sind
3037 2925 3335 2988 nicht nennen.
2139 2920 2352 3009 Prophet.
334 2950 1182 3017 einer Aufwallung naivster Ueberzeugung.
3030 2970 3332 3034 (eine Prachtle
1247 2972 2157 3034 der vornehme Wiener Park des Prinzen von
2229 2958 3051 3034 Wohl aber könnte Dr. Schnitzler den
436 2982 1262 3053 Als man ihm aber dann die Striche vor¬
3041 3014 3339 3081 viele Züge G
1253 3017 2156 3079 Perosa (1. Akt) und der prachtvolle Saal im
2140 3010 3046 3072 Staatsanwalt der Wiener Lokalgeschichte ent¬
334 3036 1266 3106 legte, meinte er doch, sie seien gar nicht übel
3046 3054 3322 3116 Daß der u
1251 3060 2161 3135 Bankpalais des Präsidenten Westerhaus (Ver¬
2146 3069 3048 3128 nommen haben. Das war ein auffallend
332 3074 1249 3140 gewählt. Ja, noch mehr: Während der Proben
3034 3093 3328 3167 Meyerhoferm
1253 3101 2160 3163 wandlung des 2. Aktes). Drei mächtige
2148 3111 3046 3166 schöner, aber trotzdem interessanter Mann,
336 3134 1246 3185 kam er des öfteren höchst schüchtern, gleich
3033 3135 3312 3205 bariton der
1250 3144 2153 3198 moderne Marmorsäulen, fünfeckig, kaum von
2136 3152 3035 3215 dichtes, schwarzes Haar, kohlschwarze Augen,
331 3173 1244 3239 einem Anfänger, zum Spielleiter mit der
1255 3190 2154 3244 zwei Männern zu umspannen, stützen die
3036 3177 3333 3254 hofer nur Na
2144 3192 3046 3247 aus denen Leidenschaft lachte und sprühte,
334 3209 1255 3270 sanften Frage: „Meinen Sie nicht, Herr
1253 3223 2156 3285 Decke. Es ist ein weiter Saal, die Hintergrund¬
3030 3222 3321 3285 ist auch kein
2135 3235 3048 3305 weiße Zähne, mit denen er kokettierte. Der
342 3244 1248 3329 Brahm, daß man auch diese Szene weg¬
1243 3272 2153 3327 wand schief auf die Bühre gestellt. Von ihr
3032 3254 3333 3332 Künstler erste
2138 3283 3037 3346 geborne Damenfreund. Plötzlich wurde der
327 3297 670 3383 lassen könnte?“
1243 3316 2146 3375 zweigt sich im rechten Winkel ein breiter Gang
3032 3315 3330 3386 Junggeselle. 2
2140 3318 3046 3381 k. k. Staatsanwalt wegen einer Affäre
424 3323 1253 3400 Worauf dann der frühere Streit wieder
1253 3357 2149 3415 ab, durch den die Leute abgebn. Warum
3040 3349 3337 3415 Wesen. Man
2141 3364 3043 3421 „gespritzt“, die der des Schnitzlerschen Staats¬
332 3387 1249 3440 entfachte — nur mit umgekehrten Rollen:
1253 3386 2155 3465 der Regisseur dieses „Interieur“ — Schnitzler
3035 3405 3325 3460 Figur für 6
2142 3396 3041 3456 anwaltes Braunigl ähnelte, nur daß neben der
336 3429 1256 3507 Der Dichter war fürs Streichen, der Spiel¬
1242 3436 2148 3500 wollte anfangs nur ein Arbeitszimmer des
3036 3439 3370 3527 Mittelpunkt d####
2144 3449 3042 3523 Liebe auch ein bißchen Geld dabei eine Rolle
358 3470 784 3547 letter fürs Belassen.
1242 3479 2336 3565 Bankmannes — über die ganze Bühnenbreite spielte.
1241 3525 1641 3616 ausgedehnt hat 2
379 3525 746 3619 I An KESEAmuRe
2507 3526 3061 3625 # ae
