<?xml version="1.0" encoding="UTF-8" standalone="yes"?>
<PcGts xmlns="http://schema.primaresearch.org/PAGE/gts/pagecontent/2013-07-15" xmlns:xsi="http://www.w3.org/2001/XMLSchema-instance" xsi:schemaLocation="http://schema.primaresearch.org/PAGE/gts/pagecontent/2013-07-15 http://schema.primaresearch.org/PAGE/gts/pagecontent/2013-07-15/pagecontent.xsd">
    <Metadata>
        <Creator>prov=University of Rostock/Institute of Mathematics/CITlab/Gundram Leifert/gundram.leifert@uni-rostock.de:name=ONB_Newseye_GT_M1+(htr_id=10810)::::v=2.4.2
prov=University of Rostock/Institute of Mathematics/CITlab/Tobias Gruening/tobias.gruening@uni-rostock.de:name=de.uros.citlab.module.baseline2polygon.B2PSeamMultiOriented:v=2.4.2
prov=University of Rostock/Institute of Mathematics/CITlab/Tobias Gruening/tobias.gruening@uni-rostock.de:name=/mnt/transkribus/LA/DEA/URO/LA_news_onb_att.pb:de.uros.citlab.segmentation.CITlab_LA_ML:v=2.4.2
Transkribus</Creator>
        <Created>2019-10-07T11:09:06.951+02:00</Created>
        <LastChange>2019-10-07T18:03:31.912+02:00</LastChange>
        <TranskribusMetadata docId="223957" pageId="9493637" pageNr="58" tsid="16394672" status="IN_PROGRESS" userId="40391" imgUrl="https://files.transkribus.eu/Get?id=KLLIIOTMAHECLZVTZAQYXOTB&amp;fileType=view" xmlUrl="https://files.transkribus.eu/Get?id=YMAHUNQRDDABGYQNAXVBZSLG" imageId="6183864"/>
    </Metadata>
    <Page imageFilename="223957_0058.jpeg" imageWidth="3392" imageHeight="4352">
        <ReadingOrder>
            <OrderedGroup id="ro_1711443914044" caption="Regions reading order">
                <RegionRefIndexed index="0" regionRef="r1"/>
            </OrderedGroup>
        </ReadingOrder>
        <TextRegion orientation="0.0" id="r1" custom="readingOrder {index:0;}">
            <Coords points="121,214 121,3255 3200,3255 3200,214"/>
            <TextLine id="r1l1" custom="readingOrder {index:0;}">
                <Coords points="231,233 1490,286 2308,232 2095,174 1811,231 231,176"/>
                <Baseline points="244,235 346,241 449,245 551,250 654,252 756,254 859,256 961,257 1064,257 1166,256 1269,256 1371,255 1474,253 1576,251 1679,250 1781,248 1884,246 1986,243 2089,241 2191,240 2294,238"/>
                <TextEquiv>
                    <Unicode>29. Kongedie der Verfuchrung box 33/6</Unicode>
                </TextEquiv>
            </TextLine>
            <TextLine id="r1l2" custom="readingOrder {index:1;}">
                <Coords points="1957,1276 3180,1293 3179,1216 3141,1214 1957,1245"/>
                <Baseline points="1969,1274 2028,1274 2088,1273 2148,1273 2208,1272 2268,1272 2328,1272 2387,1271 2447,1271 2507,1271 2567,1270 2627,1270 2687,1270 2747,1270 2806,1269 2866,1269 2926,1269 2986,1269 3046,1269 3106,1269 3166,1269"/>
                <TextEquiv>
                    <Unicode>aussetzt. Nun ist sie so erschüttert und verstört. an sich selbst irre</Unicode>
                </TextEquiv>
            </TextLine>
            <TextLine id="r1l3" custom="readingOrder {index:2;}">
                <Coords points="720,1301 1947,1287 1947,1221 719,1260"/>
                <Baseline points="731,1291 791,1289 851,1288 911,1286 971,1285 1032,1284 1092,1283 1152,1282 1212,1282 1272,1281 1333,1281 1393,1280 1453,1280 1513,1279 1573,1279 1634,1278 1694,1277 1754,1276 1814,1275 1874,1273 1935,1271"/>
                <TextEquiv>
                    <Unicode>schaftsspiel ab; aber einige, nicht ganz unwesentliche Fasern ihrer</Unicode>
                </TextEquiv>
            </TextLine>
            <TextLine id="r1l4" custom="readingOrder {index:3;}">
                <Coords points="1957,1343 3114,1325 3190,1312 3190,1263 1957,1279"/>
                <Baseline points="1969,1320 2029,1319 2089,1319 2150,1319 2210,1318 2271,1318 2331,1318 2392,1317 2452,1317 2513,1317 2573,1316 2633,1316 2694,1316 2754,1315 2815,1315 2875,1314 2936,1314 2996,1313 3057,1312 3117,1312 3178,1311"/>
                <TextEquiv>
                    <Unicode>geworden, daß sie an seine Kraft und sein Recht zum Vertrauen</Unicode>
                </TextEquiv>
            </TextLine>
            <TextLine id="r1l5" custom="readingOrder {index:4;}">
                <Coords points="726,1339 1946,1307 1866,1277 725,1298"/>
                <Baseline points="738,1330 797,1328 857,1326 917,1325 976,1324 1036,1323 1096,1322 1155,1321 1215,1321 1275,1321 1335,1320 1394,1320 1454,1319 1514,1319 1573,1318 1633,1317 1693,1316 1752,1315 1812,1313 1872,1311 1932,1309"/>
                <TextEquiv>
                    <Unicode>Nerven sind darin verstrickt, und zeitweilig sinkt sie in der Um¬</Unicode>
                </TextEquiv>
            </TextLine>
            <TextLine id="r1l6" custom="readingOrder {index:5;}">
                <Coords points="109,1348 207,1353 230,1376 532,1376 563,1345 607,1348 607,1307 560,1307 499,1251 448,1256 424,1279 345,1251 109,1261"/>
                <Baseline points="123,1343 149,1343 175,1343 201,1343 227,1344 253,1344 279,1345 305,1345 331,1345 358,1346 384,1346 410,1346 436,1346 462,1345 488,1344 514,1344 540,1343 566,1341 593,1340"/>
                <TextEquiv>
                    <Unicode>Verführung.</Unicode>
                </TextEquiv>
            </TextLine>
            <TextLine id="r1l7" custom="readingOrder {index:6;}">
                <Coords points="726,1375 1823,1368 1921,1356 1946,1307 725,1334"/>
                <Baseline points="738,1366 797,1364 857,1363 917,1362 977,1361 1036,1361 1096,1360 1156,1359 1216,1359 1275,1358 1335,1358 1395,1357 1455,1357 1514,1356 1574,1355 1634,1354 1694,1353 1753,1352 1813,1350 1873,1348 1933,1346"/>
                <TextEquiv>
                    <Unicode>klammerung der Schlingpflanzen unter. Doch ist sie immer nur mit</Unicode>
                </TextEquiv>
            </TextLine>
            <TextLine id="r1l8" custom="readingOrder {index:7;}">
                <Coords points="1961,1365 3192,1356 3191,1315 1961,1326"/>
                <Baseline points="1974,1362 2034,1362 2094,1362 2154,1362 2214,1362 2275,1361 2335,1361 2395,1360 2455,1360 2515,1359 2576,1359 2636,1358 2696,1358 2756,1357 2816,1357 2877,1356 2937,1356 2997,1355 3057,1355 3117,1355 3178,1354"/>
                <TextEquiv>
                    <Unicode>nicht mehr glauben kann. Und in der Tat: unmittelbar, nachdem er</Unicode>
                </TextEquiv>
            </TextLine>
            <TextLine id="r1l9" custom="readingOrder {index:8;}">
                <Coords points="726,1410 1944,1388 1943,1350 726,1371"/>
                <Baseline points="738,1404 797,1402 857,1401 916,1400 976,1400 1036,1399 1095,1398 1155,1398 1215,1398 1274,1398 1334,1398 1394,1397 1453,1397 1513,1396 1573,1395 1632,1395 1692,1393 1752,1392 1811,1390 1871,1388 1931,1385"/>
                <TextEquiv>
                    <Unicode>den Nerven, nie mit der Seele dabei. Die gehört dem einen jener</Unicode>
                </TextEquiv>
            </TextLine>
            <TextLine id="r1l10" custom="readingOrder {index:9;}">
                <Coords points="1973,1415 3137,1412 3186,1404 3186,1363 1973,1371"/>
                <Baseline points="1986,1406 2045,1406 2104,1406 2164,1406 2223,1406 2283,1405 2342,1405 2401,1404 2461,1404 2520,1403 2580,1402 2639,1402 2698,1401 2758,1401 2817,1400 2877,1400 2936,1400 2995,1400 3055,1400 3114,1400 3174,1401"/>
                <TextEquiv>
                    <Unicode>ihr versichert hat, daß die Gespenster keine Macht mehr über ihn</Unicode>
                </TextEquiv>
            </TextLine>
            <TextLine id="r1l11" custom="readingOrder {index:10;}">
                <Coords points="122,1455 209,1454 217,1448 238,1453 261,1445 291,1452 335,1449 334,1403 314,1401 301,1388 291,1391 272,1376 201,1377 165,1390 157,1382 121,1388"/>
                <Baseline points="135,1422 161,1422 188,1422 214,1422 241,1421 267,1421 294,1420 321,1420"/>
                <TextEquiv>
                    <Unicode>schnitzler.</Unicode>
                </TextEquiv>
            </TextLine>
            <TextLine id="r1l12" custom="readingOrder {index:11;}">
                <Coords points="722,1447 1950,1447 1950,1391 722,1408"/>
                <Baseline points="735,1441 795,1440 855,1439 915,1438 975,1438 1035,1438 1095,1437 1155,1437 1215,1437 1275,1437 1335,1437 1395,1436 1455,1436 1515,1435 1575,1435 1635,1434 1695,1433 1755,1431 1815,1429 1875,1427 1936,1424"/>
                <TextEquiv>
                    <Unicode>beiden Freunde, und daß er wider Willen an ihrem Gleiten schuld</Unicode>
                </TextEquiv>
            </TextLine>
            <TextLine id="r1l13" custom="readingOrder {index:12;}">
                <Coords points="1967,1460 3185,1453 3185,1407 1967,1411"/>
                <Baseline points="1979,1450 2038,1450 2098,1449 2157,1449 2217,1449 2277,1449 2336,1448 2396,1448 2456,1448 2515,1447 2575,1447 2635,1447 2694,1447 2754,1446 2814,1446 2873,1445 2933,1445 2993,1444 3052,1444 3112,1443 3172,1443"/>
                <TextEquiv>
                    <Unicode>haben, und sie, scheinbar beruhigt, den Rücken gewendet hat, fällt er</Unicode>
                </TextEquiv>
            </TextLine>
            <TextLine id="r1l14" custom="readingOrder {index:13;}">
                <Coords points="322,1491 386,1485 432,1504 478,1486 522,1503 576,1491 594,1499 609,1483 683,1479 682,1428 654,1436 643,1426 621,1439 556,1420 503,1441 487,1429 449,1435 420,1407 320,1407"/>
                <Baseline points="335,1473 360,1472 386,1471 412,1471 438,1469 463,1468 489,1467 515,1467 541,1466 566,1466 592,1466 618,1466 644,1467 670,1468"/>
                <TextEquiv>
                    <Unicode>[Rachbruck verboten.]</Unicode>
                </TextEquiv>
            </TextLine>
            <TextLine id="r1l15" custom="readingOrder {index:14;}">
                <Coords points="719,1484 1945,1465 1811,1428 719,1443"/>
                <Baseline points="733,1480 796,1479 859,1478 922,1477 985,1477 1048,1476 1111,1476 1174,1476 1237,1476 1300,1476 1364,1475 1427,1475 1490,1474 1553,1473 1616,1472 1679,1471 1742,1469 1805,1467 1868,1465 1932,1462"/>
                <TextEquiv>
                    <Unicode>ist, das ist eine wirklich traurige Geschichte, traurig und wirklichkeits¬</Unicode>
                </TextEquiv>
            </TextLine>
            <TextLine id="r1l16" custom="readingOrder {index:15;}">
                <Coords points="1961,1497 3184,1489 3117,1441 1961,1453"/>
                <Baseline points="1973,1495 2036,1494 2099,1493 2162,1492 2225,1491 2288,1491 2351,1490 2414,1490 2477,1490 2540,1490 2604,1490 2667,1490 2730,1490 2793,1489 2856,1489 2919,1488 2982,1488 3045,1486 3108,1485 3172,1483"/>
                <TextEquiv>
                    <Unicode>in seine Zweifel zurück. Sie beide sind heillos zerstört, und als die</Unicode>
                </TextEquiv>
            </TextLine>
            <TextLine id="r1l17" custom="readingOrder {index:16;}">
                <Coords points="733,1526 1879,1521 1943,1510 1942,1464 732,1493"/>
                <Baseline points="745,1520 804,1519 863,1518 922,1517 981,1516 1041,1516 1100,1515 1159,1515 1218,1514 1277,1514 1337,1513 1396,1513 1455,1512 1514,1512 1573,1511 1633,1510 1692,1508 1751,1507 1810,1505 1869,1503 1929,1501"/>
                <TextEquiv>
                    <Unicode>getreu. Denn als sie ihn, den Vierziger, einigen um ein halbes</Unicode>
                </TextEquiv>
            </TextLine>
            <TextLine id="r1l18" custom="readingOrder {index:17;}">
                <Coords points="132,1549 175,1543 193,1553 224,1539 240,1552 252,1544 263,1552 280,1538 309,1548 308,1499 277,1503 238,1475 195,1494 159,1482 143,1467 130,1467"/>
                <Baseline points="144,1528 169,1527 194,1527 220,1526 245,1525 270,1525 296,1526"/>
                <TextEquiv>
                    <Unicode>Everth.</Unicode>
                </TextEquiv>
            </TextLine>
            <TextLine id="r1l19" custom="readingOrder {index:18;}">
                <Coords points="1965,1550 3139,1541 3198,1533 3197,1485 1964,1509"/>
                <Baseline points="1977,1541 2037,1539 2097,1537 2158,1536 2218,1536 2278,1535 2339,1535 2399,1535 2459,1535 2520,1535 2580,1535 2640,1535 2701,1535 2761,1535 2821,1534 2882,1534 2942,1533 3002,1532 3063,1530 3123,1528 3184,1525"/>
                <TextEquiv>
                    <Unicode>Frau, in richtiger Ahnung, daß seine angebliche Wandlung gar nicht</Unicode>
                </TextEquiv>
            </TextLine>
            <TextLine id="r1l20" custom="readingOrder {index:19;}">
                <Coords points="725,1561 1941,1552 1940,1511 1853,1507 725,1525"/>
                <Baseline points="737,1558 796,1556 856,1555 915,1554 975,1553 1034,1553 1094,1553 1153,1552 1213,1552 1272,1552 1332,1552 1392,1552 1451,1551 1511,1551 1570,1550 1630,1549 1689,1548 1749,1546 1808,1543 1868,1541 1928,1538"/>
                <TextEquiv>
                    <Unicode>Menschenalter jüngeren Bewerbern vorzieht, glaubt er nicht, daß es</Unicode>
                </TextEquiv>
            </TextLine>
            <TextLine id="r1l21" custom="readingOrder {index:20;}">
                <Coords points="1974,1587 3161,1587 3179,1535 1974,1546"/>
                <Baseline points="1986,1582 2045,1581 2104,1580 2163,1579 2222,1579 2281,1579 2340,1579 2399,1579 2458,1579 2517,1579 2576,1579 2635,1579 2694,1579 2753,1579 2812,1579 2871,1578 2930,1577 2989,1575 3048,1573 3107,1571 3167,1568"/>
                <TextEquiv>
                    <Unicode>im Bereich seiner Möglichkeiten liegt, sich ertränkt und er ihr</Unicode>
                </TextEquiv>
            </TextLine>
            <TextLine id="r1l22" custom="readingOrder {index:21;}">
                <Coords points="180,1595 250,1608 437,1589 452,1601 596,1597 649,1582 648,1554 545,1537 469,1555 340,1541 313,1562 253,1544 179,1554"/>
                <Baseline points="192,1594 218,1593 244,1592 270,1592 296,1590 322,1589 348,1588 374,1587 400,1586 427,1585 453,1584 479,1583 505,1582 531,1582 557,1581 583,1581 609,1581 636,1582"/>
                <TextEquiv>
                    <Unicode>Wien, den 14. Oktober.</Unicode>
                </TextEquiv>
            </TextLine>
            <TextLine id="r1l23" custom="readingOrder {index:22;}">
                <Coords points="721,1599 1944,1590 1943,1542 1856,1537 721,1558"/>
                <Baseline points="734,1597 793,1595 853,1593 913,1592 973,1590 1033,1590 1092,1589 1152,1589 1212,1588 1272,1588 1332,1588 1391,1588 1451,1588 1511,1587 1571,1587 1631,1586 1690,1585 1750,1583 1810,1582 1870,1579 1930,1576"/>
                <TextEquiv>
                    <Unicode>Liebe sei, sondern nur Vertrautheit und Vertrauen aus der Jugend</Unicode>
                </TextEquiv>
            </TextLine>
            <TextLine id="r1l24" custom="readingOrder {index:23;}">
                <Coords points="1973,1634 3194,1625 3193,1589 3104,1572 1973,1588"/>
                <Baseline points="1986,1626 2045,1625 2105,1624 2165,1624 2225,1623 2284,1623 2344,1622 2404,1622 2464,1622 2523,1622 2583,1621 2643,1621 2703,1621 2762,1620 2822,1620 2882,1619 2942,1619 3001,1618 3061,1617 3121,1616 3181,1615"/>
                <TextEquiv>
                    <Unicode>folgt, geschieht das mit der Unentrinnbarkeit wirklicher Tragik.</Unicode>
                </TextEquiv>
            </TextLine>
            <TextLine id="r1l25" custom="readingOrder {index:24;}">
                <Coords points="736,1648 1916,1640 1951,1588 736,1602"/>
                <Baseline points="748,1641 807,1639 867,1637 926,1636 986,1634 1045,1633 1105,1633 1164,1632 1224,1632 1283,1631 1343,1631 1403,1631 1462,1630 1522,1630 1581,1630 1641,1629 1700,1628 1760,1627 1819,1626 1879,1625 1939,1623"/>
                <TextEquiv>
                    <Unicode>her, zumal er einst ihr Vormund war. Er meint, sie täusche sich, er</Unicode>
                </TextEquiv>
            </TextLine>
            <TextLine id="r1l26" custom="readingOrder {index:25;}">
                <Coords points="122,1651 704,1635 703,1592 669,1588 219,1612 121,1594"/>
                <Baseline points="134,1641 161,1641 189,1641 217,1641 245,1640 273,1640 300,1639 328,1638 356,1637 384,1636 412,1635 439,1635 467,1633 495,1632 523,1631 551,1630 578,1629 606,1628 634,1628 662,1627 690,1626"/>
                <TextEquiv>
                    <Unicode>e Uraufführung von Schnitzlers</Unicode>
                </TextEquiv>
            </TextLine>
            <TextLine id="r1l27" custom="readingOrder {index:26;}">
                <Coords points="1970,1680 3193,1665 3192,1624 3028,1615 1970,1634"/>
                <Baseline points="1982,1665 2041,1665 2101,1665 2161,1665 2221,1664 2281,1664 2341,1664 2401,1663 2461,1663 2521,1663 2581,1662 2640,1662 2700,1662 2760,1662 2820,1662 2880,1661 2940,1661 3000,1661 3060,1662 3120,1662 3180,1662"/>
                <TextEquiv>
                    <Unicode>Der Zuschauer ist ergriffen, aber einverstanden mit solchem Ende,</Unicode>
                </TextEquiv>
            </TextLine>
            <TextLine id="r1l28" custom="readingOrder {index:27;}">
                <Coords points="738,1697 1958,1687 1958,1639 738,1646"/>
                <Baseline points="751,1681 810,1681 870,1680 930,1679 989,1678 1049,1678 1109,1677 1168,1677 1228,1676 1288,1676 1348,1675 1407,1675 1467,1674 1527,1673 1586,1673 1646,1672 1706,1671 1765,1671 1825,1670 1885,1669 1945,1668"/>
                <TextEquiv>
                    <Unicode>fürchtet die Enttäuschung und spintisiert weiter: sie, die Strahlende,</Unicode>
                </TextEquiv>
            </TextLine>
            <TextLine id="r1l29" custom="readingOrder {index:28;}">
                <Coords points="124,1702 216,1681 522,1693 706,1672 705,1646 669,1637 505,1637 464,1654 325,1642 305,1663 123,1651"/>
                <Baseline points="138,1684 165,1684 193,1684 221,1684 249,1684 277,1684 304,1684 332,1683 360,1683 388,1682 416,1681 443,1680 471,1679 499,1678 527,1677 555,1675 582,1675 610,1673 638,1671 666,1669 694,1668"/>
                <TextEquiv>
                    <Unicode>ödie der Worte“, die eigent¬</Unicode>
                </TextEquiv>
            </TextLine>
            <TextLine id="r1l30" custom="readingOrder {index:29;}">
                <Coords points="1969,1720 2259,1713 2285,1726 2300,1711 2392,1713 2392,1690 2333,1670 2074,1680 2064,1669 1969,1669"/>
                <Baseline points="1982,1708 2008,1708 2035,1709 2061,1709 2088,1709 2114,1709 2141,1709 2167,1709 2194,1709 2220,1709 2247,1709 2273,1709 2300,1709 2326,1709 2353,1709 2380,1709"/>
                <TextEquiv>
                    <Unicode>weil es notwendig ist.</Unicode>
                </TextEquiv>
            </TextLine>
            <TextLine id="r1l31" custom="readingOrder {index:30;}">
                <Coords points="733,1738 1948,1726 1947,1665 732,1694"/>
                <Baseline points="746,1726 805,1725 865,1724 924,1723 984,1723 1043,1722 1103,1721 1162,1721 1222,1720 1281,1720 1341,1719 1400,1719 1460,1718 1519,1718 1579,1717 1638,1716 1698,1715 1757,1714 1817,1713 1876,1712 1936,1710"/>
                <TextEquiv>
                    <Unicode>müsse mehr vom Leben gewinnen als einen Menschen. So sehr sie</Unicode>
                </TextEquiv>
            </TextLine>
            <TextLine id="r1l32" custom="readingOrder {index:31;}">
                <Coords points="137,1740 565,1738 710,1718 710,1695 466,1679 135,1694"/>
                <Baseline points="150,1726 177,1727 204,1727 232,1727 259,1727 287,1726 314,1726 341,1725 369,1724 396,1723 424,1722 451,1720 478,1720 506,1719 533,1717 561,1717 588,1715 615,1715 643,1714 670,1714 698,1714"/>
                <TextEquiv>
                    <Unicode>Verführung handelte, unter be¬</Unicode>
                </TextEquiv>
            </TextLine>
            <TextLine id="r1l33" custom="readingOrder {index:32;}">
                <Coords points="2020,1765 3058,1765 3194,1746 3194,1713 3066,1682 2950,1714 2020,1717"/>
                <Baseline points="2033,1751 2090,1751 2147,1751 2205,1751 2262,1751 2320,1751 2377,1751 2435,1751 2492,1751 2550,1750 2607,1750 2664,1750 2722,1750 2779,1749 2837,1749 2894,1748 2952,1747 3009,1747 3067,1746 3124,1745 3182,1743"/>
                <TextEquiv>
                    <Unicode>Das Ganze ist indessen doch keine Tragödie. Dazu ist das spezifische</Unicode>
                </TextEquiv>
            </TextLine>
            <TextLine id="r1l34" custom="readingOrder {index:33;}">
                <Coords points="722,1783 1955,1766 1954,1728 1715,1712 721,1742"/>
                <Baseline points="735,1771 795,1769 855,1768 915,1767 976,1766 1036,1765 1096,1764 1157,1764 1217,1763 1277,1762 1338,1762 1398,1761 1458,1761 1518,1760 1579,1760 1639,1759 1699,1758 1760,1757 1820,1756 1880,1755 1941,1754"/>
                <TextEquiv>
                    <Unicode>auch, in wundervollen Worten, sich dagegen verwahrt, es bestätigt sich,</Unicode>
                </TextEquiv>
            </TextLine>
            <TextLine id="r1l35" custom="readingOrder {index:34;}">
                <Coords points="119,1782 711,1774 710,1736 679,1724 118,1746"/>
                <Baseline points="132,1773 160,1773 188,1773 217,1773 245,1773 273,1772 302,1772 330,1771 358,1770 387,1769 415,1768 443,1767 472,1766 500,1764 528,1764 557,1763 585,1762 613,1761 642,1760 670,1759 699,1759"/>
                <TextEquiv>
                    <Unicode>bruchs, kommt nun nach einem</Unicode>
                </TextEquiv>
            </TextLine>
            <TextLine id="r1l36" custom="readingOrder {index:35;}">
                <Coords points="1964,1797 3169,1809 3189,1745 1963,1753"/>
                <Baseline points="1977,1798 2040,1797 2103,1795 2166,1794 2229,1793 2292,1793 2355,1792 2418,1792 2481,1792 2544,1792 2608,1792 2671,1793 2734,1793 2797,1793 2860,1793 2923,1793 2986,1793 3049,1792 3112,1792 3176,1791"/>
                <TextEquiv>
                    <Unicode>Gewicht nicht durchweg groß und die Form nicht straff genug. Es ist</Unicode>
                </TextEquiv>
            </TextLine>
            <TextLine id="r1l37" custom="readingOrder {index:36;}">
                <Coords points="734,1823 1891,1816 1947,1774 734,1784"/>
                <Baseline points="746,1815 805,1813 864,1811 924,1810 983,1809 1043,1809 1102,1808 1162,1808 1221,1808 1281,1808 1340,1808 1399,1808 1459,1807 1518,1807 1578,1806 1637,1805 1697,1804 1756,1803 1816,1801 1875,1799 1935,1795"/>
                <TextEquiv>
                    <Unicode>worüber er sich klar ist: Die Voraussicht hat geheimnis¬</Unicode>
                </TextEquiv>
            </TextLine>
            <TextLine id="r1l38" custom="readingOrder {index:37;}">
                <Coords points="128,1837 189,1820 223,1834 684,1819 712,1808 711,1764 126,1779"/>
                <Baseline points="141,1818 168,1818 196,1818 224,1817 252,1817 280,1816 308,1815 335,1814 363,1813 391,1812 419,1811 447,1810 475,1808 503,1808 530,1807 558,1806 586,1805 614,1803 642,1803 670,1802 698,1802"/>
                <TextEquiv>
                    <Unicode>ssen die Gestalt Casanovas dem</Unicode>
                </TextEquiv>
            </TextLine>
            <TextLine id="r1l39" custom="readingOrder {index:38;}">
                <Coords points="1969,1848 3100,1853 3192,1811 1969,1812"/>
                <Baseline points="1983,1842 2042,1841 2102,1840 2162,1840 2222,1839 2281,1839 2341,1839 2401,1839 2461,1840 2520,1840 2580,1840 2640,1840 2700,1840 2759,1840 2819,1840 2879,1840 2939,1839 2998,1838 3058,1837 3118,1836 3178,1834"/>
                <TextEquiv>
                    <Unicode>überhaupt eigentlich kein Drama, sondern ein Buch, das der Erzähler</Unicode>
                </TextEquiv>
            </TextLine>
            <TextLine id="r1l40" custom="readingOrder {index:39;}">
                <Coords points="738,1875 1917,1859 1950,1805 738,1821"/>
                <Baseline points="750,1856 809,1855 868,1854 928,1854 987,1853 1046,1853 1106,1853 1165,1853 1224,1852 1284,1852 1343,1852 1402,1852 1462,1851 1521,1851 1580,1850 1640,1849 1699,1848 1758,1847 1818,1845 1877,1843 1937,1841"/>
                <TextEquiv>
                    <Unicode>volle Kraft, heraufzubeschwören, was sie verhüten</Unicode>
                </TextEquiv>
            </TextLine>
            <TextLine id="r1l41" custom="readingOrder {index:40;}">
                <Coords points="134,1873 698,1861 707,1819 132,1827"/>
                <Baseline points="146,1862 173,1862 200,1861 228,1861 255,1861 283,1860 310,1859 337,1858 365,1857 392,1856 420,1855 447,1854 474,1853 502,1852 529,1850 557,1849 584,1848 611,1847 639,1846 666,1845 694,1844"/>
                <TextEquiv>
                    <Unicode>Lied von den „dunklen ewigen</Unicode>
                </TextEquiv>
            </TextLine>
            <TextLine id="r1l42" custom="readingOrder {index:41;}">
                <Coords points="1963,1882 3132,1891 3191,1875 3191,1837 1963,1849"/>
                <Baseline points="1975,1886 2035,1885 2095,1885 2155,1884 2215,1884 2275,1884 2335,1884 2396,1884 2456,1884 2516,1884 2576,1885 2636,1885 2696,1885 2756,1885 2817,1885 2877,1884 2937,1883 2997,1882 3057,1881 3117,1879 3178,1876"/>
                <TextEquiv>
                    <Unicode>Schnitzler in der äußeren Form eines Dramas geschrieben hat. In</Unicode>
                </TextEquiv>
            </TextLine>
            <TextLine id="r1l43" custom="readingOrder {index:42;}">
                <Coords points="742,1908 1955,1906 1954,1837 742,1874"/>
                <Baseline points="754,1900 813,1900 872,1899 932,1898 991,1897 1050,1897 1110,1896 1169,1896 1228,1895 1288,1895 1347,1895 1406,1894 1466,1894 1525,1893 1584,1892 1644,1892 1703,1891 1762,1890 1822,1889 1881,1888 1941,1887"/>
                <TextEquiv>
                    <Unicode>möchte! So drängt er sie aus Lebensangst, vielleicht auch in der</Unicode>
                </TextEquiv>
            </TextLine>
            <TextLine id="r1l44" custom="readingOrder {index:43;}">
                <Coords points="113,1915 718,1890 717,1860 676,1853 112,1869"/>
                <Baseline points="125,1903 154,1904 183,1904 212,1904 241,1904 270,1903 299,1903 328,1902 357,1901 386,1900 415,1899 444,1898 473,1897 502,1895 531,1894 560,1893 589,1891 618,1891 647,1889 676,1888 705,1887"/>
                <TextEquiv>
                    <Unicode>n Mann zu Weib und von Weib</Unicode>
                </TextEquiv>
            </TextLine>
            <TextLine id="r1l45" custom="readingOrder {index:44;}">
                <Coords points="1969,1933 3169,1935 3187,1876 1969,1895"/>
                <Baseline points="1981,1927 2040,1927 2100,1926 2160,1926 2219,1926 2279,1927 2339,1927 2398,1927 2458,1927 2518,1928 2578,1928 2637,1928 2697,1928 2757,1928 2816,1927 2876,1927 2936,1926 2995,1925 3055,1923 3115,1922 3175,1920"/>
                <TextEquiv>
                    <Unicode>einer Erzählung kann man so viele Fäden verknüpfen, die zum Teil nur</Unicode>
                </TextEquiv>
            </TextLine>
            <TextLine id="r1l46" custom="readingOrder {index:45;}">
                <Coords points="739,1958 1952,1956 1957,1907 739,1910"/>
                <Baseline points="753,1945 812,1943 872,1942 931,1941 991,1940 1050,1939 1110,1939 1169,1938 1229,1938 1288,1938 1348,1938 1407,1937 1467,1937 1526,1937 1586,1936 1645,1935 1705,1934 1764,1933 1824,1931 1883,1929 1943,1927"/>
                <TextEquiv>
                    <Unicode>schmerzlichen Wollust des Verzichtens — anderen in die Arme, zuerst</Unicode>
                </TextEquiv>
            </TextLine>
            <TextLine id="r1l47" custom="readingOrder {index:46;}">
                <Coords points="136,1976 203,1958 236,1973 266,1951 347,1972 392,1950 508,1964 530,1943 564,1965 631,1963 707,1943 706,1899 134,1912"/>
                <Baseline points="148,1948 175,1947 202,1947 229,1946 257,1945 284,1945 311,1943 338,1943 366,1942 393,1940 420,1940 447,1939 475,1938 502,1937 529,1936 556,1935 584,1934 611,1934 638,1933 665,1933 693,1932"/>
                <TextEquiv>
                    <Unicode>eschlecht“, wie es in der Komödie</Unicode>
                </TextEquiv>
            </TextLine>
            <TextLine id="r1l48" custom="readingOrder {index:47;}">
                <Coords points="1980,1986 3185,1984 3200,1915 1979,1935"/>
                <Baseline points="1993,1972 2052,1971 2112,1970 2171,1970 2231,1970 2291,1969 2350,1969 2410,1969 2470,1969 2529,1969 2589,1969 2649,1969 2708,1969 2768,1969 2828,1969 2887,1968 2947,1968 3007,1967 3066,1966 3126,1965 3186,1964"/>
                <TextEquiv>
                    <Unicode>sehr wenig miteinander zu tun haben. Merkwürdig übrigens, wie</Unicode>
                </TextEquiv>
            </TextLine>
            <TextLine id="r1l49" custom="readingOrder {index:48;}">
                <Coords points="732,1999 1883,1989 1955,1981 1955,1937 732,1963"/>
                <Baseline points="745,1992 804,1989 864,1987 924,1986 984,1985 1044,1984 1103,1983 1163,1982 1223,1982 1283,1982 1343,1981 1402,1981 1462,1981 1522,1980 1582,1980 1642,1979 1701,1978 1761,1977 1821,1975 1881,1973 1941,1971"/>
                <TextEquiv>
                    <Unicode>zum Tanz, und das andere findet sich ohne sein Zutun. Die Szenen</Unicode>
                </TextEquiv>
            </TextLine>
            <TextLine id="r1l50" custom="readingOrder {index:49;}">
                <Coords points="1968,2016 3196,2009 3137,1968 1968,1980"/>
                <Baseline points="1981,2014 2041,2015 2101,2015 2161,2016 2221,2016 2281,2016 2341,2016 2402,2016 2462,2015 2522,2015 2582,2014 2642,2014 2702,2013 2762,2012 2823,2011 2883,2011 2943,2009 3003,2008 3063,2008 3123,2006 3184,2005"/>
                <TextEquiv>
                    <Unicode>er da, wo er dramatisch wird, sich eigentümlich in der Nachfolge Ib¬</Unicode>
                </TextEquiv>
            </TextLine>
            <TextLine id="r1l51" custom="readingOrder {index:50;}">
                <Coords points="735,2046 1948,2022 1947,1984 1714,1976 735,1999"/>
                <Baseline points="749,2031 808,2030 867,2029 927,2029 986,2028 1045,2027 1105,2027 1164,2026 1223,2025 1283,2025 1342,2024 1401,2023 1461,2023 1520,2022 1579,2021 1639,2021 1698,2020 1757,2020 1817,2019 1876,2018 1936,2018"/>
                <TextEquiv>
                    <Unicode>aber des ersten Aktes, in denen diese Grundlinien des Bildes, auf das</Unicode>
                </TextEquiv>
            </TextLine>
            <TextLine id="r1l52" custom="readingOrder {index:51;}">
                <Coords points="119,2051 683,2033 711,2022 709,1969 643,1963 597,1990 558,1970 448,1978 428,1997 389,1977 315,1997 228,1979 203,2003 148,1994 118,2013"/>
                <Baseline points="132,2033 160,2033 188,2032 217,2032 245,2031 273,2031 302,2030 330,2029 358,2029 387,2028 415,2028 443,2027 472,2026 500,2025 528,2024 557,2023 585,2022 613,2022 642,2020 670,2019 699,2017"/>
                <TextEquiv>
                    <Unicode>gabzuwenden: Komödie steht nur</Unicode>
                </TextEquiv>
            </TextLine>
            <TextLine id="r1l53" custom="readingOrder {index:52;}">
                <Coords points="1966,2062 3099,2065 3197,2047 3197,2008 1966,2016"/>
                <Baseline points="1979,2059 2039,2059 2099,2059 2159,2059 2220,2059 2280,2059 2340,2059 2400,2059 2461,2059 2521,2058 2581,2058 2641,2058 2702,2057 2762,2057 2822,2056 2882,2056 2943,2055 3003,2054 3063,2053 3123,2052 3184,2051"/>
                <TextEquiv>
                    <Unicode>sens bewegt; in einigen Szenen gegen den Schluß hin spricht er im</Unicode>
                </TextEquiv>
            </TextLine>
            <TextLine id="r1l54" custom="readingOrder {index:53;}">
                <Coords points="728,2087 1920,2079 1945,2022 727,2046"/>
                <Baseline points="741,2075 800,2074 860,2072 919,2072 979,2071 1039,2070 1098,2070 1158,2069 1217,2069 1277,2068 1337,2068 1396,2067 1456,2067 1515,2066 1575,2066 1635,2065 1694,2064 1754,2063 1813,2062 1873,2061 1933,2059"/>
                <TextEquiv>
                    <Unicode>es in dem Werk ankommt, gezogen werden, heben sich — es kann nicht</Unicode>
                </TextEquiv>
            </TextLine>
            <TextLine id="r1l55" custom="readingOrder {index:54;}">
                <Coords points="124,2092 721,2064 720,2044 646,2028 123,2046"/>
                <Baseline points="136,2079 164,2078 193,2077 221,2076 250,2076 278,2075 307,2075 335,2074 364,2073 392,2073 421,2072 450,2072 478,2071 507,2070 535,2070 564,2069 592,2068 621,2067 649,2066 678,2064 707,2062"/>
                <TextEquiv>
                    <Unicode>tertitel, und es ist auch gar keine</Unicode>
                </TextEquiv>
            </TextLine>
            <TextLine id="r1l56" custom="readingOrder {index:55;}">
                <Coords points="1966,2116 3174,2110 3192,2051 1966,2062"/>
                <Baseline points="1979,2103 2039,2102 2099,2102 2159,2101 2219,2101 2279,2101 2339,2101 2399,2101 2459,2101 2519,2101 2579,2101 2639,2101 2699,2101 2759,2101 2819,2100 2879,2100 2939,2099 2999,2098 3059,2097 3119,2095 3179,2093"/>
                <TextEquiv>
                    <Unicode>Tonfall und beinahe mit den Bildern des späten Ibsen. Man denkt</Unicode>
                </TextEquiv>
            </TextLine>
            <TextLine id="r1l57" custom="readingOrder {index:56;}">
                <Coords points="730,2124 1950,2115 1949,2067 729,2083"/>
                <Baseline points="743,2117 802,2116 862,2115 922,2114 981,2113 1041,2113 1101,2112 1160,2112 1220,2112 1280,2111 1340,2111 1399,2111 1459,2111 1519,2110 1578,2110 1638,2109 1698,2108 1757,2107 1817,2106 1877,2104 1937,2103"/>
                <TextEquiv>
                    <Unicode>anders sein — auch dramatisch und dichterisch über das Niveau der</Unicode>
                </TextEquiv>
            </TextLine>
            <TextLine id="r1l58" custom="readingOrder {index:57;}">
                <Coords points="113,2130 611,2129 715,2105 714,2069 112,2092"/>
                <Baseline points="125,2122 153,2123 182,2123 211,2122 240,2122 269,2122 298,2121 327,2120 356,2119 385,2118 414,2116 442,2116 471,2114 500,2113 529,2112 558,2111 587,2109 616,2108 645,2107 674,2107 703,2105"/>
                <TextEquiv>
                    <Unicode>weilen schwer wie eine Tragödie,</Unicode>
                </TextEquiv>
            </TextLine>
            <TextLine id="r1l59" custom="readingOrder {index:58;}">
                <Coords points="1980,2154 3141,2153 3203,2112 1980,2113"/>
                <Baseline points="1993,2143 2052,2143 2112,2144 2172,2144 2232,2144 2292,2144 2351,2145 2411,2145 2471,2145 2531,2145 2591,2145 2650,2145 2710,2145 2770,2144 2830,2143 2890,2143 2949,2141 3009,2140 3069,2138 3129,2137 3189,2135"/>
                <TextEquiv>
                    <Unicode>an das Erwachen der Toten, und das Problem des unerschwinglichen</Unicode>
                </TextEquiv>
            </TextLine>
            <TextLine id="r1l60" custom="readingOrder {index:59;}">
                <Coords points="738,2169 1923,2166 1951,2109 738,2133"/>
                <Baseline points="751,2160 810,2159 869,2159 929,2159 988,2159 1048,2158 1107,2158 1166,2158 1226,2158 1285,2158 1345,2157 1404,2157 1463,2156 1523,2156 1582,2156 1642,2155 1701,2154 1760,2153 1820,2152 1879,2151 1939,2150"/>
                <TextEquiv>
                    <Unicode>meisten anderen hinaus. Hier ist bester Schnitzler, hier ist bei aller</Unicode>
                </TextEquiv>
            </TextLine>
            <TextLine id="r1l61" custom="readingOrder {index:60;}">
                <Coords points="118,2179 297,2165 336,2184 359,2165 600,2172 720,2152 718,2104 611,2128 117,2133"/>
                <Baseline points="131,2169 159,2168 188,2168 217,2166 246,2165 275,2165 303,2164 332,2163 361,2163 390,2162 419,2161 447,2160 476,2159 505,2158 534,2157 563,2155 591,2154 620,2153 649,2151 678,2149 707,2146"/>
                <TextEquiv>
                    <Unicode>rzweigten Handlung ist ganz tra¬</Unicode>
                </TextEquiv>
            </TextLine>
            <TextLine id="r1l62" custom="readingOrder {index:61;}">
                <Coords points="1968,2194 3083,2195 3193,2176 3193,2140 1967,2153"/>
                <Baseline points="1981,2186 2044,2186 2107,2186 2170,2187 2233,2187 2296,2188 2359,2188 2422,2188 2485,2189 2548,2189 2612,2189 2675,2189 2738,2189 2801,2188 2864,2188 2927,2187 2990,2186 3053,2185 3116,2183 3180,2181"/>
                <TextEquiv>
                    <Unicode>Vertrauens erinnert, ebenso wie die Katastrophe, an Rosmersholm.</Unicode>
                </TextEquiv>
            </TextLine>
            <TextLine id="r1l63" custom="readingOrder {index:62;}">
                <Coords points="743,2215 1951,2203 1950,2162 1719,2146 743,2169"/>
                <Baseline points="756,2204 815,2203 874,2203 933,2202 992,2201 1051,2201 1110,2200 1169,2200 1228,2199 1287,2199 1346,2198 1405,2197 1464,2197 1523,2196 1582,2196 1641,2195 1700,2194 1759,2194 1818,2193 1877,2192 1937,2191"/>
                <TextEquiv>
                    <Unicode>Grübelei seines Barons die ganze Kommentarlosigkeit und Vieldeutig¬</Unicode>
                </TextEquiv>
            </TextLine>
            <TextLine id="r1l64" custom="readingOrder {index:63;}">
                <Coords points="111,2213 718,2209 717,2152 109,2169"/>
                <Baseline points="123,2209 152,2208 181,2208 210,2207 239,2207 268,2206 297,2206 326,2205 355,2205 384,2204 414,2204 443,2203 472,2202 501,2201 530,2200 559,2199 588,2197 617,2196 646,2195 675,2193 705,2191"/>
                <TextEquiv>
                    <Unicode>er Menschen. Das übrige ist schon</Unicode>
                </TextEquiv>
            </TextLine>
            <TextLine id="r1l65" custom="readingOrder {index:64;}">
                <Coords points="1980,2239 3082,2240 3195,2229 3195,2175 1979,2193"/>
                <Baseline points="1993,2229 2052,2230 2112,2231 2171,2231 2231,2232 2290,2232 2350,2232 2409,2232 2469,2232 2528,2232 2588,2232 2647,2232 2707,2232 2766,2231 2826,2231 2885,2230 2945,2229 3004,2228 3064,2227 3123,2226 3183,2225"/>
                <TextEquiv>
                    <Unicode>Das Ganze jedoch, ist so breit und so locker gefügt, daß man bei der</Unicode>
                </TextEquiv>
            </TextLine>
            <TextLine id="r1l66" custom="readingOrder {index:65;}">
                <Coords points="736,2270 1841,2255 1961,2238 1961,2195 736,2214"/>
                <Baseline points="749,2247 812,2247 875,2247 938,2246 1001,2246 1064,2246 1127,2246 1190,2245 1253,2245 1316,2245 1380,2245 1443,2244 1506,2243 1569,2243 1632,2242 1695,2241 1758,2239 1821,2238 1884,2236 1948,2234"/>
                <TextEquiv>
                    <Unicode>keit des Lebens. Und als am Schluß des Aktes, eben nach jenen</Unicode>
                </TextEquiv>
            </TextLine>
            <TextLine id="r1l67" custom="readingOrder {index:66;}">
                <Coords points="121,2261 305,2245 329,2263 546,2243 670,2255 723,2238 722,2207 668,2201 120,2223"/>
                <Baseline points="134,2254 162,2252 191,2252 220,2251 249,2250 278,2249 307,2248 335,2248 364,2247 393,2246 422,2245 451,2244 480,2244 509,2243 537,2242 566,2241 595,2240 624,2239 653,2238 682,2237 711,2235"/>
                <TextEquiv>
                    <Unicode>#ustig. So ist das Wort vielleicht</Unicode>
                </TextEquiv>
            </TextLine>
            <TextLine id="r1l68" custom="readingOrder {index:67;}">
                <Coords points="1979,2288 3199,2293 3176,2226 1979,2234"/>
                <Baseline points="1993,2273 2052,2273 2112,2273 2171,2274 2231,2274 2291,2274 2350,2274 2410,2274 2470,2274 2529,2274 2589,2274 2649,2274 2708,2274 2768,2273 2828,2273 2887,2273 2947,2272 3007,2272 3066,2271 3126,2271 3186,2270"/>
                <TextEquiv>
                    <Unicode>fast vierstündigen Uraufführung mehr hätte strrichen sollen, als</Unicode>
                </TextEquiv>
            </TextLine>
            <TextLine id="r1l69" custom="readingOrder {index:68;}">
                <Coords points="110,2313 171,2296 228,2313 717,2292 716,2254 693,2247 109,2262"/>
                <Baseline points="123,2293 152,2293 181,2292 210,2292 239,2291 268,2290 297,2290 326,2290 355,2289 384,2289 413,2288 442,2287 471,2287 500,2286 529,2285 558,2284 587,2284 616,2283 645,2282 674,2281 703,2280"/>
                <TextEquiv>
                    <Unicode>ei Bitterkeit in dem Werk, einiges</Unicode>
                </TextEquiv>
            </TextLine>
            <TextLine id="r1l70" custom="readingOrder {index:69;}">
                <Coords points="750,2302 1916,2294 1965,2283 1965,2234 750,2261"/>
                <Baseline points="762,2292 821,2291 881,2291 940,2291 1000,2290 1059,2290 1119,2290 1178,2290 1238,2289 1297,2289 1357,2289 1417,2288 1476,2288 1536,2287 1595,2287 1655,2286 1714,2286 1774,2285 1833,2284 1893,2283 1953,2282"/>
                <TextEquiv>
                    <Unicode>Szenen, die Frau von dem, den sie liebt, „freigegeben“ und sich selbst</Unicode>
                </TextEquiv>
            </TextLine>
            <TextLine id="r1l71" custom="readingOrder {index:70;}">
                <Coords points="1970,2341 1990,2344 2013,2326 2041,2334 2049,2326 2080,2324 2111,2334 2118,2326 2154,2324 2154,2285 2095,2288 2075,2285 2067,2277 2060,2285 2049,2282 2031,2290 1970,2285"/>
                <Baseline points="1982,2318 2008,2317 2035,2317 2062,2317 2088,2317 2115,2318 2142,2318"/>
                <TextEquiv>
                    <Unicode>man tat.</Unicode>
                </TextEquiv>
            </TextLine>
            <TextLine id="r1l72" custom="readingOrder {index:71;}">
                <Coords points="744,2344 1957,2350 1957,2288 744,2306"/>
                <Baseline points="758,2336 817,2335 876,2334 936,2333 995,2333 1054,2333 1114,2332 1173,2332 1232,2332 1292,2332 1351,2331 1410,2331 1470,2331 1529,2331 1588,2331 1648,2330 1707,2330 1766,2329 1826,2328 1885,2328 1945,2326"/>
                <TextEquiv>
                    <Unicode>überlassen, mit einem jungen, liebenswürdigen Fant davongeht, nicht</Unicode>
                </TextEquiv>
            </TextLine>
            <TextLine id="r1l73" custom="readingOrder {index:72;}">
                <Coords points="122,2351 606,2332 722,2345 720,2288 690,2305 566,2290 121,2310"/>
                <Baseline points="133,2339 161,2339 190,2339 219,2338 248,2337 277,2337 305,2336 334,2335 363,2334 392,2333 421,2332 449,2331 478,2330 507,2329 536,2328 565,2328 593,2327 622,2326 651,2326 680,2326 709,2326"/>
                <TextEquiv>
                    <Unicode>fsehen. Im ganzen glaubt man,</Unicode>
                </TextEquiv>
            </TextLine>
            <TextLine id="r1l74" custom="readingOrder {index:73;}">
                <Coords points="2029,2369 3157,2369 3205,2317 2029,2325"/>
                <Baseline points="2041,2359 2098,2360 2156,2361 2213,2362 2271,2363 2328,2363 2386,2363 2443,2363 2501,2363 2558,2362 2616,2362 2674,2361 2731,2361 2789,2360 2846,2360 2904,2360 2961,2359 3019,2359 3076,2359 3134,2360 3192,2360"/>
                <TextEquiv>
                    <Unicode>Die Aufführung war gut. Das Wesentliche kam zu klarer Gestalt,</Unicode>
                </TextEquiv>
            </TextLine>
            <TextLine id="r1l75" custom="readingOrder {index:74;}">
                <Coords points="749,2390 1949,2388 1948,2329 749,2344"/>
                <Baseline points="763,2379 821,2379 880,2379 939,2379 997,2378 1056,2378 1115,2378 1173,2377 1232,2377 1291,2376 1350,2376 1408,2375 1467,2374 1526,2374 1584,2373 1643,2372 1702,2371 1760,2370 1819,2370 1878,2369 1937,2368"/>
                <TextEquiv>
                    <Unicode>schwer zu erraten, wohin, ist man erschüttert. Komödie? Nein.</Unicode>
                </TextEquiv>
            </TextLine>
            <TextLine id="r1l76" custom="readingOrder {index:75;}">
                <Coords points="125,2400 519,2375 681,2386 711,2375 710,2336 123,2348"/>
                <Baseline points="137,2385 165,2384 193,2383 221,2381 249,2381 277,2380 305,2378 333,2377 361,2376 389,2375 418,2374 446,2373 474,2373 502,2372 530,2372 558,2371 586,2370 614,2370 642,2370 670,2369 699,2369"/>
                <TextEquiv>
                    <Unicode>heater zu sitzen, wo die Menschen,</Unicode>
                </TextEquiv>
            </TextLine>
            <TextLine id="r1l77" custom="readingOrder {index:76;}">
                <Coords points="1968,2417 3201,2415 3201,2345 1968,2363"/>
                <Baseline points="1981,2405 2041,2405 2101,2406 2162,2406 2222,2406 2282,2406 2343,2406 2403,2406 2463,2406 2524,2406 2584,2406 2644,2406 2705,2405 2765,2405 2825,2405 2886,2405 2946,2404 3006,2404 3067,2404 3127,2404 3188,2404"/>
                <TextEquiv>
                    <Unicode>und in dem weniger Wesentlichen wurde mancher peinliche Zug ge¬</Unicode>
                </TextEquiv>
            </TextLine>
            <TextLine id="r1l78" custom="readingOrder {index:77;}">
                <Coords points="118,2436 687,2422 720,2413 719,2369 117,2400"/>
                <Baseline points="131,2425 159,2424 188,2424 217,2423 246,2422 275,2422 303,2421 332,2420 361,2420 390,2419 419,2419 447,2418 476,2418 505,2416 534,2415 563,2415 591,2414 620,2413 649,2412 678,2411 707,2409"/>
                <TextEquiv>
                    <Unicode>ebs. Marionetten gleich an den</Unicode>
                </TextEquiv>
            </TextLine>
            <TextLine id="r1l79" custom="readingOrder {index:78;}">
                <Coords points="749,2440 949,2433 988,2451 1216,2430 1215,2389 1179,2395 1161,2380 1118,2393 905,2395 877,2378 749,2392"/>
                <Baseline points="763,2421 788,2422 814,2422 840,2421 866,2421 892,2421 918,2421 944,2420 970,2420 995,2419 1021,2419 1047,2418 1073,2418 1099,2418 1125,2418 1151,2418 1177,2418 1203,2419"/>
                <TextEquiv>
                    <Unicode>Die Mischung ist anders.</Unicode>
                </TextEquiv>
            </TextLine>
            <TextLine id="r1l80" custom="readingOrder {index:79;}">
                <Coords points="1973,2460 3160,2457 3196,2395 1973,2411"/>
                <Baseline points="1985,2449 2044,2449 2104,2449 2164,2449 2224,2449 2284,2449 2344,2449 2404,2450 2464,2450 2524,2450 2584,2451 2643,2451 2703,2451 2763,2451 2823,2451 2883,2450 2943,2450 3003,2449 3063,2448 3123,2447 3183,2445"/>
                <TextEquiv>
                    <Unicode>mildert. Die Hauptrollen hatten Frau Wohlgemuth und Herr</Unicode>
                </TextEquiv>
            </TextLine>
            <TextLine id="r1l81" custom="readingOrder {index:80;}">
                <Coords points="125,2485 712,2465 726,2408 652,2426 123,2433"/>
                <Baseline points="137,2468 165,2468 194,2467 223,2467 252,2466 281,2466 309,2465 338,2465 367,2464 396,2463 425,2463 453,2462 482,2461 511,2460 540,2460 569,2459 597,2458 626,2457 655,2456 684,2455 713,2454"/>
                <TextEquiv>
                    <Unicode>ämon der Gattung zieht, vor dem</Unicode>
                </TextEquiv>
            </TextLine>
            <TextLine id="r1l82" custom="readingOrder {index:81;}">
                <Coords points="798,2500 1955,2481 1954,2445 1882,2428 798,2441"/>
                <Baseline points="812,2484 868,2483 925,2482 981,2482 1038,2482 1094,2482 1151,2482 1207,2482 1264,2482 1320,2482 1377,2482 1433,2482 1490,2482 1546,2482 1603,2482 1659,2481 1716,2480 1772,2479 1829,2477 1885,2475 1942,2472"/>
                <TextEquiv>
                    <Unicode>Inzwischen wirbelt nun der Liebestanz der menschlichen Eintags¬</Unicode>
                </TextEquiv>
            </TextLine>
            <TextLine id="r1l83" custom="readingOrder {index:82;}">
                <Coords points="1971,2502 3076,2501 3196,2483 3196,2450 1971,2456"/>
                <Baseline points="1983,2491 2043,2491 2103,2492 2163,2492 2223,2493 2283,2493 2343,2494 2403,2494 2463,2495 2523,2495 2583,2495 2643,2496 2703,2496 2763,2495 2823,2495 2883,2495 2943,2494 3003,2494 3063,2493 3123,2492 3184,2490"/>
                <TextEquiv>
                    <Unicode>Aslan. Die Frau, sehr schön wie immer, aber auch sehr klug und</Unicode>
                </TextEquiv>
            </TextLine>
            <TextLine id="r1l84" custom="readingOrder {index:83;}">
                <Coords points="118,2528 564,2518 728,2494 727,2458 117,2480"/>
                <Baseline points="131,2512 160,2512 189,2511 218,2511 247,2511 277,2510 306,2510 335,2509 364,2509 393,2509 423,2508 452,2507 481,2507 510,2506 539,2505 569,2504 598,2503 627,2502 656,2500 685,2499 715,2497"/>
                <TextEquiv>
                    <Unicode>um in Betracht kommen, nur als</Unicode>
                </TextEquiv>
            </TextLine>
            <TextLine id="r1l85" custom="readingOrder {index:84;}">
                <Coords points="741,2542 1959,2523 1958,2482 1784,2476 741,2493"/>
                <Baseline points="753,2532 812,2530 872,2529 931,2528 991,2527 1051,2527 1110,2526 1170,2526 1230,2526 1289,2526 1349,2525 1409,2525 1468,2525 1528,2524 1588,2524 1647,2523 1707,2522 1767,2521 1826,2520 1886,2519 1946,2516"/>
                <TextEquiv>
                    <Unicode>fliegen fast zwei Akte lang, lange Akte. Dann hat die Frau, bei</Unicode>
                </TextEquiv>
            </TextLine>
            <TextLine id="r1l86" custom="readingOrder {index:85;}">
                <Coords points="1984,2553 3164,2547 3197,2498 1984,2499"/>
                <Baseline points="1997,2536 2056,2535 2115,2535 2175,2535 2234,2536 2294,2536 2353,2536 2412,2537 2472,2537 2531,2538 2591,2538 2650,2538 2709,2538 2769,2538 2828,2538 2888,2538 2947,2538 3006,2537 3066,2536 3125,2535 3185,2533"/>
                <TextEquiv>
                    <Unicode>seelisch ausschöpfend, nahm den Ton gleich zu Anfang schwer und tief</Unicode>
                </TextEquiv>
            </TextLine>
            <TextLine id="r1l87" custom="readingOrder {index:86;}">
                <Coords points="116,2577 151,2558 249,2582 459,2553 646,2570 723,2557 722,2504 114,2521"/>
                <Baseline points="127,2555 156,2555 185,2554 214,2554 243,2553 272,2552 301,2552 330,2551 359,2551 388,2550 418,2549 447,2549 476,2548 505,2547 534,2546 563,2546 592,2545 621,2544 650,2543 679,2542 709,2541"/>
                <TextEquiv>
                    <Unicode>n die Zeit wieder einmal erfüllt ist</Unicode>
                </TextEquiv>
            </TextLine>
            <TextLine id="r1l88" custom="readingOrder {index:87;}">
                <Coords points="751,2581 1951,2577 1951,2523 751,2539"/>
                <Baseline points="764,2574 822,2572 881,2571 939,2571 998,2570 1057,2570 1115,2570 1174,2571 1233,2571 1291,2571 1350,2572 1409,2572 1467,2572 1526,2572 1585,2572 1643,2571 1702,2570 1761,2568 1819,2566 1878,2563 1937,2559"/>
                <TextEquiv>
                    <Unicode>aller Unwandelbarkeit ihrer Liebe, erkannt, daß nach alledem auch</Unicode>
                </TextEquiv>
            </TextLine>
            <TextLine id="r1l89" custom="readingOrder {index:88;}">
                <Coords points="1985,2588 3149,2588 3192,2541 1985,2547"/>
                <Baseline points="1997,2579 2056,2579 2115,2579 2174,2579 2233,2579 2292,2579 2351,2579 2411,2579 2470,2579 2529,2579 2588,2579 2647,2579 2706,2579 2765,2579 2825,2579 2884,2578 2943,2578 3002,2577 3061,2577 3120,2576 3180,2575"/>
                <TextEquiv>
                    <Unicode>und stimmte alles, was sie durchlebt, auf einen letzten unanzweifel¬</Unicode>
                </TextEquiv>
            </TextLine>
            <TextLine id="r1l90" custom="readingOrder {index:89;}">
                <Coords points="124,2611 144,2611 157,2619 165,2611 175,2616 190,2613 198,2605 231,2608 249,2597 260,2605 270,2605 272,2579 249,2579 226,2564 210,2567 190,2559 164,2565 156,2560 123,2563"/>
                <Baseline points="137,2598 167,2596 198,2595 229,2595 260,2597"/>
                <TextEquiv>
                    <Unicode>leistet.</Unicode>
                </TextEquiv>
            </TextLine>
            <TextLine id="r1l91" custom="readingOrder {index:90;}">
                <Coords points="745,2629 1940,2622 1958,2566 745,2580"/>
                <Baseline points="757,2615 816,2615 875,2614 935,2614 994,2614 1053,2614 1113,2614 1172,2614 1231,2615 1291,2615 1350,2615 1409,2615 1469,2615 1528,2614 1587,2614 1647,2613 1706,2612 1765,2610 1825,2609 1884,2606 1944,2604"/>
                <TextEquiv>
                    <Unicode>der einzige, den sie je geliebt hat, sie niemals so völlig besitzen</Unicode>
                </TextEquiv>
            </TextLine>
            <TextLine id="r1l92" custom="readingOrder {index:91;}">
                <Coords points="1987,2631 3164,2632 3197,2586 1987,2587"/>
                <Baseline points="1999,2620 2058,2621 2117,2621 2176,2621 2236,2622 2295,2622 2354,2622 2414,2622 2473,2622 2532,2622 2592,2622 2651,2622 2710,2622 2769,2622 2829,2621 2888,2621 2947,2621 3007,2620 3066,2620 3125,2620 3185,2619"/>
                <TextEquiv>
                    <Unicode>baren Ernst. Der Baron von Falkenir, ein Detter oder Bruder des</Unicode>
                </TextEquiv>
            </TextLine>
            <TextLine id="r1l93" custom="readingOrder {index:92;}">
                <Coords points="120,2659 151,2643 641,2649 720,2629 719,2596 624,2578 532,2603 496,2588 119,2605"/>
                <Baseline points="133,2642 161,2642 190,2642 218,2642 247,2641 276,2641 304,2640 333,2639 362,2639 390,2637 419,2636 448,2635 476,2634 505,2634 534,2633 562,2632 591,2632 620,2632 648,2631 677,2631 706,2632"/>
                <TextEquiv>
                    <Unicode>n anderen, in ewigem Spiel „Ver¬</Unicode>
                </TextEquiv>
            </TextLine>
            <TextLine id="r1l94" custom="readingOrder {index:93;}">
                <Coords points="743,2677 1802,2675 1963,2659 1963,2607 743,2633"/>
                <Baseline points="755,2660 814,2659 874,2658 934,2657 994,2656 1054,2656 1113,2656 1173,2656 1233,2656 1293,2656 1353,2657 1412,2657 1472,2657 1532,2656 1592,2656 1652,2655 1711,2654 1771,2653 1831,2651 1891,2649 1951,2645"/>
                <TextEquiv>
                    <Unicode>könnte, wie er es zur Bedingung machte, weil kein Mensch einen</Unicode>
                </TextEquiv>
            </TextLine>
            <TextLine id="r1l95" custom="readingOrder {index:94;}">
                <Coords points="1984,2675 3141,2676 3202,2657 3202,2619 1984,2629"/>
                <Baseline points="1997,2666 2056,2666 2116,2666 2175,2666 2235,2666 2295,2666 2354,2666 2414,2666 2474,2666 2533,2666 2593,2666 2653,2666 2712,2665 2772,2665 2832,2665 2891,2665 2951,2665 3011,2664 3070,2664 3130,2664 3190,2664"/>
                <TextEquiv>
                    <Unicode>Herrn von Sala aus dem „Einsamen Weg“, war bei Herrn Aslan</Unicode>
                </TextEquiv>
            </TextLine>
            <TextLine id="r1l96" custom="readingOrder {index:95;}">
                <Coords points="110,2698 400,2697 471,2664 505,2689 667,2691 725,2677 724,2623 683,2642 258,2659 109,2647"/>
                <Baseline points="123,2685 152,2685 181,2686 211,2686 240,2686 270,2686 299,2686 328,2686 358,2686 387,2685 417,2684 446,2684 475,2683 505,2682 534,2681 564,2679 593,2678 622,2677 652,2676 681,2674 711,2672"/>
                <TextEquiv>
                    <Unicode>e Art von „Reigen" Oder, wenn</Unicode>
                </TextEquiv>
            </TextLine>
            <TextLine id="r1l97" custom="readingOrder {index:96;}">
                <Coords points="748,2706 1850,2714 1955,2697 1955,2651 747,2678"/>
                <Baseline points="761,2704 820,2704 879,2704 938,2703 997,2703 1056,2702 1115,2702 1174,2701 1233,2701 1292,2700 1352,2699 1411,2698 1470,2698 1529,2697 1588,2696 1647,2695 1706,2694 1765,2693 1824,2692 1883,2692 1943,2691"/>
                <TextEquiv>
                    <Unicode>andern je so besitzen kann. Ihm aber ist inzwischen der Fluch</Unicode>
                </TextEquiv>
            </TextLine>
            <TextLine id="r1l98" custom="readingOrder {index:97;}">
                <Coords points="1978,2716 3214,2702 3198,2658 1978,2680"/>
                <Baseline points="1991,2709 2051,2709 2111,2710 2172,2710 2232,2710 2293,2710 2353,2710 2414,2710 2474,2710 2535,2710 2595,2709 2655,2709 2716,2709 2776,2708 2837,2708 2897,2708 2958,2707 3018,2707 3079,2707 3139,2706 3200,2706"/>
                <TextEquiv>
                    <Unicode>vielleicht äußerlich nicht leicht genug, auch etwas zu alt, dazu anfangs</Unicode>
                </TextEquiv>
            </TextLine>
            <TextLine id="r1l99" custom="readingOrder {index:98;}">
                <Coords points="118,2741 721,2725 719,2676 117,2697"/>
                <Baseline points="131,2729 159,2730 188,2731 217,2731 246,2731 275,2731 304,2731 332,2730 361,2729 390,2728 419,2727 448,2725 477,2724 506,2722 534,2721 563,2720 592,2719 621,2718 650,2717 679,2716 708,2716"/>
                <TextEquiv>
                    <Unicode>freuzung zwischen „Liebelei" und</Unicode>
                </TextEquiv>
            </TextLine>
            <TextLine id="r1l100" custom="readingOrder {index:99;}">
                <Coords points="744,2761 1970,2765 1969,2696 743,2717"/>
                <Baseline points="757,2747 817,2747 877,2746 937,2746 997,2745 1057,2745 1117,2744 1177,2744 1237,2744 1297,2743 1357,2743 1417,2742 1477,2741 1537,2741 1597,2740 1657,2739 1717,2738 1777,2736 1837,2735 1897,2734 1957,2732"/>
                <TextEquiv>
                    <Unicode>der bloßen Betrachtung aufgegangen, er hat eingesehen, was</Unicode>
                </TextEquiv>
            </TextLine>
            <TextLine id="r1l101" custom="readingOrder {index:100;}">
                <Coords points="1984,2773 3210,2756 3209,2702 1984,2722"/>
                <Baseline points="1997,2753 2057,2753 2117,2754 2177,2754 2237,2754 2297,2754 2357,2754 2417,2753 2477,2753 2537,2753 2597,2752 2657,2752 2717,2752 2777,2751 2837,2751 2897,2750 2957,2750 3017,2749 3077,2748 3137,2748 3198,2747"/>
                <TextEquiv>
                    <Unicode>ein wenig scharf, fast eigensinnig in seiner Doktrin von der Lebens¬</Unicode>
                </TextEquiv>
            </TextLine>
            <TextLine id="r1l102" custom="readingOrder {index:101;}">
                <Coords points="118,2790 723,2774 722,2725 117,2741"/>
                <Baseline points="131,2771 159,2772 188,2773 217,2773 246,2773 275,2772 304,2772 333,2772 362,2770 391,2770 420,2769 448,2767 477,2767 506,2766 535,2764 564,2763 593,2762 622,2761 651,2761 680,2760 709,2759"/>
                <TextEquiv>
                    <Unicode>pißchen viel durcheinander geliebelt,</Unicode>
                </TextEquiv>
            </TextLine>
            <TextLine id="r1l103" custom="readingOrder {index:102;}">
                <Coords points="754,2802 1964,2785 1963,2739 753,2756"/>
                <Baseline points="766,2791 825,2790 884,2789 943,2788 1003,2787 1062,2787 1121,2786 1180,2785 1240,2785 1299,2784 1358,2784 1417,2783 1477,2783 1536,2782 1595,2782 1654,2781 1714,2781 1773,2780 1832,2779 1891,2779 1951,2778"/>
                <TextEquiv>
                    <Unicode>der Zuschauer im ersten Akt ihm glaubte einwerfen zu sollen: daß</Unicode>
                </TextEquiv>
            </TextLine>
            <TextLine id="r1l104" custom="readingOrder {index:103;}">
                <Coords points="1985,2805 3136,2817 3205,2801 3205,2753 1985,2762"/>
                <Baseline points="1997,2797 2056,2797 2116,2797 2176,2797 2236,2797 2295,2797 2355,2797 2415,2796 2475,2796 2534,2796 2594,2796 2654,2796 2714,2796 2773,2796 2833,2796 2893,2796 2953,2796 3012,2796 3072,2796 3132,2796 3192,2796"/>
                <TextEquiv>
                    <Unicode>angst der anderen, an der doch niemand so leidet wie er selbst. Im</Unicode>
                </TextEquiv>
            </TextLine>
            <TextLine id="r1l105" custom="readingOrder {index:104;}">
                <Coords points="111,2831 667,2818 725,2802 725,2771 110,2782"/>
                <Baseline points="122,2816 151,2816 181,2816 210,2815 240,2815 269,2814 299,2814 328,2814 358,2813 387,2813 417,2812 447,2811 476,2810 506,2809 535,2809 565,2808 594,2807 624,2806 653,2805 683,2804 713,2802"/>
                <TextEquiv>
                    <Unicode>e Lust zum Leben gerade vermehrt</Unicode>
                </TextEquiv>
            </TextLine>
            <TextLine id="r1l106" custom="readingOrder {index:105;}">
                <Coords points="744,2840 1956,2838 1969,2784 743,2799"/>
                <Baseline points="757,2834 816,2833 876,2832 936,2831 996,2830 1056,2830 1116,2830 1176,2829 1236,2829 1296,2829 1356,2828 1415,2828 1475,2828 1535,2827 1595,2826 1655,2826 1715,2824 1775,2823 1835,2821 1895,2819 1955,2817"/>
                <TextEquiv>
                    <Unicode>er hätte anders eingreifen können und müssen, um sie vor manchen</Unicode>
                </TextEquiv>
            </TextLine>
            <TextLine id="r1l107" custom="readingOrder {index:106;}">
                <Coords points="1979,2861 2269,2842 2684,2858 2720,2847 2721,2809 1980,2805"/>
                <Baseline points="1992,2840 2027,2839 2063,2838 2099,2837 2135,2837 2170,2837 2206,2837 2242,2838 2278,2838 2313,2838 2349,2839 2385,2839 2421,2840 2456,2840 2492,2841 2528,2841 2564,2841 2599,2841 2635,2841 2671,2840 2707,2839"/>
                <TextEquiv>
                    <Unicode>letzten Akt aber überzeugte auch er ganz.</Unicode>
                </TextEquiv>
            </TextLine>
            <TextLine id="r1l108" custom="readingOrder {index:107;}">
                <Coords points="117,2879 686,2863 729,2844 728,2810 115,2826"/>
                <Baseline points="130,2858 159,2859 188,2859 217,2860 247,2860 276,2859 305,2859 335,2858 364,2857 393,2856 423,2855 452,2853 481,2852 510,2851 540,2849 569,2849 598,2848 628,2847 657,2846 686,2846 716,2846"/>
                <TextEquiv>
                    <Unicode>k vielleicht ist es eine melancholische</Unicode>
                </TextEquiv>
            </TextLine>
            <TextLine id="r1l109" custom="readingOrder {index:108;}">
                <Coords points="750,2893 1973,2885 1972,2823 750,2844"/>
                <Baseline points="763,2879 822,2878 882,2876 942,2875 1002,2875 1062,2874 1122,2873 1181,2873 1241,2872 1301,2872 1361,2871 1421,2871 1481,2870 1541,2869 1600,2868 1660,2868 1720,2867 1780,2865 1840,2864 1900,2862 1960,2860"/>
                <TextEquiv>
                    <Unicode>„Möglichkeiten“ ihrer Natur zu bewahren, die durchaus nicht un¬</Unicode>
                </TextEquiv>
            </TextLine>
            <TextLine id="r1l110" custom="readingOrder {index:109;}">
                <Coords points="2030,2882 3193,2896 3165,2842 2917,2824 2881,2852 2732,2826 2030,2857"/>
                <Baseline points="2043,2881 2099,2881 2156,2881 2213,2881 2270,2882 2327,2882 2384,2882 2440,2883 2497,2883 2554,2883 2611,2884 2668,2884 2725,2884 2782,2884 2838,2884 2895,2884 2952,2883 3009,2882 3066,2881 3123,2880 3180,2878"/>
                <TextEquiv>
                    <Unicode>Das Stück wird seinen Weg machen. Es hat trotz allem manche</Unicode>
                </TextEquiv>
            </TextLine>
            <TextLine id="r1l111" custom="readingOrder {index:110;}">
                <Coords points="117,2913 702,2905 730,2891 729,2850 116,2877"/>
                <Baseline points="130,2903 159,2904 188,2904 217,2904 247,2904 276,2903 305,2903 335,2903 364,2901 393,2901 423,2900 452,2899 481,2898 510,2897 540,2895 569,2894 598,2893 628,2892 657,2892 686,2891 716,2890"/>
                <TextEquiv>
                    <Unicode>hiner, deren Gefühl rein und stark</Unicode>
                </TextEquiv>
            </TextLine>
            <TextLine id="r1l112" custom="readingOrder {index:111;}">
                <Coords points="752,2931 1898,2923 1964,2866 751,2892"/>
                <Baseline points="765,2919 824,2919 883,2919 943,2919 1002,2918 1061,2918 1121,2917 1180,2917 1239,2916 1299,2915 1358,2915 1417,2914 1477,2913 1536,2912 1595,2911 1655,2910 1714,2909 1773,2907 1833,2906 1892,2905 1952,2904"/>
                <TextEquiv>
                    <Unicode>verbrüchlich Wirklichkeiten zu werden brauchten, und deren Reali¬</Unicode>
                </TextEquiv>
            </TextLine>
            <TextLine id="r1l113" custom="readingOrder {index:112;}">
                <Coords points="1977,2933 3200,2930 3097,2886 1977,2887"/>
                <Baseline points="1991,2929 2050,2927 2110,2926 2170,2925 2230,2925 2290,2925 2350,2925 2409,2925 2469,2925 2529,2926 2589,2926 2649,2926 2709,2927 2769,2927 2828,2927 2888,2927 2948,2926 3008,2926 3068,2925 3128,2923 3188,2921"/>
                <TextEquiv>
                    <Unicode>theatralisch wirksame Szene, ernsthafte Menschen finden viel Besinn¬</Unicode>
                </TextEquiv>
            </TextLine>
            <TextLine id="r1l114" custom="readingOrder {index:113;}">
                <Coords points="107,2957 495,2959 630,2937 741,2962 739,2900 718,2893 106,2913"/>
                <Baseline points="121,2946 151,2947 181,2947 211,2947 242,2946 272,2946 302,2945 333,2944 363,2944 393,2943 424,2941 454,2940 484,2939 514,2938 545,2936 575,2936 605,2935 636,2934 666,2933 696,2933 727,2933"/>
                <TextEquiv>
                    <Unicode>darauf verzichten, den Cancan mit¬</Unicode>
                </TextEquiv>
            </TextLine>
            <TextLine id="r1l115" custom="readingOrder {index:114;}">
                <Coords points="760,2980 1942,2968 1967,2916 759,2929"/>
                <Baseline points="773,2966 832,2965 891,2964 950,2963 1009,2962 1068,2962 1127,2961 1186,2961 1245,2961 1304,2960 1364,2960 1423,2959 1482,2959 1541,2958 1600,2957 1659,2956 1718,2955 1777,2954 1836,2952 1895,2950 1955,2947"/>
                <TextEquiv>
                    <Unicode>sierung sie zerrüttet haben. Man kommt ja keineswegs nur dann</Unicode>
                </TextEquiv>
            </TextLine>
            <TextLine id="r1l116" custom="readingOrder {index:115;}">
                <Coords points="1972,2976 3031,2996 3203,2978 3203,2930 1972,2945"/>
                <Baseline points="1986,2972 2046,2971 2106,2971 2166,2971 2227,2971 2287,2971 2347,2971 2407,2971 2468,2971 2528,2971 2588,2971 2648,2971 2709,2972 2769,2972 2829,2972 2889,2972 2950,2971 3010,2971 3070,2971 3130,2970 3191,2969"/>
                <TextEquiv>
                    <Unicode>liches darin, und andere werden sich an den zahlreichen amourösen</Unicode>
                </TextEquiv>
            </TextLine>
            <TextLine id="r1l117" custom="readingOrder {index:116;}">
                <Coords points="124,3000 506,2984 655,2998 729,2973 728,2937 503,2959 123,2956"/>
                <Baseline points="138,2990 168,2990 198,2989 229,2989 259,2989 290,2988 320,2988 351,2987 381,2986 412,2986 442,2985 473,2984 503,2983 534,2982 564,2981 595,2980 625,2978 656,2977 686,2975 717,2973"/>
                <TextEquiv>
                    <Unicode>frau, ohne Wetbewerb, ohne Eifer¬</Unicode>
                </TextEquiv>
            </TextLine>
            <TextLine id="r1l118" custom="readingOrder {index:117;}">
                <Coords points="759,3022 1810,3013 1961,2995 1961,2962 759,2978"/>
                <Baseline points="773,3011 831,3009 890,3008 949,3007 1008,3006 1066,3005 1125,3004 1184,3003 1243,3002 1301,3002 1360,3001 1419,3000 1478,2999 1536,2999 1595,2998 1654,2997 1713,2996 1771,2995 1830,2993 1889,2992 1948,2990"/>
                <TextEquiv>
                    <Unicode>zu sich und seiner Form, wenn man alle Möglichkeiten ausschöpft —</Unicode>
                </TextEquiv>
            </TextLine>
            <TextLine id="r1l119" custom="readingOrder {index:118;}">
                <Coords points="1981,3025 3006,3016 2955,2977 1981,2976"/>
                <Baseline points="1993,3014 2043,3014 2093,3014 2143,3015 2193,3015 2243,3015 2293,3015 2343,3014 2393,3014 2443,3014 2493,3014 2543,3014 2593,3014 2643,3014 2693,3014 2743,3013 2793,3013 2843,3013 2893,3013 2943,3014 2993,3014"/>
                <TextEquiv>
                    <Unicode>Affären ergötzen. In diesem Haus sind viele Wohnungen.</Unicode>
                </TextEquiv>
            </TextLine>
            <TextLine id="r1l120" custom="readingOrder {index:119;}">
                <Coords points="119,3044 636,3026 703,3040 734,3027 733,2970 654,2993 118,2998"/>
                <Baseline points="132,3032 161,3032 190,3033 220,3033 249,3033 279,3033 308,3032 338,3031 367,3031 397,3030 426,3029 455,3028 485,3027 514,3026 544,3025 573,3024 603,3023 632,3023 662,3022 691,3021 721,3021"/>
                <TextEquiv>
                    <Unicode>sden Männer zum ersten Mal auf</Unicode>
                </TextEquiv>
            </TextLine>
            <TextLine id="r1l121" custom="readingOrder {index:120;}">
                <Coords points="752,3066 1967,3061 1966,3010 1915,2998 751,3017"/>
                <Baseline points="765,3055 824,3053 883,3052 943,3050 1002,3049 1062,3048 1121,3047 1181,3047 1240,3046 1300,3046 1359,3045 1418,3045 1478,3044 1537,3044 1597,3043 1656,3042 1716,3040 1775,3039 1835,3037 1894,3036 1954,3033"/>
                <TextEquiv>
                    <Unicode>Form heißt immer Verzicht. Früheren Zeiten ist das eine selbst¬</Unicode>
                </TextEquiv>
            </TextLine>
            <TextLine id="r1l122" custom="readingOrder {index:121;}">
                <Coords points="116,3082 262,3094 298,3078 355,3102 377,3083 496,3093 534,3071 588,3098 623,3077 726,3087 725,3036 637,3025 115,3044"/>
                <Baseline points="129,3076 158,3078 187,3078 216,3079 245,3079 275,3079 304,3078 333,3078 362,3077 391,3076 421,3075 450,3074 479,3073 508,3072 537,3070 567,3069 596,3068 625,3067 654,3067 683,3066 713,3066"/>
                <TextEquiv>
                    <Unicode>die erste, wo man den Schnitzler,</Unicode>
                </TextEquiv>
            </TextLine>
            <TextLine id="r1l123" custom="readingOrder {index:122;}">
                <Coords points="2211,3112 2242,3103 2273,3112 2296,3103 2334,3109 2354,3097 2378,3104 2387,3093 2465,3099 2461,3023 2443,3021 2418,3035 2402,3028 2384,3034 2353,3020 2323,3035 2299,3023 2267,3038 2248,3026 2207,3030"/>
                <Baseline points="2222,3080 2247,3079 2272,3079 2298,3078 2323,3077 2348,3075 2374,3074 2399,3072 2424,3071 2450,3068"/>
                <TextEquiv>
                    <Unicode> </Unicode>
                </TextEquiv>
            </TextLine>
            <TextLine id="r1l124" custom="readingOrder {index:123;}">
                <Coords points="763,3107 1960,3096 1959,3042 762,3066"/>
                <Baseline points="775,3095 833,3094 892,3093 950,3092 1009,3091 1068,3091 1126,3091 1185,3091 1243,3090 1302,3090 1361,3090 1419,3090 1478,3089 1536,3089 1595,3088 1654,3087 1712,3085 1771,3084 1829,3082 1888,3080 1947,3077"/>
                <TextEquiv>
                    <Unicode>verständliche Weisheit gewesen, und nur die quantitative Denkweise</Unicode>
                </TextEquiv>
            </TextLine>
            <TextLine id="r1l125" custom="readingOrder {index:124;}">
                <Coords points="120,3137 133,3137 143,3126 187,3139 212,3128 284,3127 294,3135 343,3119 343,3085 322,3091 294,3078 243,3094 227,3084 119,3080"/>
                <Baseline points="133,3119 161,3120 189,3120 217,3119 246,3119 274,3119 302,3118 331,3117"/>
                <TextEquiv>
                    <Unicode>n bekommt.</Unicode>
                </TextEquiv>
            </TextLine>
            <TextLine id="r1l126" custom="readingOrder {index:125;}">
                <Coords points="762,3151 1962,3142 1961,3096 1882,3086 761,3105"/>
                <Baseline points="774,3138 832,3137 891,3137 950,3137 1009,3136 1067,3135 1126,3135 1185,3134 1244,3133 1302,3133 1361,3132 1420,3131 1479,3130 1537,3129 1596,3128 1655,3127 1714,3126 1772,3125 1831,3124 1890,3123 1949,3121"/>
                <TextEquiv>
                    <Unicode>dieser Zeit hat die Qualität der Menschen gefährdet. Schnitzlers</Unicode>
                </TextEquiv>
            </TextLine>
            <TextLine id="r1l127" custom="readingOrder {index:126;}">
                <Coords points="120,3172 743,3158 742,3133 693,3116 562,3105 506,3127 428,3091 299,3131 119,3138"/>
                <Baseline points="132,3163 161,3164 191,3165 221,3165 251,3165 281,3165 311,3164 341,3163 371,3162 401,3162 431,3160 460,3159 490,3157 520,3156 550,3155 580,3154 610,3152 640,3152 670,3151 700,3150 730,3150"/>
                <TextEquiv>
                    <Unicode>nken, nicht bloß ihre Empfindungen</Unicode>
                </TextEquiv>
            </TextLine>
            <TextLine id="r1l128" custom="readingOrder {index:127;}">
                <Coords points="758,3190 1979,3181 1935,3135 1755,3122 758,3151"/>
                <Baseline points="770,3185 829,3184 889,3184 949,3183 1009,3182 1068,3182 1128,3181 1188,3181 1248,3180 1307,3179 1367,3179 1427,3178 1487,3177 1546,3176 1606,3175 1666,3174 1726,3173 1785,3172 1845,3171 1905,3169 1965,3168"/>
                <TextEquiv>
                    <Unicode>Aurelie hat Form und Qualität, und so zerbricht sie, als der von</Unicode>
                </TextEquiv>
            </TextLine>
            <TextLine id="r1l129" custom="readingOrder {index:128;}">
                <Coords points="115,3208 428,3217 553,3194 704,3199 742,3160 114,3167"/>
                <Baseline points="127,3201 157,3202 187,3202 217,3203 247,3203 278,3203 308,3203 338,3203 368,3202 398,3202 429,3201 459,3200 489,3199 519,3198 549,3197 580,3196 610,3196 640,3194 670,3193 700,3192 731,3191"/>
                <TextEquiv>
                    <Unicode>euen suchen, hebt sich mit dem Ent¬</Unicode>
                </TextEquiv>
            </TextLine>
            <TextLine id="r1l130" custom="readingOrder {index:129;}">
                <Coords points="130,3259 1983,3201 129,3208"/>
                <Baseline points="142,3245 233,3243 324,3240 416,3238 507,3235 598,3234 690,3232 781,3230 872,3229 964,3228 1055,3226 1146,3225 1238,3224 1329,3222 1420,3221 1512,3219 1603,3218 1694,3216 1786,3214 1877,3211 1969,3209"/>
                <TextEquiv>
                    <Unicode>sicksals von jenem aimablen Gesell- ihren „Möglichkeiten“ besessene Grübler sie allen diesen Möglichkeiten</Unicode>
                </TextEquiv>
            </TextLine>
            <TextEquiv>
                <Unicode>29. Kongedie der Verfuchrung box 33/6
aussetzt. Nun ist sie so erschüttert und verstört. an sich selbst irre
schaftsspiel ab; aber einige, nicht ganz unwesentliche Fasern ihrer
geworden, daß sie an seine Kraft und sein Recht zum Vertrauen
Nerven sind darin verstrickt, und zeitweilig sinkt sie in der Um¬
Verführung.
klammerung der Schlingpflanzen unter. Doch ist sie immer nur mit
nicht mehr glauben kann. Und in der Tat: unmittelbar, nachdem er
den Nerven, nie mit der Seele dabei. Die gehört dem einen jener
ihr versichert hat, daß die Gespenster keine Macht mehr über ihn
schnitzler.
beiden Freunde, und daß er wider Willen an ihrem Gleiten schuld
haben, und sie, scheinbar beruhigt, den Rücken gewendet hat, fällt er
[Rachbruck verboten.]
ist, das ist eine wirklich traurige Geschichte, traurig und wirklichkeits¬
in seine Zweifel zurück. Sie beide sind heillos zerstört, und als die
getreu. Denn als sie ihn, den Vierziger, einigen um ein halbes
Everth.
Frau, in richtiger Ahnung, daß seine angebliche Wandlung gar nicht
Menschenalter jüngeren Bewerbern vorzieht, glaubt er nicht, daß es
im Bereich seiner Möglichkeiten liegt, sich ertränkt und er ihr
Wien, den 14. Oktober.
Liebe sei, sondern nur Vertrautheit und Vertrauen aus der Jugend
folgt, geschieht das mit der Unentrinnbarkeit wirklicher Tragik.
her, zumal er einst ihr Vormund war. Er meint, sie täusche sich, er
e Uraufführung von Schnitzlers
Der Zuschauer ist ergriffen, aber einverstanden mit solchem Ende,
fürchtet die Enttäuschung und spintisiert weiter: sie, die Strahlende,
ödie der Worte“, die eigent¬
weil es notwendig ist.
müsse mehr vom Leben gewinnen als einen Menschen. So sehr sie
Verführung handelte, unter be¬
Das Ganze ist indessen doch keine Tragödie. Dazu ist das spezifische
auch, in wundervollen Worten, sich dagegen verwahrt, es bestätigt sich,
bruchs, kommt nun nach einem
Gewicht nicht durchweg groß und die Form nicht straff genug. Es ist
worüber er sich klar ist: Die Voraussicht hat geheimnis¬
ssen die Gestalt Casanovas dem
überhaupt eigentlich kein Drama, sondern ein Buch, das der Erzähler
volle Kraft, heraufzubeschwören, was sie verhüten
Lied von den „dunklen ewigen
Schnitzler in der äußeren Form eines Dramas geschrieben hat. In
möchte! So drängt er sie aus Lebensangst, vielleicht auch in der
n Mann zu Weib und von Weib
einer Erzählung kann man so viele Fäden verknüpfen, die zum Teil nur
schmerzlichen Wollust des Verzichtens — anderen in die Arme, zuerst
eschlecht“, wie es in der Komödie
sehr wenig miteinander zu tun haben. Merkwürdig übrigens, wie
zum Tanz, und das andere findet sich ohne sein Zutun. Die Szenen
er da, wo er dramatisch wird, sich eigentümlich in der Nachfolge Ib¬
aber des ersten Aktes, in denen diese Grundlinien des Bildes, auf das
gabzuwenden: Komödie steht nur
sens bewegt; in einigen Szenen gegen den Schluß hin spricht er im
es in dem Werk ankommt, gezogen werden, heben sich — es kann nicht
tertitel, und es ist auch gar keine
Tonfall und beinahe mit den Bildern des späten Ibsen. Man denkt
anders sein — auch dramatisch und dichterisch über das Niveau der
weilen schwer wie eine Tragödie,
an das Erwachen der Toten, und das Problem des unerschwinglichen
meisten anderen hinaus. Hier ist bester Schnitzler, hier ist bei aller
rzweigten Handlung ist ganz tra¬
Vertrauens erinnert, ebenso wie die Katastrophe, an Rosmersholm.
Grübelei seines Barons die ganze Kommentarlosigkeit und Vieldeutig¬
er Menschen. Das übrige ist schon
Das Ganze jedoch, ist so breit und so locker gefügt, daß man bei der
keit des Lebens. Und als am Schluß des Aktes, eben nach jenen
#ustig. So ist das Wort vielleicht
fast vierstündigen Uraufführung mehr hätte strrichen sollen, als
ei Bitterkeit in dem Werk, einiges
Szenen, die Frau von dem, den sie liebt, „freigegeben“ und sich selbst
man tat.
überlassen, mit einem jungen, liebenswürdigen Fant davongeht, nicht
fsehen. Im ganzen glaubt man,
Die Aufführung war gut. Das Wesentliche kam zu klarer Gestalt,
schwer zu erraten, wohin, ist man erschüttert. Komödie? Nein.
heater zu sitzen, wo die Menschen,
und in dem weniger Wesentlichen wurde mancher peinliche Zug ge¬
ebs. Marionetten gleich an den
Die Mischung ist anders.
mildert. Die Hauptrollen hatten Frau Wohlgemuth und Herr
ämon der Gattung zieht, vor dem
Inzwischen wirbelt nun der Liebestanz der menschlichen Eintags¬
Aslan. Die Frau, sehr schön wie immer, aber auch sehr klug und
um in Betracht kommen, nur als
fliegen fast zwei Akte lang, lange Akte. Dann hat die Frau, bei
seelisch ausschöpfend, nahm den Ton gleich zu Anfang schwer und tief
n die Zeit wieder einmal erfüllt ist
aller Unwandelbarkeit ihrer Liebe, erkannt, daß nach alledem auch
und stimmte alles, was sie durchlebt, auf einen letzten unanzweifel¬
leistet.
der einzige, den sie je geliebt hat, sie niemals so völlig besitzen
baren Ernst. Der Baron von Falkenir, ein Detter oder Bruder des
n anderen, in ewigem Spiel „Ver¬
könnte, wie er es zur Bedingung machte, weil kein Mensch einen
Herrn von Sala aus dem „Einsamen Weg“, war bei Herrn Aslan
e Art von „Reigen" Oder, wenn
andern je so besitzen kann. Ihm aber ist inzwischen der Fluch
vielleicht äußerlich nicht leicht genug, auch etwas zu alt, dazu anfangs
freuzung zwischen „Liebelei" und
der bloßen Betrachtung aufgegangen, er hat eingesehen, was
ein wenig scharf, fast eigensinnig in seiner Doktrin von der Lebens¬
pißchen viel durcheinander geliebelt,
der Zuschauer im ersten Akt ihm glaubte einwerfen zu sollen: daß
angst der anderen, an der doch niemand so leidet wie er selbst. Im
e Lust zum Leben gerade vermehrt
er hätte anders eingreifen können und müssen, um sie vor manchen
letzten Akt aber überzeugte auch er ganz.
k vielleicht ist es eine melancholische
„Möglichkeiten“ ihrer Natur zu bewahren, die durchaus nicht un¬
Das Stück wird seinen Weg machen. Es hat trotz allem manche
hiner, deren Gefühl rein und stark
verbrüchlich Wirklichkeiten zu werden brauchten, und deren Reali¬
theatralisch wirksame Szene, ernsthafte Menschen finden viel Besinn¬
darauf verzichten, den Cancan mit¬
sierung sie zerrüttet haben. Man kommt ja keineswegs nur dann
liches darin, und andere werden sich an den zahlreichen amourösen
frau, ohne Wetbewerb, ohne Eifer¬
zu sich und seiner Form, wenn man alle Möglichkeiten ausschöpft —
Affären ergötzen. In diesem Haus sind viele Wohnungen.
sden Männer zum ersten Mal auf
Form heißt immer Verzicht. Früheren Zeiten ist das eine selbst¬
die erste, wo man den Schnitzler,
 
verständliche Weisheit gewesen, und nur die quantitative Denkweise
n bekommt.
dieser Zeit hat die Qualität der Menschen gefährdet. Schnitzlers
nken, nicht bloß ihre Empfindungen
Aurelie hat Form und Qualität, und so zerbricht sie, als der von
euen suchen, hebt sich mit dem Ent¬
sicksals von jenem aimablen Gesell- ihren „Möglichkeiten“ besessene Grübler sie allen diesen Möglichkeiten</Unicode>
            </TextEquiv>
        </TextRegion>
    </Page>
</PcGts>
