3392 4352
508 190 619 252 OM
222 171 2294 276 29. Konbedie der Verfuehrung box 33/6
574 897 1061 995 „Retuschen unteinegen.
687 946 2876 1037 Das Scherzo huscht rasch vorbei. Eine Figurenbewegung Wahl der Prostituierten, dann hätte Bettauer nicht so viel be¬
3007 985 3311 1092 die 2
567 1022 2873 1084 ähnlich wie in Mahlers Lied „Das irdische Leben“, eröffnet den weisen können. Bettauer will überhaupt zeigen, daß die selbst¬
1718 936 3310 1186 Antenenstenee
1724 1159 2865 1214 Märtyrerin ihrer leidenschaftlichen Weibheit, die große
657 1127 1639 1237 Komödie der Verführung.
2866 1158 3301 1230 zur großen Beichte, zu
1724 1205 2868 1282 tragische Heldin jener in Nervosität umschlagenden Ver¬
2875 1208 3308 1276 kann sich nicht mehr ver
681 1222 1620 1302 Zur Uraufführung im Burgtheater.
1732 1257 2865 1323 feinerung, welche die Besten unter den Herrschenden der Vor¬
2857 1252 3302 1325 verlorenen Mann nach
694 1283 1718 1354 Die „Komödie der Verführung", Artur Schnitzlers
1728 1301 2838 1368 kriegszeit für die einzig mögliche Form der Kultur hielten.
2875 1305 3307 1367 alten, hochzebornen G
570 1341 1728 1407 jüngstes dramatisches Werk, reizvoll in seinem matten
2873 1356 3312 1417 den Zwiespalt ihrer äu
1833 1358 2872 1424 Die Fülle der ineinandergreifenden, sich gegenseitig
580 1403 1715 1455 romantischen Schimmer, tiefernst und edelreif in seiner
1722 1381 2861 1476 verankernden Motive, Handlungen und Charaktere ist so groß,
2867 1406 3299 1472 gehen freinllig aus der
567 1441 1715 1503 Problemstellung, überreich in der Fülle der Gesichte und det
2861 1455 3305 1523 brechende Weltkrieg die
1728 1454 2866 1508 daß zu ihrer hinlänglichen Erläuterung eine eigene Ab¬
564 1491 1711 1563 vielfach ineinander gewirkten Fabeln und Schicksale. die, hier
2863 1498 3310 1565 Standesgenossen in all
1726 1484 2873 1571 handlung kaum hinreichend wäre. Die Kompliziertheit des
563 1548 1719 1602 und dort mit epischer Ueppigkeit entwickelt, immer wieder zum
2870 1552 3309 1616 Klasse zu vernichten,
1721 1547 2863 1602 Baues hat es auch verschuldet, daß das Publikum, das mit
572 1591 1717 1650 Ganzen, zum erotischen Problem einer heute kaum noch
2875 1598 3299 1653 stürzten sie hinab in
1720 1588 2864 1648 begeisterten Ovationen für den Dichter nicht sparte, doch nicht
569 1629 1716 1691 bestehenden, der herrschenden Gesellschaft der Vorkriegszeit
1716 1637 2863 1706 auf den Kern des Werkes zu dringen vermochte und im letzten
2863 1640 3310 1705 die gekommen sind un
577 1683 1715 1747 wirken, wird zu den wertvollsten Kulturdokumenten gezählt
2868 1695 3306 1773 zum Ende der Welten.
1721 1688 2860 1755 Akt, da in einer ja symbolischen, aber äußerlich doch zufällig
577 1743 1715 1792 werden müssen, auch dann noch, wenn das aktuelle, bis zur
2987 1739 3296 1800 Gewiß hat Schi
1717 1735 2870 1800 wirkenden Lösung die Handlung hinter Erörterungen und
570 1774 1712 1844 Willenslähmung hochgezüchtete Interesse an jener Gesellschaft,
1713 1786 2869 1844 Aufdeckungen individual= und gesellschaftspsychologischer Ab¬
2868 1776 3303 1848 Moral und deren Leid
566 1833 1710 1888 an ihrer feelischen Kompliziertheit, an ihrer mit der eigenen
2869 1832 3303 1902 durchforscht in seiner
1718 1844 2869 1903 schlüsse zurücktritt, nicht mehr so lebhaft mitschwang als in
573 1875 1712 1952 fexuellen Triebhaftigkeit in krassem Widerspruch stehenden
2866 1879 3299 1947 höht, aber er hat dam
1723 1886 2870 1937 den ersten Akten handlungsbunter Entwicklung und fein
568 1928 1374 1998 Anstandskultur längst erloschen sein wird.
1725 1924 2110 1997 pointierter Dialoge.
2875 1932 3314 1997 Zusammenbruchs einer
2876 1980 3300 2042 Ueberheblichkeit und U
680 1962 1716 2040 Die „Komödie der Verführung", die wie die meisten
1827 1978 2863 2038 Das Wesentliche des Spiels ist aber folgendes: Gräfin
2874 2028 3305 2103 getriebenen Klasse über
566 2025 1724 2085 komödischen Werke Schnitzlers in die Tragödie mündet,
1726 2019 2862 2082 Aurelie, eines leidenschaftlichen Vaters leidenschaftliche
564 2084 1714 2138 erscheint wie die abschließende, zusammenfassende Unter¬
1726 2083 2873 2143 Tochter, wähl. auf einem von Remigius Geyling in ein
2974 2077 3303 2151 Frau Wohlge
572 2121 1710 2189 suchung eines Arztes über das Forschungsgebiet seines
1729 2116 2870 2190 zauberhaft schönes Bühnenbild gefaßten nächtlichen Parkfest
2875 2115 3308 2195 großen Spiel mehr v#
579 2167 1718 2232 Lebens, erscheint wie die letzte, endgüllige Form eines
1719 2179 2861 2235 unter ihren Freiern, dem prinzlichen Festgeber, einem Dichter
2872 2178 3294 2246 von der unheimlichen
574 2223 1715 2287 dichterischen Lebenswerkes. Kaum eine der mancherlei Be¬
1723 2229 2856 2283 und dem Freiherrn von Falkenier, diesen, den Aeltesten, den
2865 2225 3280 2290 gebändigt erschien.
567 2271 1720 2334 ziehungen und Handlungen, die der Dichter in diese tragische
1725 2274 2869 2322 Wissendsten, den Zartsinnigsten und Gehaltensten. Weil sie vor
2871 2272 3309 2345 Reisenberg weniger tr#
573 2329 1717 2380 Komödie hineinkomponiert hat, kaum eine der in ver¬
1727 2321 2857 2384 sich selbst flieht, vor ihrer wilden Sexualität, die ihrem geistigen
2868 2329 3278 2391 Retty war als
573 2372 1720 2430 schwenderischer Fülle leicht und meisterlich geformten
1716 2366 2864 2418 Selbst fürchterlich und verhaßt ist. Falkenier aber, der Wissende,
2873 2367 3302 2435 gewaltigen, der aber
573 2408 1721 2472 Gestatten ist nicht aus Schnitzlers älteren Werken hervor¬
1720 2412 2858 2474 der die dunklen Ströme des Blutes rauschen hört, ahnt den
2873 2426 3300 2497 Konsequenzen zu voll
562 2465 1715 2526 gewachsen, aber keine einzige dieser Handlungen, Beziehungen,
1713 2471 2858 2528 Entsagungswillen dieser Wahl, tritt zurück, obwohl er Aurelie
2876 2469 3301 2539 etwas krasser in der
569 2519 1719 2573 Menschenbilder der Kotödie ist ein blutleerer Revenant, ein
1717 2518 2861 2561 liebt. So wird Aurelie noch in derselben Nacht dem oberfläch¬
2871 2514 3296 2582 unbedingt notwendig.
571 2558 1713 2621 abgetriebener Wiedergänger, ein blasser Schatten, sondern alle
1718 2563 2865 2614 lichsten Gesellen der vornehmen Gesellschaft, Max von Reisen¬
2875 2561 3290 2618 innerlich gab Ludwig
1719 2605 2863 2663 berg, in die Arme getrieben, einem appetitlichen Näscher der
576 2608 1723 2659 sind sie in dem jüngsten Werke auferstanden als Vollendete
2872 2602 3302 2668 mit der großen Liebe
566 2649 1710 2711 in künstlerischer und menschlicher Vollendung. Wieder schlingt
1725 2661 2855 2710 Liebe, dem die süße Tochter eines alten Kammersängers, dann
2870 2658 3303 2724 wenig zu matt abgetö
567 2705 1714 2770 sich der Reigen der Liebelei, aber diesmal öffnen sich im
1718 2703 2856 2762 die lodernde, aber nach einer unglücklichen Liebe zu ihrem
2863 2704 3296 2773 und großen Falkenier.
1722 2750 2855 2821 Schwager wegsicher und freilebig gewordene Judith zufällt
568 2750 1712 2810 weiten Lande der Erotik Abgründe, aus denen gerade die
2869 2753 3305 2821 Höbling als Gysa
1718 2805 2853 2870 und jede zufallen würde für eine Nacht zum Sinnengenuß,
572 2801 1716 2858 wertvollsten Gäste des ewigen Baechusfestes nur noch den
2865 2805 3289 2868 Maria Mahen als
570 2850 1709 2913 einen, letzten Weg ins Freie finden. Und Anatol ist wieder da
1723 2851 2853 2913 aber keine für die Dauet, keine für Innigeres. Aurelie aber
2867 2857 3295 2913 Leistungen von achtün
574 2890 1713 2950 und heißt Max, ein Männchen, das immer da ist und dem
1725 2894 2863 2957 verfällt nach Max dem großen Maler Gysar, der ein frivoler
2859 2895 3287 2966 und humorvoll gab sie
568 2936 1718 2995 jede erliegt, der aber keine zu fesseln vermag, das süße Mädel
1727 2937 2854 3011 Mensch ist, und rettet sich endlich zu dem verschmähten Dichter,
2860 2944 3278 3010 Kammersänger und el
1721 2994 2854 3049 den sie in ihren lohenden Stunden auch haben könnte, wenn
568 2992 1716 3054 heißt Seraphine. Julius Fichtner als Falkenier geht wieder
2861 2996 3274 3062 alter Don Junn. E
577 3044 1712 3101 seinen einsamen Weg, und Aurelie, eine Frauengestalt, die
1725 3041 2855 3102 dieser Freund sie nicht der Heilung und seelischen Rettung durch
2869 3047 3290 3115 aber gönmten dieser P#
575 3084 1708 3159 sich Artur Schnitzter wie den Namen Medardus für eine
1715 3095 2854 3155 Falkenier zuführen wollte. Am Vorabend des Weltkrieges
2866 3090 3296 3173 Wilbrandt in den
575 3132 2855 3215 Liebesnacht seines jungen Medardus aus Hoffmanns teuf= finden sich Aurelie und Falkenier in einem dänischen Vadcort,
2845 3135 3179 3214 Künstlerpaares.
1193 3322 1269 3430 2
702 3210 1094 3466 4
851 3445 1237 3628 N/X
