3344 4224
469 268 557 310 OM
191 261 1763 333 29. Konoedie der Verfuehrung
719 1173 1300 1303 6n Nar Goldhsehmicht
477 1229 792 1313 BERLIN N4
672 1200 1315 1369 Sas der Selhonstenschuig
1010 1325 1475 1445 Teielon: Norden son
777 1354 1164 1467 Ausschnitt aus:
448 1372 1137 1553 Wesderer rachen,
638 1469 1410 1666 Wesen. Aeheloung
1449 1569 1560 1711 —
914 1698 1370 1774 Staatstheater.
939 1762 1373 1841 (Kleines Haus.)
653 1816 1732 1885 Reichsdeutsche Uraufführung: Artur Schnitzler:
585 1854 1727 1922 „Komödie der Verführung“. In Szene gefetzt von Dr. Bu¬
564 1879 771 1940 baum.
664 1931 1735 1998 Dem verführerischen Titel. der deutlich an den Reigen¬
577 1958 1727 2029 Schnitzler erinnert, möchte das ausverkaufte Haus guten
577 2019 1724 2060 Teils zu danken gewesen sein. In der Tat spielt das Eroti¬
576 2038 1737 2098 sche die Hauptrolle und dominiert auch über Tragik und
578 2087 1739 2135 Tod. Die alten Reize gehen noch von dem Dichter aus; in
579 2104 1731 2158 dem Stück herrscht wieder die eigenartige Atmosphäre aus
574 2150 1731 2201 Leichtunn und Schwermut. aus Lebensfreude und Stepses.
577 2181 1736 2238 Er ist noch der feine Stimmungskünstler, der die zartesten
575 2214 1731 2255 Farben und Zwischenlöne auf seiner Palette hat. mit fast
573 2252 1727 2292 unbegreiflicher Onenheit und Unbefangenheit Sezue es ver¬
572 2284 1727 2337 handelt und mit großartiger Gelassenheit zeigt, wie die Ge¬
571 2316 1724 2372 sellschaft von sinnlichen Trieben beherrscht wird. Oft sehr
579 2350 1722 2404 weich und innig. leise und zart: oft auch so. daß uns die
572 2379 1719 2439 girrenden und balzenden Menschen fast wie besessen erschei¬
572 2410 1730 2462 nen: oft so. als ob er die Ansicht seines (medizinischen)
577 2459 1720 2501 Kollegen Freud demonstrieren wollte. der jede Gefühls¬
570 2490 1717 2530 regung als abhängig von der inneren Sekretion gewisser
586 2516 1721 2572 Drusen bezei net. Immerhin ist hier Schnitzlers ureigenste
562 2569 1723 2607 Tomane. in der er sich noch immer mit Geist und unnach¬
572 2594 1726 2647 ahmlicher Grazie und einer Konsequenz bewegt. die zu eilen
566 2614 1726 2675 nicht ohne eine gewisse Größe ist. Aus Gründen des Kon¬
570 2665 1731 2711 trastes. vielleicht auch, weil er dichterisch tiefer greifen
575 2692 1722 2728 wollte. hat er nun in den amoureusen Betrieb die tragische
564 2729 1715 2775 Evisode von Aurelie und Falkenir eingebaut. Mit wenig
575 2755 1716 2798 Gluck. Aurelie wählt von drei Bewerbern diesen Falkenir
566 2795 1715 2850 mit schönen Worten, die sie als offenen gereiften Menschen
556 2827 1720 2886 erkennen lassen. Faklenir lehnt ab mit der Begründung.
557 2861 1716 2917 daß er sie besser als sie sich selbst lenne. Kurz, daß sie dem
563 2895 1712 2941 rauschenden Leben gehöre und nicht einem allein. Er ent¬
556 2925 1712 2975 puppt sich mit dieser Entscheidung, die eine Marotte ist. als
564 2963 1718 3008 Kanz. voll unverkennbarer Ahnlichkeit mit dem melancholi¬
555 2988 1712 3053 ien Junker von la Mancha. Aber sein salomonisches Urteil
559 3026 1723 3098 hat die verhängnisvol e Folge, daß Aurelie den Weg. den er
558 3076 1716 3116 als den ihrigen bezeichnet. geht und umgehend einige frag¬
562 3104 1714 3164 würdige Beziehungen anknupft. Als Falkenir sieht, was
557 3138 1721 3187 er angerichtet hat, lenkt er ein und bietet Liebe. Heim,
559 3170 1714 3226 Name. Er hält der (ziemlich veinlichen) Konfrontation mit
559 3202 1710 3253 Gentebten Aureliens ehern stand. und fast scheint ein neuer
556 3243 1708 3291 Liebesfrühling zu erstehen, da stürzt sich Aurelie ins Meer
556 3280 1713 3327 und. was soll er anders tun. er ihr nach. Diese ganze
548 3318 1718 3362 Enisode bleibt rein rhetorisch, ertüftelt: nicht einen Moment
556 3337 1709 3388 kann man an die Gestaltung einer dichter schen Vinon, kann
555 3377 1706 3429 man an die geniale Witterung eines Kunstlers glaubn:
555 3409 1719 3473 man lugt vielmeni dem Verfasser in die Weristatt, gewinnt
553 3447 1719 3509 mehr und mehr den Eindruck, daß Schnitzler von der inneren
1801 251 2256 330 box 33/6
1776 1707 2927 1774 Wahrheit seiner Menschen selbst wenig überzeugt sei. und
1770 1742 2918 1806 deshalb verzweifelt nach Worten. schönen. klugen und sehr
1766 1777 2829 1849 kultivierten. aber doch blutleeren Worten ringen müsse.
1833 1816 2910 1872 Dr. Burbaum, der die Dichtung sehr sinn= und zweck¬
1755 1834 2914 1912 gemäß bearbeitete, hat das anspruchsvo e Stück glänzend
1761 1882 2910 1934 bewältigt und namentlich in den Gesells aftsszenen mit ihrer
1760 1917 2907 1984 offen züngelnden und versteckt schwelenden Glut stärksten Ein¬
1766 1951 2913 1998 druck erzielt. Ein faszinierender Rhythmus sorühenden
1765 1986 2899 2046 Lebens erfüllte die Bühne, und das Antlitz einer sittlich stark
1768 2021 2898 2080 ramponierten Gesellschaft starrte geisterhaft in den Raum.
1761 2053 2913 2108 Das Räderwerk des Kommen und Gehens, der Frage und
1758 2071 2910 2144 Anshort. der Zwischenrufe funktionierte prompt, und der
1769 2126 2908 2185 anmutreiche Dialog wies reizvolle Nuancen auf. Dr. Bux¬
1761 2159 2914 2218 bäum. seinem Mithelfer Gerhard Buchholz für dekorative
1762 2190 2909 2257 Bühnenbilder sehr verpflichtet, konnte denn auch am Schluß
1767 2224 2900 2287 starken Bei all und Zurufen wiederholt Folge l isten Von
1759 2258 2864 2322 den zahlreichen Solisten sei zunächst die „Gräfin Aurelie
1748 2297 2899 2357 von Thila Hummel genannt. die sich redliche Mühe gab.
1749 2325 2910 2394 geistiges Verstörtsein auf Grund weitgehender Verhältnisse
1749 2368 2906 2422 bei nicht lädierter feelischer Reinheit usw. durch eine schwe¬
1746 2399 2905 2462 bende Sing=Sprechweise plausibel zu ma en. Kurt Sell¬
1750 2433 2903 2494 nick. immer an richtiger Stelle. fand sogar für das
1750 2468 2639 2521 seltsame Gedankengekräusel Falkenirs Ton
2634 2477 2892 2523 und Hal¬
1742 2509 2897 2562 tung und Wolfgang Langhoff war ein Anatol=Typus von
1746 2531 2903 2598 angenehmer Besonderheit. Friedl Nowack ist eine Naive
1755 2567 2892 2635 von weitreichenden Fähigkeiten, deren schätzbarste ist, daß sie
1752 2603 2897 2662 nichts macht, sondern immer zu sein scheint, daß sie sehr
1741 2634 2884 2692 theaterfern ist. Bernhard Herrmann trug sein prinz¬
1757 2672 2888 2732 liches Ordensband mit salopper Selbstverständlichkeit, und
1749 2703 2882 2763 Aug. Momber war ein sehr dämonischer Maler: außer den
1748 2735 2883 2794 Genannten war fast das gesamte künstlerische Personal auf¬
1739 2784 2892 2833 geboten und vereinigte sich zu einer seir noblen und
1744 2801 2892 2873 diszivlinierten Gesamtleistung, die rückhaltlose Anerkennung
1756 2841 2888 2902 fand. Im ganzen ein Abend, der die Inszenierungs= und
1737 2887 2886 2939 Schausvielkunst unseres Staatstheaters auf erfreulicher Höhe
1740 2907 2891 2982 und den Prozeß der schon längere Zeit währenden Schnitzler¬
1733 2951 2431 2998 Dämmerung unzweideutig nachwies.
2735 3019 2969 3096 ms
