3392 4352
230 230 2324 351 29. Konoedie der Verfuchnung box 33/6
1587 731 1820 806 S
393 770 1251 857 Vielleicht eineinhalb Jahrzehnte hat,
1299 785 2150 875 Weil er das falsche Theater vermeiden,
2201 811 3030 876 Man spricht noch immer von den zwei
135 812 3040 912 U# Schnitzler an seinem Verführungsdrama ge= wollte, das immer entsteht, wenn in einer großen Rötselfragen des Schnitzlerschen
133 887 1230 938 ratheater= arbeitet. Es ist ja bekannt, wie er das macht.
1223 895 3042 944 größeren Gesellschaft zwei Schauspieler „heim= Stückes. Erstens: Was hat er mit den vielen
161 917 346 979 — Artur
341 924 1234 978 Er schreibt mit langsamer Ueberlegung einen
1232 936 3044 1000 lich“ miteinander sprechen sollen. Die Lüge Liebesafären sagen wollen? Zweitens: Sind
135 951 347 1011 s ist der
330 962 1246 1024 Akt nieder und sperrt die Blätter dann in den
1235 975 2131 1020 besteht darin: Die ringsherum ganz nahe
2118 984 3036 1049 die Figuren wirklichen Personen der Wiener
122 1003 1242 1073 Wersonen? Schreibtisch ein. Nach Monaten nimmt er das
1240 1017 2125 1067 stehenden anderen Schauspieler dürfen von dem
2125 1022 2641 1093 Gesellschaft nachgebildet?
139 1055 1236 1105 itzlers, Manuskript wieder heraus und liest es — als
1235 1056 2135 1110 Gespräch nichts hören. Wohl aber soll das weit
2198 1048 3034 1137 Sprechen wir zuerst vom Sinn des
147 1094 1241 1155 t sich als ein anderer. Denn was alles hat er seither
1224 1099 2124 1153 entfernte Publikum jeden Beistrich vernehmen!
2132 1090 3032 1162 Stückes: Gräfin Aurelie und Baron Falkeni
119 1133 1241 1190 kers ent= in sich aufgenommen, was alles erlebt! So
1223 1148 2131 1198 Wenn nun der Regisseur die heimlich
2128 1155 3042 1202 sind einander in wahrer Liebe zugetan. Aug
123 1175 1238 1234 alle Er=sitzt plötzlich der Kritiker Artur Schnitzler
1230 1179 2120 1240 Sprechenden möglichst weit von der übrigen
2118 1191 3043 1249 der Dichter Ambros Doehl ist in die Gräfin
127 1228 1229 1285 rfahrenen. über den Dichter gleichen Namens zu Gericht
1225 1206 2122 1279 Gesellschaft aufstellen, sogar in einen eigenen
2120 1240 3034 1283 sterblich verliebt. Eine tiefe, jedes Opfers
335 1265 1232 1325 und bessert ihn aus und zerfetzt ihn und be¬
135 1249 347 1324 Unrecht,
1227 1276 2128 1334 Heimlichkeitsgang einschieben kann, so wird
2131 1283 3042 1353 fähige Liebe glüht in der jungen Judith Asrael
327 1307 1230 1366 fiehlt ihm schließlich, die Sache anders, feiner,
116 1295 342 1381 Arbeit der
1232 1302 1677 1385 diese Lüge vermieden.
2127 1326 3045 1384 für ihren Schwager, den Bankpräsidenten
140 1354 1231 1408 Er habe gescheiter zu machen. Und der arme Dichter
2121 1363 2397 1428 Westerhaus.
2375 1370 3035 1432 Und wie edel liebt der Prinz
1621 1378 1716 1437 *
123 1381 1235 1447 schließlich schleicht sich wie mit kaltem Wasser begossen
2114 1407 3039 1471 Arduin die schon erwähnte Gräfin Aureliel
1293 1418 2118 1493 In diesem Gang gibt es nun eine höchst
140 1441 1234 1507 Abschluß davon und geht wieder stundenlang spazieren,
2114 1452 3043 1513 Zwischen allen diesen Paaren aber, die durch
330 1475 1220 1545 morgens und abends, von der Türkenschanze
1227 1473 2127 1532 wichtige Szene zwischen der Frau Bankpräsi¬
2117 1484 3050 1571 wahrhafte Seelenneigung verbunden sind,
333 1522 1219 1573 zum Kahlenberg hinaus und wieder zurück
1221 1521 2117 1572 dentin und einem Jourgast, der sie liebt. Es
123 1511 339 1588 Schnitzlers
2118 1536 2954 1594 kommt es nie zu körperlicher Annäherung.
336 1563 1229 1627 den alten Poetenweg, Tage und Wochen, und
1222 1564 2137 1622 ist der Herr Staatsanwalt Braunigl. Die edle
132 1566 337 1641 siedardus“
2205 1569 3037 1657 Dagegen geben sich Gräfin Aurelie und
334 1597 1224 1675 sinnt und sinnt, bis ihm das Bessere einfällt.
1224 1608 2124 1671 Finanzgattin verspricht dem Herrn Staats¬
135 1618 333 1679 kt. Ein
2113 1625 3035 1693 Judith Asrael eigentlich ganz bedenkenlos
414 1639 1221 1700 So ist die neue Komödie Schnitzlers ent¬
1228 1651 2121 1701 anwalt, noch am selben Abend, 8 Uhr, in
126 1659 338 1727 h auf das
2116 1675 3037 1736 einem jungen, hübschen Wiener hin, den sie gar
1219 1685 2123 1746 seiner Wohnung zu sein, wenn er bis dahin
328 1688 1229 1752 standen. Fast jede Szene ein paarmal ver¬
129 1693 335 1765 sich aber
2126 1713 3034 1785 nicht lieben, der für sie nach dem ersten Aben¬
325 1734 1226 1806 worfen und wieder aufgelesen und um¬
1220 1727 2124 1787 ihren Gatten ein bißchen hat einsperren lassen.
148 1744 332 1809 nicht an
2110 1750 2702 1832 teuer für immer abgetan ist!
321 1765 559 1842 gearbeitet.
1234 1762 2124 1831 Frau Retty spielt überaus lebhaft die leicht¬
158 1788 330 1845 Anmut.
2200 1796 3043 1865 Diese untrügliche Feststellung macht klar,
1220 1813 2135 1874 sinnige Freude, von dem unbequemen Gatten
402 1799 1231 1885 Gewiß, das Eisen muß glutheiß sein, das
129 1813 330 1893 chauspiel.
2128 1854 3025 1917 was der Dichter beweisen wollte: Die wirkliche
327 1854 1221 1931 der Dichter schmiedet. Aber er selbst muß
133 1877 291 1942 ten gute
326 1899 531 1976 kalt sein.
2124 1891 3035 1959 Liebe und die sinnliche Leidenschaft haben mit¬
1212 1786 2116 1976 Sunteritenet h er rht e
123 1908 328 1979 t größter
2124 1944 3035 1994 einander nichts zu schaffen! Nur daß sie oft in
1215 1920 1767 2010 Verhaftungsgrund finden!
127 1960 339 2022 vornehm
2122 1984 3040 2048 einer Frau vereinigt sind! An dem Mann
406 1984 1231 2039 Die alten Römer hielten jeden Dichter
1295 1979 2116 2068 Diese Szene voll aktueller Sensationsluft
128 2002 337 2063 lich einem
2123 2034 3034 2082 ihrer idealen Liebe hält sie für ihr ganzes
334 2021 1223 2086 zugleich auch für einen Propheten und hatten
1220 2035 2123 2096 hat bei der Erstaufführung überaus stark
122 2048 330 2105 die Arme
2121 2070 3028 2120 Leben fest. Doch den, der ihre Sinnlichkeit
331 2077 1231 2144 für beide dieselbe Bezeichnung: vates. Als
1223 2091 2120 2138 gewirkt. Denn alles stand unter dem Eindruck
130 2084 346 2164 hen, der
2110 2114 3043 2167 berauscht, stößt sie nach erlangter Nüchternheit
331 2121 1221 2175 solcher hat sich Schnitzler bei unserem Stück
1224 2132 2118 2182 jener Affäre, die den mächtigsten Finanzmann
118 2127 330 2193 in er ist
2124 2161 3028 2214 wieder von sich. Sie will frei sein. Ja, die
321 2168 1228 2218 erwiesen, als Prophet und Dichter. Man wird
1224 2176 2113 2222 Oesterreichs so stark mit dem Landesgerichte in
123 2167 329 2233 er unbe¬
2110 2195 3032 2252 junge Geigerin Seraphine, ebenfalls ein
332 2214 1218 2264 es kaum glauben, aber es ist doch so: Die
1224 2208 2128 2272 Verbindung brachte. Das Publikum sollte
121 2219 330 2275 des sehn¬
1719 2252 3032 2327 wollte der kluge Opfer des hübschen Verführers, geht in ihrer
323 2250 1216 2304 Komödie endet bekanntlich mit dem Ausbruch
1643 2263 1739 2299 —
1223 2256 1664 2318 jedes Wort verstehen
122 2260 331 2322 as Ideal
2121 2291 3035 2352 Sucht nach Freiheit so weit, dessen Heirats¬
326 2294 1227 2349 des Weltkrieges. Schnitzler selbst hatte aber das
1215 2295 2130 2364 Regisseur — aber wahrscheinlich gegen den
127 2311 322 2373 n wendet
2116 2318 3031 2408 antrag zurückzuweisen, obgleich sie ein Kind
332 2322 1240 2400 Stück schon lange vor dem Kriege vollkommen
1216 2328 2120 2414 Willen Schnitzlers, dem es gewiß widerstrebt,
120 2341 329 2407 kein, denn
2116 2379 2736 2441 von ihm unterm Herzen trägt.
323 2381 1212 2435 entworfen. Es sollte mit irgendeinem Kriege
1902 2379 2118 2439 Nebenbei
1213 2381 1905 2446 die Zeitung zu dramatisieren.
118 2386 328 2462 er wieder,
2190 2406 3030 2488 Das ist also der Vorkriegstypus der
325 2412 2118 2485 enden, der da plötzlich ausbricht. Entweder bemerkt, wird der Bankpräsident unschuldig
129 2432 210 2492 n.
320 2463 1227 2521 der russisch=japanische oder der Balkankrieg.
2119 2458 3030 2530 Frau, wie sie Schnitzler gesehen hat. Der Frei¬
1215 2461 2115 2523 verhaftet. Der Staatsanwalt hatte sich eben
122 2482 336 2549 hr lang¬
320 2505 1217 2566 Kurzum, alles flüchtet aus der Sommerfrische
2114 2511 3029 2562 heitsdrang der selbständigen Frau und ihr
1212 2518 2120 2571 durch seine Leidenschaft für diese lüsterne Frau
136 2534 326 2588 bezu vier
321 2548 1225 2604 entweder in den Krieg oder es flieht ihn.
2114 2538 3025 2613 Kampf, die Reinheit der Seele von den
1222 2560 2115 2621 zu jenem Verbrechen niedrigster Gemeinheit
194 2576 325 2636 spar¬
135 2572 222 2632 in
318 2591 1219 2645 Wissen Sie aber, lieber Leser, welcher Tag in
2118 2587 3029 2645 Stürmen des Blutes nicht trüben zu lassen.
1223 2587 1579 2663 hinreißen lassen.
106 2613 322 2681 der neue
324 2634 1231 2692 diesem allerersten, lang vor dem Weltkrieg
1296 2636 3025 2712 Artur Schnitzler hat übrigens, ganz der Gräfin Aurelie bezahlt diesen Widerstreit wit
175 2661 333 2718 Hans
317 2677 1221 2740 fertiggest-lten Entwurf als Beginn des Krieges
2118 2682 2605 2759 dem freigewählten Tod.
1213 2674 2121 2739 Wahrheit gemäß, geleugnet, mit dem Bank¬
128 2680 332 2770 bestrichen.
328 2722 935 2791 bezeichnet ist? Der 1. August!
1214 2722 2132 2777 präsidenten Westerhaus den erwähnten Wiener
129 2730 331 2804 ten. Wie
407 2748 1210 2837 Am 1. August 1914 ist der Weltkrieg aus¬
1216 2775 2134 2825 Finanzmann zu meinen. In der Tat: Als
132 2776 326 2854 die Zu¬
2181 2784 3016 2850 Nun zur zweiten Frage. Auf wen deuten
318 2800 655 2882 gebrochen.
1217 2817 2125 2878 der Dichter diese Szene schrieb, war jener
140 2829 327 2901 Hand das
2109 2839 3027 2897 die verschiedenen Figuren des Stückes? Die
1207 2862 2118 2909 Milliardär ein noch unbekannter armer
2111 2885 3022 2945 Namen lebender Persönlichkeiten wollen wir
397 2876 2123 2975 Die beiden interessantesten und künstlerisch Teufel. Der Dichter war eben wieder einmal
121 2903 337 2982 nte er in
2114 2931 3018 3010 nicht nennen. Daß der Kammersänger Fenz
1223 2940 1417 3008 Prophet.
317 2921 1221 2999 eigenartigsten Schauplätze der Aufführung sind
120 2956 262 3022 ung.
2112 2970 3012 3045 (eine Prachtleistung Reimers des Aelteren)
318 2985 1233 3035 der vornehme Wiener Park des Prinzen von
1298 2963 2133 3039 Wohl aber könnte Dr. Schnitzler den
113 2988 339 3071 riche vor¬
2125 3022 3025 3076 viele Züge Gabillons trägt, ist kein Zweifel.
323 3024 1219 3081 Perosa (1. Akt) und der prachtvolle Saal im
1211 3014 2125 3078 Staatsanwalt der Wiener Lokalgeschichte ent¬
125 3049 334 3108 hicht übel
2123 3047 3031 3117 Daß der uralte Bariton Kammersänger
326 3061 1226 3135 Bankpalais des Präsidenten Westerhaus (Ver¬
1219 3054 2123 3126 nommen haben. Das war ein auffallend
129 3097 320 3163 r Proben
2114 3105 3014 3166 Meyerhofer mit dem uralt verstorbenen Baß¬
318 3111 2122 3177 wandlung des 2. Aktes). Drei mächtige schöner, aber trotzdem interessanter Mann,
118 3136 326 3208 n, gleich
2111 3143 3022 3197 bariton der Hofoper Kammersänger Meyer¬
329 3141 2115 3213 moderne Marmorsäulen, fünfeckig, kaum von dichtes, schwarzes Haar, kohlschwarze Augen,
128 3179 330 3240 mit der
2117 3181 3031 3239 hofer nur Namen und Alter gemeinsam hat,
324 3202 1221 3249 zwei Männern zu umspannen, stützen die
1212 3195 2116 3253 aus denen Leidenschaft lachte und sprühte,
192 3221 330 3282 Herr
128 3224 202 3282 t,
2114 3229 3022 3282 ist auch kein Zweifel. Dieser Sänger, ein
332 3240 1222 3297 Decke. Es ist ein weiter Saal, die Hintergrund¬
1219 3241 2119 3295 weiße Zähne, mit denen er kokettierte. Der
120 3270 326 3340 ne weg¬
2121 3270 3021 3328 Künstler ersten Ranges, war leidenschaftlicher
319 3278 1213 3348 wand schief auf die Bühne gestellt. Von ihr
1220 3285 2116 3351 geborne Damenfreund. Plötzlich wurde der
2117 3315 3021 3375 Junggeselle. Die Frau war ihm ein nichtiges
327 3315 1227 3386 zweigt sich im rechten Winkel ein breiter Gang
1345 3319 2123 3386 Staatsanwalt wegen einer Affäre
120 3330 325 3413 it wieder
2112 3346 3030 3418 Wesen. Man wird einsehen: das war keine
326 3355 1227 3428 ab, durch den die Leute abgehen. Warum
1219 3370 2119 3427 „gespritzt“, die der des Schnitzlerschen Staats¬
139 3383 319 3455 Rollen:
2120 3389 3028 3472 Figur für Schnitzler dem die Frau den
326 3405 1238 3471 der Regisseur dieses „Interieur“ — Schnitzler
1215 3411 2119 3476 anwaltes Braunigl ähnelte, nur daß neben der
140 3439 330 3510 er Spiel¬
325 3439 1229 3515 wollte anfangs nur ein Arbeitszimmer des
1213 3452 2730 3516 Liebe auch ein bißchen Geld dabei eine Rolle Mittelpunkt der Welt bedeutet.
311 3484 1388 3574 Bankmannes — über die ganze Bühnenbreite spielte.
2617 3488 2997 3572 Julius Stern.
337 3542 531 3614 ausgedehn
1581 3530 2012 3625 E
2692 3558 2914 3653 Se -Pasg 2.
