3344 4352
269 203 2338 300 29. Pondedie der Verfuchnung box 33/6
3137 1623 3245 1708 S
1564 1662 2770 1737 ging. das war der außerordentliche Erfolg dieser reichsdeutschen
2789 1695 3316 1747 Aehnlich verstand Gudrun
1568 1705 2767 1797 Uraufführung in Wiesbaden, ein Erfolg, den der Dichter nicht,
2802 1725 3329 1799 tiefen ihrer Sinnlichkeit als
1570 1741 2205 1811 den die Darstellung sich errang.
2790 1772 3343 1838 Nowacks Seraphine, das süß
1636 1777 2774 1871 Märchenhaft klingt die mehr zum Trauerspiel gewordene
2794 1801 3342 1872 hemmungslöse Hingebung mit
1554 1825 2763 1905 Komödie aus mit dem Nahen und Entschwinden einer märchen¬
2797 1854 3324 1916 Die Musikszene des vierten B
1556 1873 2765 1949 haft ausgestatteten Lustjacht, vom Besitzer, dem Prinzen Arduin
2791 1894 3326 1955 Wiedergabe fast über die F
1563 1911 2762 1990 nach dem Namen der Heldin „Aurelie“ genannt. Aber fast noch
2870 1934 3332 1996 Glück hatte der Dichter
1555 1959 2772 2024 einen Grad märchenhafter wirkt die Mär, die Wirklichkeit des
2793 1952 3345 2037 Aurelie=Werber, deren in de
1561 1994 2773 2070 gestrigen Abends der mit den Kräften unseres Staatstheaters
2793 2019 3356 2088 Perosa, von Bernhard Herr
1555 2030 2771 2108 Arthur Schnitzler den vor zwei Wochen im Wiener Burg¬
2790 2048 3319 2122 wurde: Menschlich, gütig,
1552 2072 2771 2146 theater vorbeigelungenen, den unbestrittenen starken Erfolg ge¬
2792 2096 3342 2160 Schwächen. Dieser Prinz vo
1557 2111 2761 2188 bracht hat: „Komödie der Verführung“ siegte im Zeichen
2791 2135 3340 2198 besten gelungen; er hatte es
1556 2151 2759 2214 der Wiesbadener Darstellung. Siegte nach einer Dauer von
2791 2177 3313 2242 nung — das Original lebt
1552 2192 2760 2278 dreieinhalb Stunden so sehr, daß unser sonst im Forteilen
2780 2214 3330 2283 Namen —, doch auch hier v
1553 2228 2772 2316 vollendetes Publikum noch minutenlang aushielt, den Mit¬
2779 2246 3332 2324 das, was im Buche nur spiele
1544 2270 2678 2359 wirkenden mit nicht endenwollenden Beifallsstürmen dankte.
2789 2304 3336 2359 männliche Hauptrolle des Stü
2106 2334 2201 2392 *
2792 2344 3330 2398 Kurt Sellnick einen übe
2787 2381 3336 2444 überraschend, weil das Abgeh
1615 2373 2749 2447 Das Geheimnis dieses darstellerischen Erfolges einer als
2783 2426 3320 2492 Wesen unseres rasch beliebt
1543 2409 2752 2504 Buch schwer verdaulichen „Komödie“ ist mit der Milderung ihrer
2785 2465 3328 2524 mag, und Ambros Doehl, der
1554 2456 2753 2534 Brutalitäten — das Werk des Spielleiters Dr. Hans Bux¬
2787 2506 3329 2562 gleich die fürsorgende Vor
1540 2488 2767 2574 baum — nut zum kleinen Teil offenbart. Hauptträger der
670 2497 1375 2589 Dr. Maz Goldschmidt
2776 2541 3342 2612 zu sein, war Gustav Schwa
1553 2539 2756 2600 neuen Schnitzler=Anziehung werden die Künstler bleiben, deren
675 2570 1393 2641 Bureau für Zeitungsausschnitte
2779 2572 3296 2635 vidualität und Rolle eins.
1554 2577 2758 2652 Spiel das Märchenhafte gelang: Aus den konstruierten, unwahr¬
2853 2625 3327 2683 Zu diesen dreien kommt
1544 2615 2755 2675 scheinlichen Personen des Stückes wurden lebendige Persönlich¬
999 2618 1462 2682 Telefon: Norden 3051.
577 2621 879 2685 BERLIN N. 4
1549 2658 2387 2727 keiten, an die man glauben konnte, durfte —
2781 2659 3328 2725 zeichen der Komödie, der blut
2375 2678 2753 2743 auch ohne sich mit
1546 2697 2758 2779 ihnen einverstanden zu erklären. Das Gewagte der Erfindung,
2783 2709 3338 2774 Mar von Reifenberg, Lebejli
473 2707 823 2773 Ausschnitt aus:
1547 2737 2748 2815 drei Frauengestalten, die weiblichen Hauptrollen, Beute eines
2770 2749 3331 2808 Komödienabends (nicht des
461 2730 1261 2816 Neue viesbadner zeitung
1545 2780 2756 2850 nicht einmal bedeutenden Verführers, eines noch bubenhaft
2775 2796 3316 2853 gabe für die Darstellung.
638 2797 1449 2880 Viesbaden den 25, 10, 1024
1542 2813 2748 2898 jungen Lebemannes, werden zu lassen; die Unweiblichkeit dieser
2771 2832 3327 2893 werden, einen gewissenlosen
1531 2853 2750 2934 männertollen Mädchenerscheinungen — sie trat zurück vor der
2769 2869 3330 2930 unsympathisch auf die Bühne
1546 2899 2749 2972 anziehenden Art, in der Aurelie, Judith und Seraphine ver¬
2764 2902 3332 2970 wirkenden Max — und diese
534 2895 1295 2998 Staatstheater (Kleines Haus).
1545 2937 2741 3013 körpert wurden von Thila Hummel, Gudrun Kabisch,
2769 2951 3336 3008 der Erfolg scheitern; doch W
298 2956 1511 3049 Reichsdeutsche Uraufführung: „Komödie der Verführung**) In
1536 2970 2742 3059 Friedel Nowack. Alle Srei waren das Glück des Dichters, und
2770 2987 3338 3051 jungen Menschen in einer kin
433 3010 1411 3085 drei Akten (5 Bildern) von Artbur Scninler“
1533 3019 2737 3097 eine Jede verstand auf ihre Art, für den „Fall“ von Aurelie,
2772 3033 3346 3114 zu spielen, naiv so sehr, daß d
360 3039 1505 3133 Das zu Erwartende wurde Ereignis: Der neueste „Schnitzler“
1528 3059 2750 3135 Indith und Seraphine das französische Sprüchwort: „tont
2772 3076 3090 3143 bemerkt wurde.
1530 3096 2734 3172 comprendre e'est tont pardonner“ („Alles verstehen heißt alles
310 3098 1510 3178 erwies sich in der gestrigen Premiere als eine Anziehung ersten
1540 3137 2736 3218 verzeihen“) auf das Publikum wirken zu losen. Und blieb auch
298 3130 1510 3218 Ranges, bewirkte eine Ausverkauftheit des Hauses, wie sie seit
2833 3136 3337 3222 Es fehlt leider an Raum,
295 3177 1507 3266 Jahren nicht erlebt worden ist. Was aber über die Erwartungen
1528 3168 2741 3254 Thila Hummel im ersten Akt ein wenig zurück, war sie nicht ganz
2758 3202 3320 3265 gen, fast das gesamte Schaust
1526 3215 2405 3284 überschäumendes Sehnen der jungen Gräfin
2450 3228 2742 3299 das Fehlende
2766 3248 3347 3319 einzeln zu würdigen; sie habe
1537 3260 2741 3337 wurde überholt von ihrer Leistung im Schlußakt, den diese
388 3261 1510 3352 *) Vergl. den vorausgegangenen Aufsatz in Nr. 289 der
2757 3286 3322 3343 des Abends verdient gemacht.
1531 3299 2737 3373 Aurelie, die sich ihre Seele rein erhielt, trotz körperlichem Ver¬
305 3291 591 3375 „N. W. Ztg.“
2763 3330 3330 3391 deren Werk zu rühmen nicht v
1522 3344 3338 3441 fall zu adeliger Höhe fast verklärte inmitten eines Sumpfes. 1 in den 3½ Stunden ebenko vie
