3436 4256
1850 77 2320 187 box 33/6
237 89 1738 202 29. Kondedie der Verfuchrung
1964 913 3325 991 ... geradt der den vernunntigeren, die Uever=Straftal
596 952 3324 1037 eine Reihe von anderen erfahrungsgemäß im Spätherbst ein= zeugung vor, daß Castiglioni tatsächlich so tief als nur einer Auslief
591 1007 3340 1103 tretenden Steigerungen von Lebensmitteln ausdrücken werdenmöglich in die Tasche greifen wolle. Uebrigens hat man gebürtiger Oh
1831 1082 3333 1193 e Paniene in „Weten vand  Ge
865 1139 1588 1251 Feuilleton.
1823 1172 3328 1246 Judith nicht dasselbe Mädchen, das in jenem Stück ihrer Lust Erkenntnis, d
1828 1227 3065 1285 nachgibi? Der Baron Falkenir nicht ein Gegenstück zum Julius
3054 1225 3322 1294 hat, wählen
1029 1238 1442 1334 Burgtheater.
1820 1269 3346 1331 Fichtner oder zum Herrn v. Sala im „Einsamen Weg“? Und Ströme rausch
1816 1319 3342 1390 Max v. Reisenberg, der Komödiant der Verführung, ist auch nur der also die Freit
591 1299 1818 1412 Arthur Schnitzler: „Komödie der Verführung“.
1819 1363 3306 1418 leichtsinnige Melancholiker, der sich auf Anatol als Ahnherrn zu spät ist,
1149 1380 1286 1449 Von
1825 1411 3313 1473 berusen kann, so wie Ambros Doehl, der Dichter, schon ein oft Ruhe seines
963 1405 1477 1504 Leopold Jacobson.
1812 1451 3064 1537 gelebtes Leben bei Schnitzler aufweist, ebenso wie die Seraphine
704 1471 2740 1560 Es kommt im Leben, jedes auf künstlerischer Höhe die Züge Christinens, des süßen Mädels trägt.
3034 1507 3339 1581 verzichten, w
598 1524 1842 1614 schaffenden Menschen immer einmal jener Augenblick, wo nicht mehr
1927 1559 3346 1627 Alle diese aus dem Leben wieder in den Traum eines immer wieder
597 1586 1828 1666 der Wunsch vorhanden ist, ihn zu kritisieren, sondern nur noch
1824 1610 3339 1679 Dichters gerufenen Gestalten verbinden sich ihm zu einer letzten wiederkehre un
591 1639 835 1720 zu deuten.
1803 1642 3345 1735 Komödie und werfen ihre Schatten. Es ist beinahe so, als hätte Gräfin Aure
699 1662 1834 1752 Wenn Arthur Schnitzler heute ein neues Werk
3045 1702 3330 1768 ereignisvollen
1819 1709 3053 1768 er sie alle um sich versammelt, um sie neu abzuhorchen und zu befragen.
589 1716 1837 1800 zum Empfang bereit legt, fühlt man längst die Abgeschlossenheit
3040 1754 3335 1822 Rosen duften,
1815 1759 3056 1828 wie sie mit ihren Erlebnissen fertig geworden sind, ob sie sich seelisch
585 1786 1826 1849 einer Persönlichkeit heraus, die ihre Wesenheiten vertieft hat.
3049 1803 3327 1865 nutzt: einem
1822 1807 3050 1872 neu bereichert hätten, oder ob das Spiel sich im Kreise gedreht
594 1835 1834 1891 nicht aber ein neues Lebenskapitel aufschlagen will Das kann
1820 1849 3342 1916 hat, oder ob sie an ihren Kindern und Geschwistern ähnliches bereiten Mensc
590 1874 1827 1943 unter Umständen ebensosehr Schwäche sein, wie es höchste Stärke
3045 1896 3347 1975 Sehnsucht und
1817 1905 3051 1967 oder dasselbe erlebt haben, wie an sich selbst, ob sich die Welt
584 1932 3069 2021 bedeutet, wenn einer dieselben Ideen und Gedanken immer weiter gerändert hat oder dieselbe blieb, ob die Seele noch immer ein
590 1990 3059 2028 austeisen läßt, immer neu ihrem Sinn nachsorscht und sich um die weites Land ist, und ob die Jugend recht behält gegenüber dem
3133 1973 3352 2081 Dieser
592 2027 1820 2088 Lösung jenes ewigen Rätsels müht, das zwischen Sein und Schein,
3038 2011 3320 2106 der verwegen
1819 2050 3043 2112 Alter, und ob es wahr ist, daß das mit dem Altern nur eine
592 2063 1829 2143 zwischen Wachen und Traum liegt. Daß der Mensch nur das Mittel ist.
3048 2093 3343 2164 fordernd den t
1810 2095 3051 2166 Innige ist, die die Jugend angesponnen hat und ob er, der
583 2121 1824 2194 dessen sich das Schichsal bedient hat Arthur Schnitzler nicht einmal,
3047 2137 3335 2207 liebenswürdige
1823 2127 3047 2212 Dichter, nicht recht hat, wenn er findet, daß das Leben
592 2172 1837 2231 sondern drei Dutzenomal ausgesprochen an Beispielen erläuert,
3026 2187 3345 2249 die Frauen ni
1818 2192 2813 2261 immer köstlicher wird, je weniger davon übrigbleibt.
579 2225 1837 2287 variiert; nicht wir sind es, die unser Schicksal machen, behauptete
1917 2207 3332 2303 Diese Menschen sind immer wieder schnitzleriich wie die Ge¬ werden. Aber
589 2252 1816 2327 er bald in diesem Roman und bald in jenem Stück; nicht wir
3036 2281 3344 2349 Heimat, der ni
1813 2263 3047 2349 danken, die sie denken, und die von der Wirklichkeit ins Märchen
583 2314 1810 2372 machen unser Schicksal, sondern meist besorgt das irgendein Um¬
1823 2333 3341 2416 reisen. „Wie mögen wohl die Märchen ausgehen, die nicht mit Erlebnis, ein
584 2367 1815 2422 stand außer uns, auf den wir keinerlei Einfluß haben. Man ent¬
3028 2375 3353 2440 Komödie der V#
1823 2387 3036 2445 Hochzeit enden?“ — „Sie enden alle mit Hochzeit. Es dauert
584 2414 1815 2479 sinnt sich auch eines anderen Ausspruchs: Niemand hat die Wahl
1821 2426 3350 2491 nur manchmal eine Weile bis dahin. Und es gibt Abenteuer zu bei tausendundd
646 2462 1822 2516 es fällt uns zu. Solche Sprüche, die Reflexionen einer langen
1821 2471 3350 2536 bestehenauf dem Wege.“— „Gefährliche Abenteuer.“— „Auchharm= der Gräfin Aus
585 2489 1819 2565 Gedankenkette sind, bleiben einem haften, wie es ja überhaupt
1823 2526 3348 2587 lose. Und fröhliche. Am Ende aber, unsehlbar, kommt die Hoch= der lieben Geig
577 2543 3351 2636 das Berörende und der Glanz des Schnitzlerischen ist, daß aus zeit.“ — „Oder der Tod.“ — „Ein Märchentod, das wird wohl Nacht, einer L#
579 2592 1826 2667 leicht dahintändelnden Worten plötzlich ein Lebenssinn aufstrahlt,
3146 2601 3335 2679 Hier ist
1805 2615 2337 2708 nichts so Schlimmes sein.“
578 2657 1829 2732 der ahnungsvoll Erfühltes in eine Formel preßt. Immer die
3013 2651 3349 2731 beim Maskenfest
577 2690 1832 2755 gleiche; gewiß Aber wie man von Paganini rühmte, daß er
3015 2710 3318 2781 zweite Stück
583 2750 1827 2808 immer um auf einer Saite spielte und ihr trotzdem immer neue und
1914 2740 3358 2828 Die Komödie der Verführung fängt genau wie ein Märchen viertes. Schein#
577 2799 1822 2855 immer wunderbaiere Töne ablistete, ist auch bei Schnitzler jener
1815 2784 3351 2872 an, auf einem Maskenfest im Garten des Prinzen von Perosa. locker durcheinan
589 2845 3359 2910 Zauber einer Einseitigteit, die den letzten und allerletzten Klang Hier erwarten der Prinz, der Dichter Ambros Doehl und der Aus dieser Fülls
580 2884 1208 2973 aus dem Seelischen holen will.
1806 2891 3355 2963 Vaion Falkenir um Mitternacht eine Entscheidung aus dem steigt zum Schl##
699 2937 3341 3001 Wie in einem Durchhaus tressen sich in der „Komödie der Munde der schönen Gräfin Aurelie Marckenstein. Sie hat die Märchen vom
586 2981 3339 3046 Verführung“ alle bekannten Schnitzlerichen Gestalten, grüßen sich gehen] Drei herbestellt, um ihnen zu sagen, welchen unter ihnen sie zum Leben und der
584 3042 3042 3110 aneinander vorbei Ist diese Gäfin Aurelie nicht dieselbe stolze Gatten nehmen will Ihre Wahl fällt auf Baron Falkenir. Aber gerade
3019 3050 3332 3119 Seele und den
585 3068 3032 3144 Herzogstochter, die den jungen Medardus für eine Nacht in ihre dieser ist Einer, der es nicht wagi, glücklich zu sein. Warum?
3015 3092 3345 3160 beschrittene und
572 3126 3349 3235 Arme schieite, und endet sie nicht wie Frau Beate, die in den Hier setzt die psychologische Spintisiererei ein. Ist es Angst vor geheimnisreichen
570 3179 3052 3258 Wellen selig verfinkt? Ist der Bankier Westerhaus nicht ein dem Erlebnis, Sexualangst, oder tiefere Experimentierlust mit
