3344 4352
1895 157 2370 260 box 33/6
281 161 1755 282 29. Konoedie der verfüchrung
1289 414 1939 542 ### Jutques-Lu..
1245 532 1889 660 Kunst und Wissen.
907 620 2116 760 id Schnstzlers „Komödie der Verführung“ im
1378 700 1763 791 Burgtheater.
1099 751 2135 864 Die im Rahmen des Theaterfestes zum erste nmal auf¬
989 775 2141 911 geführte „Komödie der Verführung“ leuchtet nach
985 855 2146 957 Artur Schnitlers Weise mit wissendem Lächeln und mit
986 890 2132 996 leiser Melancholie in die Erotik, diesmal ausschließlich der
2127 919 2227 992 ge
987 955 2124 1054 reichen Wiener Gesellschaft der Vorkriegszeit. Das Werk hatte
2131 973 2214 1033 N.
979 991 2130 1089 unter der glänzenden darstellerischen Führung von Else
2125 1023 2226 1082 B#
893 1035 974 1097 at
984 1038 2118 1143 Wohlgemuth einen guten Ersolg. Der Dichter wurde
2125 1068 2241 1138 Ar
881 1076 981 1147 n
976 1086 2132 1196 wiederholt gerufen und mit Hochrefen bedankt. Ueber Werk
2133 1117 2232 1177 Bi
977 1135 2020 1246 und Aufführung muß noch ausführlich berichtet werden.
2111 1154 2244 1224 tie
2115 1217 2227 1294 Fr
1124 1251 1980 1379 „Die Grohen läßt man laufen.“
151 1414 2116 1527 yt werden sollen. Etwas wenigee Nerdbsikar tale allenthalben nol. fah Srune gen
151 1548 3004 1648 nwürdige Schale gewisse „G'schamigkeit“. Der Umschwung der Geister Nacktkultur und Lüsternheit ist so dünn und so ver¬
154 1612 3008 1695 istin auf diesem ist erst jungen Datums. Der russische Wind, der vom schwommen, daß sie dem freien Auge gar nicht sichtbar
157 1662 3014 1708 on Rußland, eine uralo=baltischen Landrücken bis zu uns herüberweht, wird. Das holde Ebenmaß der weiblichen Figur wird
163 1722 3017 1785 Katharina. Sie zaust und rüttelt an der Institution der Ehe. Wozu angehimmelt, man spricht von der Form und meint die
153 1750 571 1821 einen tadellosen
548 1765 3002 1836 heiraten, es geht auch so. Mit dieser Auffassung kann Formen. Die Liebe wird, wie alles, entkleidet, das Bild
148 1811 3015 1885 hstpersönlich eine sich ein alleinstehender Herr befreunden. Ein Mann, von Sals kann den Schleier beim Trödler verkaufen,
160 1846 1775 1921 Dame unternahm der ledige Schwestern oder heiratsfähige Töchter hat,
1776 1858 3008 1926 Romeo seine Strickleiter. Der Narr ist auf den Balkon
140 1877 1790 1965 Moskau, Nischnij wird kaum einverstanden sein. Es ist nicht angenehm,
1775 1908 3011 1983 gestiegen, um sich zu vergewissern, daß er ein absolutes
155 1941 1787 1998 ottes nach Kasan, wenn die Mitzi oder die Pepi nach Hause kommt und
1770 1951 2132 2012 Gehör habe.
2109 1968 3009 2020 Stellte Betrachtungen an über
176 1992 1780 2045 und politischer freudestrahlend erzählt, daß sie sich soeben mit dem
1771 1993 3007 2067 Nachtigallengesang und Lerchengezwitscher. Gute Nacht
159 2017 1791 2084 eden Abend hielt Peter oder dem Paul in freier Liebe verbunden habe.
1770 2046 3003 2117 Freund Shakespeare! Der Gent von heute hat bessere
156 2087 3006 2130 kzelt wurde auf= Die Sache ist doch noch zu ungewöhnlich, wir sind auf Verwendung für seine Mußestunden, und Julia spielt
148 2129 3006 2175 ktkostüm und ihre solche Dispensehen auf Ehen mit väterlicher Dispens, nicht mehr die Cruelle, wie die Franzosen sagen, ist nicht
156 2169 1777 2223 eit war daß man nicht recht eingerichtet. Die Devise von heute lautet:
1784 2184 3006 2279 so grausam, den Liebsten mit öden Familiengeschichten
167 2221 1777 2278 e eine Herrscherin Keine kleinlichen Rücksichten mehr, genießen, was der
1772 2231 2135 2299 zu langweilen.
554 2261 1779 2319 Augenblick bringt, in Schönheit leben. Gretchen wandert
179 2266 561 2324 dann bestimmte
1861 2268 3005 2351 Man muß nicht päpstlicher sein als der Papst und
557 2305 1779 2371 nicht mehr in den Kerker, sondern geht fleißig in die
145 2298 566 2376 Kraschen habe. Die
1779 2313 3014 2405 auch nicht so bischöflich wie die Bischöfe, aber auch als
554 2353 1782 2417 Bar. Auch ein Standpunkt. Man muß es sich sogar
156 2362 567 2422 Karriere des Er¬
1781 2371 3013 2454 schlichter Zeitgenosse muß man zugeben, daß eine
559 2394 1773 2459 sehr überlegen, eine gegenteilige Meinung zu äußern.
149 2403 570 2474 neralissimus oder,
1775 2421 3008 2487 Jugend, die vom Tanzlokal ins Absteigquartier taumelt,
540 2439 1780 2509 Denn es ist höchst undankbar, Moral zu predigen. Man
155 2452 566 2518 ig erwiesen hatte,
1768 2475 3008 2535 nicht das Ideal ist. Es handelt sich da vielleicht um eine
551 2490 1783 2564 gerät da unwillkürlich in die Rolle des griesgrämigen
159 2500 573 2582 r doch wenigstens
1770 2507 3013 2586 Reaktionserscheinung. Ein veraltetes Erziehungssystem
556 2532 1775 2626 Possenonkels, der die liebestolle Jugend nicht mehr
166 2551 581 2631 Majestäten von
1770 2557 3006 2632 hat die Mädchen aus guten Häusern wie Gänschen auf¬
548 2577 775 2650 versteht.
294 2595 564 2661 Messalina,
223 2601 310 2650 .
1766 2614 3013 2676 gezüchtet, der Mann war das große Geheimnis, das
180 2626 563 2709 ihre Günstlinge
644 2634 3009 2733 Der Sturmlauf gegen die traditionelle Moral man erst nach der Trauung kennenlernte. Die modernen
154 2673 1779 2746 Norgengrauen das wird damit begründet, daß die Gleichberechtigung der
1769 2696 3009 2772 Mädel sind mitunter ungeduldig, wollen nicht
150 2745 3007 2791 Hauptmanne der Geschlechter, die in den Berufen teils erreicht ist, teils solange warten. Sie haschen nach Glück und
179 2784 568 2859 etwas radikales,
560 2776 3002 2864 angestrebt wird auch im Sexualleben ihren Ausdruck ernten Enttäuschungen. Aber die Unanständigkeit
556 2819 1781 2883 finden müsse. Das wäre richtig wenn sich die Natur
149 2834 564 2897 kon zu sichern. Die
1774 2844 3014 2917 ist auch ein Metier und will gelernt sein.
145 2874 571 2965 aß kein Jüngling
544 2862 3015 2935 auf Parität eingestellt hätte. Die Menschen können jedoch Eine Routiniere kann sich schützen. Eine Dilettantin
552 2915 3003 3014 nicht nachholen, was die Schöpfung verabsäumt hat. nicht. Sie bringt das Liebesopfer und wird ein Opfer
550 2961 3011 3060 Auch würden die Männer schiefe Gesichter machen, wenn der Liebe. Das heißt die Gleichberechtigung der Ge¬
553 3011 3021 3138 man sie verpflichten wollte, Kinder zu kriegen. Die schlechter stark überzahlen. Der Zug des Herzens ent¬
556 3052 1792 3117 Frauen mögen sich über die Ungleichheit der Be¬
148 3028 563 3115 kehr moralisch. Es
1776 3080 2899 3148 gleist mitunter oder führt schnurstracks zur Donau.
559 3085 1798 3169 handlung beklagen,  aber sie können die gegebenen
142 3097 564 3165 er Beleg dafür,
152 3151 1791 3218 ikommission ihres Prämissen nicht ändern, müssen sie anerkennen. Die
2362 3146 2972 3238 Leopold Lipschütz.
136 3193 1789 3263 #ie nur Operetten=Risken, die eine Frau bei einem Abenteuer eingeht,
557 3226 1800 3303 sind unendlich groß, und es ist deshalb eine absichtliche
177 3234 564 3298 keine historische
137 3279 559 3351 Kontrolliert wurde,
555 3288 1801 3357 Irreführung, wenn man ihr zuruft: Spiele doch die
2097 3265 2626 3377 Burgtheater.
562 3314 1797 3396 Garconne“, lebe wie ein Mann! Wer übernimmt
138 3316 563 3391 gkeit auch auf die
1787 3343 2970 3434 Zum erstenmal: „Komädie der Verführung.“ In
157 3382 575 3445 In der Literatur
558 3347 1787 3441 die Deckung für den Gefahrenkoeffizienten? Durch
2010 3407 2754 3484 drei Akten von Artur Schnitzler.
148 3421 570 3487 Da war sie etwas
550 3416 1797 3507 Artikel und Versammlungsreden läßt er sich nicht aus¬
546 3468 798 3544 schalten.
144 3464 566 3539 rische Angelegen¬
1850 3464 3008 3549 In einem herzigen kleinen Gedicht bittet Gottfried
151 3512 576 3590 t Jamben zu tun
648 3518 3003 3590 Wenn wir schon einmal beim Nackten sind, so ist es Keller seine Leser, ihm nicht zu grollen, wenn er die
155 3559 3002 3642 klingel, in dem vielleicht erlaubt, auch die nackte Wahrheit zu sagen. liebliche Dichtersünde begeht, süße Frauenbilder zu er¬
157 3605 2999 3677 verdreht und die Alle, die in den letzten Monaten spekuliert haben sind finden, wie diese bittere Erde sie nicht hegt. So ein süßes
147 3651 3011 3736 ächelt. Die phili= bankrott geworden. Nur die Spekulanten auf die Frauenbild scheint anfangs auch die weibliche Vorder¬
145 3701 3006 3747 cht den Gedanken' Sinnlichkeit haben sich nicht zu beschweren. Sie huldigen grundsgestalt der gestrigen Neuheit zu sein: die Gräfin
148 3747 3005 3796 tes stecken könnte. der Schönheit, und sie preisen die freie Vereinigung der Aurelie von Merkenstein, die ein wundersamer Zauber
156 3793 3006 3849 später, viel später Geschlechter. Wenn man nur wüßte, was noch Aesihetik umstrahlt, der drei Männer beseligt. Alle drei werben
149 3836 3016 3924 benslust doch eine und was schon Kochonnerie ist. Die Grenzlinie zwischen auch um ihre Hand. Zunächst der junge Prinz von
