3392 4352
299 649 537 772 sans
311 839 511 927 vor dem
319 923 514 981 zendeine
327 968 520 1036 ten, die
331 1022 509 1084 Gegen¬
438 1069 507 1126 es
322 1072 406 1126 den
396 1755 519 1818 errn
347 1799 526 1866 aß das
333 1847 518 1915 id seine
321 2006 523 2075 n Bahn¬
335 2066 515 2123 Als die
327 2113 522 2172 wollten
330 2157 523 2227 sind die
329 2210 513 2271 ir neue
324 2253 527 2323 rufgeregt
329 2309 518 2365 e wogte
327 2357 528 2412 s ihren
328 2402 526 2467 Geschrei,
325 2452 532 2515 auf und
340 2499 520 2564 s ihnen
332 2545 516 2613 schlossen
347 2592 527 2680 ohl des
389 2749 528 2819 „Als¬
386 2796 534 2864 hab's
386 2854 534 2919 Fülm
374 2902 529 2964 roben.
380 2954 529 3017 öchten
386 3001 526 3065 imen.
397 3049 521 3112 Sö
408 3100 517 3157 net,
357 3144 532 3212 Rügii!!
351 3194 533 3262 schönen
346 3245 526 3306 räulein
352 3293 521 3354 n Wert
356 3347 520 3409 ile ver¬
352 3393 524 3469 rgarten
355 3552 522 3621 ich ein¬
369 3608 538 3663 waren
363 3651 539 3718 ommen
351 3707 528 3767 igen zu
359 3752 536 3820 die sich
342 3807 537 3864 zen und
341 3849 531 3914 ittäuscht.
389 3902 527 3959 Jackie
342 3948 531 4009 so schön,
334 3998 542 4063 Empfang
354 4049 501 4109 g—d
934 559 1241 631 Der Abend
692 645 1497 741 Die Erziehung zur Reinlichkeit
1053 736 1143 789 und
794 777 1379 888 wir Unverbesserlichen.
1343 876 1431 975 25
941 886 1219 982 N
1268 943 1424 1027 1
1160 972 1206 1022 12
709 1082 810 1132 Abfal
698 1115 887 1181 h egrerfen
1319 1109 1408 1174 3
709 1162 861 1218 Sondere
1143 1162 1225 1240 4
1079 1357 1215 1427 SS
876 1846 1003 1901 A331 2
1479 2416 1564 2503 1
1419 2410 1461 2498 *
540 2514 1674 2569 „Ah, dos is amal wos Praktisches, da gibt's kein' Mist mehr
539 2555 1680 2614 auf der Straßen.“ (Liest befriedigt und wirft sein Obstpapier
941 2605 1273 2674 seelenruhig weg.)
1326 2667 1626 2778 G
614 2711 818 2818 ¾
934 2727 1288 2833 Theater.
900 2815 1342 2909 Artur Schnitzler.
602 2858 651 2934 9
647 2868 1676 2962 Im Wiener Theater= und Musikfest muß auch Artur
539 2943 1670 3006 Schnitzler vertreten sein; es ist daher selbstverständlich, daß
548 2993 1675 3053 man sein neuestes Werk „Komödie der Verführung“ in diesen
553 3050 1671 3118 Rahmen stellt. Es stellt, wie vielleicht kein zweites von ihm,
549 3097 1441 3172 den ganzen Artur Schnitzler vor. Eine Bilanz ..
654 3124 1676 3203 Von Schnitzler Neues erwarten, hieße Ungerechtes
544 3191 1685 3260 fordern. Sein dichterisches Schaffen ist endgültig um¬
545 3238 1694 3317 rissen; es setzt sich nur inzüchtig fort. Und so ergibt der Reigen
540 3286 1686 3359 der Liebeleien, Rufe des Lebens, lebendiger Stunden auf
546 3349 1678 3406 den Wegen ins Freie oder ins — Sterben (was bei Schnitzler
546 3392 1678 3455 oft dasselbe bedeutet) immer schwächere Kreuzungen in
546 3435 1683 3506 dem weiten Land der Schnitzlerschen Seelen, deren Geistigkeit
548 3480 1676 3558 unverdossen und unermüdlich aus dem engen Land der Ge¬
556 3533 1674 3602 schlechtlichkeit aufsteigt. Das Vorspiel wechselt, der Beischlaf
541 3599 770 3654 bleibt...
666 3628 1689 3697 Die Welt, der Schnitzlers Sorgen gelten, liegt hinter
549 3705 1678 3747 uns; wir sehen nur noch ihre letzten Masken; die großen Lieder,
555 3746 1690 3803 die er aus ihren kleinen Schmerzen machte, tönen unserem Ohr
542 3786 1683 3845 nicht mehr. Das Fegefeuer, durch das wir gingen, hat ihm
550 3839 1688 3903 kein Härchen versengt; immer schon ein wenig weltfremd, ist er
550 3902 1696 3946 mitten im Kriegstoben in Frieden ergraut und dem, was wir
549 3930 1680 4006 Leben nennen, vollends entrückt. Sein Werk ist Literatur= und
554 3981 1675 4048 Kulturgeschichte; daß er dies fühlt, macht ihn, den feinen Poeten
548 4035 1680 4098 und Seelendeuter, a manchem neuen Menschen sympathisch.
2578 522 2782 590 Nr. 236
1912 530 2303 608 13. Oktober 1924
2282 621 2821 708 KINDERWAGEN
2337 697 2762 751 von K 300.000 aufw.
1685 700 2767 819 Ge -UMIAG“ Grekt in der Fabrik
2333 764 2762 810 VII., Neubaugal'se 21
1679 837 2831 910 Die „Komödie der Verführung“ beginnt im Frühsommer 1914
1676 889 2832 980 und bricht am denkwürdigen I. August jenes Jahres ab. Ein
1688 938 2824 1017 geschichtliches Stück also; knapp bis dahin reicht die Grenze,
1685 982 2839 1062 hinter der seine Gesellschaft, seine Heimat ist. Diese Komödie
1684 1044 2832 1110 ist kein unzeitgemäßes Werk eines, der sich selbst überlebte; sie
1685 1089 2825 1163 ist das Vermächtnis eines Klugen, für den es zu spät mar, auf
1681 1153 2446 1214 neuem Boden neue Wurzeln zu schlagen.
1798 1182 2828 1248 Schlimmer ist freilich, daß das neue Werk alle Zeichen
1695 1242 2826 1303 nachlassender Schaffenskraft an sich trägt; es ist schwach, mehr
1687 1287 2832 1356 noch: es ist langweilig. Seine Menschen sind Schatten, seine
1690 1335 2821 1397 Vorgänge unwirklich. Nur einen gibt es, dem Blut in den
1693 1388 2833 1462 Adern fließt: den prächtigen ausgedienten Kammersänger, der das
1694 1438 2830 1507 Leben mehr liebt als irgend ein Junger. Daß er ein Meister
1694 1483 2835 1551 des geistreich geführten Zwiegespräches ist, hinter dessen Worten
1700 1539 2827 1597 unausgesprochene Erregungen, Gesühle und Gedanken zittem
1686 1580 2830 1649 und irrlichtern, braucht wahrhaftig nicht mehr sonderlich be¬
1701 1622 2833 1708 tont zu werden. Und wenn er uns heute langweilt
1687 1687 2840 1748 (recht verschwenderisch), so geschieht auch das, hol' mich
1695 1740 2484 1807 der Teufel, mit unnachahmlichem Anstand.
1809 1778 2830 1850 Die Aufführung im Burgtheater war unzureichend. Die
1693 1832 2838 1893 Dichtung hatte schwere Mühe, sich gegen die Darstellung zu
1693 1891 2830 1941 wehren. Das ältere Burgtheater hielt sich immerhin weit besser
1697 1937 2830 1995 als das jüngere — eine bei diesem Werk allzu natürliche Er¬
1708 2000 2839 2049 scheinung: jenes kann 's noch, dieses nicht mehr. Ganz lauteres
1699 2025 2834 2094 Vergnügen, ja Entzücken weckte der Kammersänger des jungen
1697 2084 2800 2157 Reimers: wir meinen natürlich Georg, den Vater. M. M.
2000 2190 2498 2288 Richard Billinger.
1799 2278 2833 2342 Morgen abend wird die „Freie Schauspielervereini¬
1699 2347 2842 2396 gung“ im Großen Konzerthaussaal das Schauspiel „Der
1706 2384 2851 2445 Knecht“ von Richard Billinger aufführen, dem Dichter,
1708 2431 2842 2499 der für seine Gedichtbücher den Preis der Stadt Wien
1694 2488 1967 2551 erhalten hat.
1794 2531 2839 2595 Richard Billinger stammt aus dem Innviertel. Er
1708 2593 2839 2651 ist ein Bauernsohn und war für den Priesterstand bestimmt.
1710 2630 2838 2690 Am Kollegium Petrinum in Urfahr=Linz studierte er, und
1711 2674 2849 2750 seine Erfahrungen bewogen ihn, sich diesem Zwang zu ent¬
1712 2730 2848 2793 ziehen. Er studierte dann weltliche Wissenschaften in Inns¬
1707 2784 2323 2849 bruck, Kiel, Berlin und Wien.
1800 2830 2850 2883 Er ist jetzt 34 Jahre alt. Von ihm erschienen die Ge¬
1701 2876 2854 2947 dichtbücher „Lob Gottes“, „Erzengels Morgenruf“ und
1706 2932 2850 2987 „Ueber die Aecker“. Der „Himmelsblitz“ ist in Vorbereitung.
1702 2988 2847 3042 Das Haus, in dem Billinger geboren wurde, heißt „Ur¬
1700 3019 2841 3091 sprung“. Sein erstes dramatisches Gedicht heißt „Reise nach
1707 3075 2849 3137 Ursprung“. „Der Knecht“ wird am dramatischen Theater in
1700 3131 2843 3172 Berlin aufgeführt werden, das Schauspiel „Feuersbrunst“ am
1709 3177 2841 3229 Staatstheater in Berlin. Ein Lustspiel, „Die Vögel am Mor¬
1705 3228 2417 3304 gen“, ist vorläufig sein letztes Werk.
1800 3267 2842 3343 Richard Billinger ist ein Riese. Riesenhaft wie
1712 3327 2843 3380 er ist der Bau seiner Arbeiten. „Der Knecht“ hat die ganze
1698 3376 2840 3448 Wucht und die ganze Schwere eines Menschen, der weiß, daß
1702 3421 2840 3482 er ein Bauernsohn ist; es spielt unter Bauern. Die riesen¬
1713 3473 2842 3542 haft fortstürmende Handlung nachzuerzählen könnte das
1704 3525 2838 3590 Mißverständnis erwecken, als handelte es sich um ein
1704 3577 2850 3641 „Bauernstück“. Das ist es nicht, die Figuren wachsen ins
1718 3620 2731 3679 Symbolische, die Handlung greift ins Weltall hinaus.
1813 3670 2839 3719 Die „Freie Schauspieler=Vereinigung“ hat sich nach
1700 3722 2842 3791 den Entwürfen des Malers Erwin Lang ein Bühnenbild
1702 3776 2677 3823 ganz aus Holz für diese Aufführung bauen lassen.
1803 3877 2830 3936 Eine neue Urania=Zweigstelle im Gebäude der Bun¬
1710 3931 2839 3976 desrealschule, 9. Bez., Glasergasse 25. Das Tätigkeitsgebiet
1708 3976 2836 4025 der neuen Zweigstelle umfaßt Einführungsvorträge in ver¬
1721 4011 2844 4056 schiedene Wissensgebiete sowie eine Reihe von Kursen mit
1711 4053 2727 4102 Uebungen in praktischen Kenntnissen und Fertigkeiten.
