3392 4256
1392 210 1426 248 —
532 197 1384 276 Casanovas Heinfahr
310 213 1492 315 30  . . n en e en ene e eteten e en el e
1502 194 2001 290 box 4/11
2004 1050 2112 1117 26
1450 1156 2667 1220 with Mademoiselle De Maupin', by Gautier, says
1455 1246 2653 1303 through Judge Andrews: “It contains many para¬
1443 1300 2654 1354 graphs, however, that taken by themselves are vul¬
1443 1362 2658 1424 gar and indecent. No work may be judged from a
1455 1404 2656 1477 selection of such paragraphs alone. Printed by
1458 1463 2661 1526 themselves, as would a similar collection selected
1454 1526 2662 1607 from Aristophanes or Chaucer or Boccaccio, or even
1458 1599 2658 1651 from the Bible, they might doubtless, as a matter of
1457 1652 2654 1728 law, come within the prohibition of the statute'
1447 1719 2659 1778 In the Halsey case, the Court of Appeals made less
1457 1791 2663 1857 illiberal the test set out in the Muller case (96 N.
1454 1904 2652 1961 in People, etc. v. Brainard, in the first instance
1449 1955 2659 2009 which was prior to the Halsey case decision in the
1452 2018 1911 2099 Court of Appeals.
1498 2082 2660 2159 The same principle of law governing the manner
1455 2142 2663 2203 in which publications should be judged, is also laid
1451 2202 2667 2286 down in St. Hubert Guild v. Quinn (supra). The
1448 2272 2664 2342 court there, at page 584, says: " The judgment of
1450 2333 2662 2391 the court below is based upon the few passages in
1453 2394 2671 2459 each of these works and these passages have been
1454 2454 2670 2513 held to be of such character as to invalidate the
1452 2522 2668 2591 contract upon which the action has been brought.
1447 2577 2670 2649 These few passages furnish no criterion by which
1458 2646 2672 2706 the legality of the consideration of the contract can
1451 2703 2665 2773 be determined. That some of these passages, judged
1454 2757 2652 2816 by the standard of our day, mar rather than en¬
1453 2816 2650 2876 hance the value of these books can be admitted with¬
1454 2872 2664 2951 out condemning the contract for the sale of the
1446 2934 2648 3006 books as illegal. The same criticism has been di¬
1454 2997 2666 3053 rected against many of the classics of antiquity and
1458 3080 2660 3144 against the works of some of our greatest writers
1454 3126 2655 3176 frops Chancerto Walt Whitman, without being re¬
1453 3189 2659 3240 garded as sufficient to invalidate contracts forthe
1463 3248 2360 3314 sale and publication of their works'.
1486 3315 2655 3374 Books will not be banned by law merely becanse
1443 3381 2646 3445 they do not serve a useful purpose nor teach any
1445 3445 2671 3500 moral lesson (People v. Brainard & Harper &
