3436 4320
278 245 1993 326 30. Casanovas Heinfahrt box 4/10
3079 957 3373 1029 Ane 4
560 1011 3382 1080 — Lenwirausparter ein Terren dl bewden Regierungen zufallanengesetzt wird. ssingung nutionaler Lieder ein und besetzte alle
2414 1117 3372 1175 Er wird abgewiesen; nun will er das Unerreich¬
1306 1115 2360 1199 Leidensfurchen eines verfallenden Menschenantlitzes
260 1121 1319 1185 v.n Fest zu Fest, daß es vielmehr die dumpfe, dunkle
2326 1149 3391 1239 bare ertrotzen, obzwar er durch Zufall weiß, daß
1314 1173 1513 1241 erzählt.
271 1179 1325 1246 Angst war, die bange, nutzlose, die lächerliche Flucht
2329 1210 3372 1275 sein eigenes, um dreißig Jahre verjüngtes Ebenbild,
279 1214 1322 1288 vor dem herannuhenden Alter, vor dem faden
2327 1242 3400 1307 der schöne, schmiegsame Lorenzi, bei der spröden
277 1261 1324 1333 Fäulnishauch der Zerstörung, die er immer näher
1383 1271 2341 1355 Frauen über Frauen durste Casanova in ewigem
2337 1300 3380 1373 Marcoline Erhörung gefunden. Durch eine schwöde
267 1303 1318 1364 und näher über seinem Haupte fühlte, ohne Gnade,
1309 1315 2344 1404 Suchen und Niemalsfinden besitzen, edle und gemeine,
2340 1355 3379 1423 List, durch einen schimpflichen Handel mit dem un¬
269 1348 1320 1420 gleich dem verhängnisvollen Flügelrauschen eines
1309 1379 2344 1444 leidenschaftliche und kalte, Jungfrauen und Dirnen,
2331 1396 3381 1450 würdigen Liebhaber, gelingt es ihm, sich star Lorenzt,
271 1399 1326 1467 schwarzen, unheimlichen Raubvogels. Noch betört
1312 1435 2346 1485 Gräfinnen und Kammermädchen, Sängerinnen und
2336 1447 3375 1508 verkleidet und unerkannt, im Schutze der Dunkelheit
274 1450 1325 1517 zwar Cisanova, noch blendet er; aber es ist nur
1312 1477 2339 1531 Modistinnen, aber vor keiner noch hatte er je, los¬
2339 1494 3375 1549 bei ihr einzuschleichen. Das frühe Morgenlicht übere
281 1493 1324 1547 mehr mühsam erkünstelte Lüge, nur mehr der ver¬
1317 1519 2345 1578 gelöst von allen Erinnerungen und Vergleichen, in
2346 1537 3388 1609 rascht ihn und reißt unerbittlich die Larve von dem
278 1542 1317 1601 Rutende, verdämmernde Widerschein des flammenden
1309 1567 2341 1628 Verlangen und Hingabe so gebebt, in besinnungsloser
2333 1578 3383 1658 kläglichen Beirng. Und was Cosenova jetzt in dem
273 1583 1323 1636 Glanzes von einst, die blasse. müde Aureole ferner,
1319 1618 2343 1672 Brunst und hilfloser Demut, wie zu Mantua vor der
2348 1627 3376 1688 mitleidigen, unendlich traurigen Blick des getäuscht
279 1633 1318 1694 verschollener Trinphe, nur mehr das trammnhaft
1313 1670 2340 1727 klinen, verschlossenen und spröden Marcoline, einem
2331 1672 3397 1737 Weibes liest, ist nicht, was er tausendmal lieber darin
276 1687 1311 1743 ausschwingende, unwirkliche Scho einer eins. heißen,
1309 1720 2340 1778 entzückenden und dabei sehr gelehrten jungen
2347 1722 3397 1783 gelesen hätte: Dieb, Schurke; er ließ nur das Wort,
275 1728 1325 1779 vollen, welgerisch werbenden Melodie, abendliche,
1307 1761 2346 1818 Mädchen, das auf einem Landgut in der Nähe der
2337 1776 3387 1837 das ihm von allen das furchtbarste ist, das ihn
286 1754 1333 1835 insgeheim weinende Flöten der Erinnerung in
1317 1805 2344 1862 Stadt bei ihrem Onkel, einem Freunde Casanovas,
278 1804 1317 1877 sterbenden, herbstlich fahlen Gärten der Melancholie.
2335 1820 3401 1886 vollends zu Boden schlägt, da es sein end#
1308 1852 2343 1910 die Ferien verbringt. Marcoline ist eine eigenartig
2337 1875 3380 1936 gültiges Urteil spricht: Alter Mann. Armer alter
361 1862 1323 1923 Qualvolle, heimlich zehrende Wehmut der Ent¬
277 1903 2347 1961 fagung, blutlose Gespenster des Verfalls, ins Nichts zer= undurchsichtige, höchst reizvoll schillernde Mischung
2346 1903 3411 1972 Mann. Gebückt, mehr kriechend als gebend, Rr#
279 1941 2342 2013 rinnende Phankome der Lebenslüge, bittersüßze aus Kindlichkeit, Liebreiz und männlicher Verstandes¬
2338 1957 3358 2026 er sich hinaus ins Leere, in die Verlassenheit, ge¬
1313 1995 2352 2056 schärfe; sie spielt mit den Kindern Ball und hat zu
2347 2006 3382 2067 neigten Hauptes wie nach einem letzten Abschied.
261 1999 1327 2084 Musik des Abschiedes, durch die zuweilen ein schriller,
1316 2050 3379 2120 Bologna Philosophie studiert. Sie tollt ausgelassen schleppt sich nach Venedig. Casanovas Heimfahrt.
280 2033 1326 2113 verwerter Aklord wie von Ohnmacht und Verzweif¬
1310 2100 2356 2155 über die blütentrunkenen Wiesen und führt einen
2344 2101 3379 2162 Daheim wird er als Spion ein schmachvolles, an¬
273 2100 1327 2162 ## stöhnt, dies alles weht einem aus Artur
1308 2138 2351 2197 abstrakten Briefwechsel mit dem berühmten Mathe¬
2334 2150 3384 2224 geekeltes Dasein führen, er. Casanova, Chevalier ##
287 2151 1334 2216 (Schnitzlers jüngstem Buche „Casanovas Heim¬
293 2184 2344 2243 Jahrt"*) entgegen gleich einem mild und leise ver= matiker Sangrenne in Paris; während sie einem
2332 2194 2935 2271 Seingalt, Doktor der Rechte.
1322 2229 2350 2286 Falter nachjagt, verwickelt sie Casanova in einen
293 2243 1320 2319 nwebenden und doch hartnäckigen, unvergeßlich
1322 2264 2353 2340 heiklen Disput über Voltaire und die Sophisten. Sie
2418 2269 3327 2361 Man kennt sein Ende; in einem zerschli
294 2292 1318 2350 sturden Duft, als würde nach langer, langer Zeit
1319 2313 2342 2382 verschmäht um der Wissenschaft willen jede Werbung,
2331 2317 3266 2405 Rock, eine groteske Velznlätze auf dem Kopf.
274 2340 1317 2408 wieder der Decel einer schweren, kostbaren, ie
1316 2354 2335 2427 aber es gibt Tage, da ihr alle Philosophie und Logik
2339 2385 3263 2435 grobes wollenes Tuch um den mageren, fal
277 2372 1323 2449 Schatten der Jahrhunderte nachgedunkelten Truhe
1323 2416 2350 2489 nur ein Spiel mit Worten scheint, edler freilich, doch
2337 2432 3272 2481 Hals irrt er noch einmal über die harten Stre
284 2432 1327 2497 möffnet, und derin schlafen vergessene, alte, edle
1321 2464 2028 2523 auch finnloser als alle andern. ...
2329 2468 3287 2545 frender Länder, in Schuben, an denen die Schna
284 2467 1323 2528 Seldenge webe, stolze, einsame Bvokate in verwitter¬
1403 2520 3328 2585 Und angesichts dieses jungen Geschöpfes, an fehlen. Dann erbarmt sich der Graf Waldstein seine
281 2509 1336 2593 ten, verblichenen Farben. Aus dieser mit zarter, be¬
1313 2563 3322 2624 einem früchteschweren, golden wogenden Sommer= und nimmt ihn als Bibliothelar und l#er#
282 2572 1321 2642 hutsamer und wieder gewaltiger Kunst mit instinktiv
1307 2614 2357 2671 tage, überfällt den alternde Casanova gleich einem
2335 2612 3385 2677 traueige Sehenswürdigkeit mit sich auf sein Schloß
283 2615 1322 2665 sicherem historischem Stilgefühl geschaffenen und
1307 2661 3381 2730 grausamen Kampf von Reu##und letzter Hoffnung dienach Dux. Ein Bild ist dort in der Bioliothek za
285 2651 1324 2723 fstgehaltenen Atmosphäre hebt sich im schwankenden
1326 2708 3385 2784 Erkenntnis: hier endlich ist, die er schon so oft, töricht sehen, und darunter steht: „Me quaero, ned adsum,
282 2720 1317 2782 Zwielicht die tragische# asle des alternden Casanova
1315 2761 2346 2810 genug, zu erleben geglaubt, und die er noch niemals
2332 2766 3370 2827 kui.“ Ich suche mich, doch hin ich nicht mehr, ich war.
284 2760 1327 2824 ab, und Schrützlers (frei erfundene) Geschichte von
1327 2800 2351 2862 wirklich erlebt hatte — Erfüllung und nicht nur Ver¬
2417 2797 3368 2854 Er war ein Gewesener, noch lange, ebe er im
315 2808 1316 2879 dem letzten und tiefsten Erlebnisse des Ruhelosen
1314 2844 2349 2912 heißung. Hier ist Lust, die zur Andacht wird,
2332 2838 3390 2915 Jahre 1798 endlich sterben durfte undauf dem Barbara¬
287 2853 1315 2919 wächst zugleich zu einer wundersam ergreifenden
1318 2896 2350 2953 Andacht, die sich in Lust wandelt, hier gleitet
2340 2887 3383 2964 friedhofe beigesetzt wurde: noch lange, ebe in den
286 2907 1329 2970 Legende von Kummer und Glück empor, von be¬
2347 2938 3375 2999 Totenmatriken wirklich, schwarz auf weiß, zu lesen
293 2954 2356 3007 grabenen Schmerzen und erloschenen Freuden, zu tiefster Rausch in Wachsein ohnegleichen, Wachsein
283 3000 3376 3077 einer Legende, wie sie das Leben selbst durch die ohnegleichen in tiefsten Rausch über. Hier ist Rettung, war: „Herr Jakob Cassaneus, ein Venezianer,
1111 3033 2925 3118 —Friede, Asyl ven Verfall mid Tod. Vergessen und 84 Jahre alt.“ Nichts weiter.
1793 3072 1906 3142 .
2465 3060 3396 3171 . Dr. Moriz Schenen 1
291 3070 1151 3174 n*) Erschienen bei S. Fischer, Berlin. 1
1126 3085 1608 3185 #  h berzebung.
314 3131 450 3189 G
1595 3091 2397 3210 4 4
