3436 4320
252 195 1384 254 30. Casanovas Heimfahrt
1520 180 1955 268 box 4/10
960 928 1729 1004 Aber aller einfache Effekt ist dieser
1753 934 2528 1009 Gestalten aussprechen läßt: „Wahr oder
951 981 1734 1043 Erzählung fremd. Von vornherein wird
1758 992 2522 1062 nicht, die Geschichte ist gut erzählt. Das
954 1036 1726 1094 der europäische Verführer gezeichnet im
1750 1030 2528 1102 ist die Hauptsache. Erzählen, das heißt
964 1091 1726 1144 Stadium des Verfalls. Ein dem
1761 1083 2531 1128 handfestes Geschehen handfest darbrin¬
958 1118 1732 1166 Greisen= und Siechtum naher, verarm¬
1746 1129 2526 1182 gen. Wie wenige können es!“ Der
949 1167 1716 1222 ter, mühsam seinen alten Ruf wahren¬
1749 1168 2533 1228 Satz steht in der Novelle „Die Bock¬
951 1207 1734 1268 der, heimlich schon dem bittersten Schick¬
1756 1215 2524 1269 reiter“. Sie spielt im 18. Jahrhundert,
959 1257 1733 1305 sal Erlegener, so betritt Casanova die
1759 1260 2531 1314 im rheinischen Land. Lange hat Friede
962 1301 1722 1348 Szene, ein Schauspieler, der seine eigene
1753 1302 2530 1348 geherrscht und üppiger Wohlstand, allzu
954 1337 1732 1385 Vergangenheit spielt, raffiniert, mit
1747 1350 2529 1404 üppiger. Die gesättigte Ruhe gebiert die
959 1384 1726 1443 Liebenswürdigkeit und Schlauheit den
1750 1390 2532 1437 Lust zum Schabernack, zum nächtlichen
963 1433 1725 1482 Weltmann von damals mimt, während
1757 1442 2537 1490 Treiben und Abenteuern. Es hat sich
952 1481 1720 1535 er schon den Pakt unterschrieben hat,
1744 1475 2526 1525 eine geheime Bande gebildet, die Hüh¬
956 1516 1720 1568 der ihn zum jammervollen Spitzel
1746 1523 2533 1580 ner stiehlt, Mönche schreckt, Unrecht
951 1562 1728 1611 herabwürdigt. Und in diesem Moment
1745 1555 2530 1615 durch mildes Femgericht fühnt und
959 1609 1730 1658 flackert noch einmal die Glut in ihm
1747 1609 2522 1655 Hoch und Niedrig Gelegenheit gibt, sich
950 1644 1731 1698 auf. Ein junges, hochgebildetes Mäd¬
1749 1656 2523 1718 heimlich auszutoben. Aber wie es geht,
963 1698 1722 1770 chen fesselt ihn. Mit kühner Waghal¬
1750 1700 2531 1755 wo Viele teilnehmen und keine Verant¬
958 1734 1732 1786 sigkeit nähert er sich ihr wie ein er¬
1753 1743 2523 1795 wortung den Einzelnen trifft, das halb
959 1782 1719 1832 fahrener Jäger; aber sie unterliegt nicht.
1753 1783 2531 1845 harmlose Treiben geht bald in Plün¬
954 1826 1729 1883 Erst muß er ihren Geliebten nach
1748 1830 2523 1867 dern, böse Gewalttat und Blutvergießen
952 1872 1731 1915 allerlei trugvollen und anstrengenden
1757 1872 2531 1934 über. Zwar, die Bockreitergesellschaft
949 1912 1729 1970 Machenschaften mit Geld erkaufen und
1755 1914 2525 1980 löst sich nun, erschrocken, auf. Aber
952 1956 1719 2011 ein großes reines Glück zertreten, ehe
1747 1961 2521 2021 ihr Vorbild hat wildere und fessel¬
948 1999 1730 2061 er sie besitzen kann. Das geschieht, und
1751 2001 2522 2066 losere Elemente gelockt. Räuberbanden
954 2045 1720 2097 nach diesem grauenvollen Sieg ersticht
1743 2047 2531 2107 terrorisieren bald das ganze Land. Sol¬
946 2089 1718 2153 er noch im Zweikampf den Betrogenen,
1742 2094 2519 2153 daten werden aufgeboten, der Belage¬
947 2140 1723 2193 ehe er nach Venedig heimkehrt. Ein
1744 2146 2533 2193 rungszustand wird verkündet. Traurige
947 2179 1731 2236 ekelerregender Vorgang also, und einer,
1740 2183 2524 2235 Jahre kommen. Die alte Bockreiter¬
948 2223 1730 2265 der voll von Klippen und Gefahren für
1739 2220 2522 2281 gesellschaft bildet sich, gleichsam zum
945 2269 1722 2325 den Erzähler ist. Aber es ist Schnitzler
1754 2266 2524 2325 Schutze ihrer Idee und zur Verhütung
955 2309 1723 2367 gelungen, eine in vielen Reizen schil¬
1751 2310 2527 2372 gröbsten Unheils, neu. Endlich siegt
942 2357 1717 2414 lernde Novelle daraus zu machen.
1755 2359 2529 2413 doch die organisierte Staatsgewalt.
954 2395 1713 2453 Schon der milde Hintergrund der Be¬
1744 2400 2515 2442 Und zuletzt ergreift man die alten Bock¬
952 2445 1716 2498 gebenheit, ein italienisches Landhaus
1755 2445 2528 2498 reiter, darunter zahlreiche ehrenwerte
955 2493 1714 2540 mit schlichten, natürlichen Bewohnern,
1746 2491 2528 2545 Bürger; als ihr Führer entpuppt sich
945 2531 1722 2588 übt eine ausgleichende Wirkung. Und
1753 2532 2523 2593 der allbeliebte, prächtige Arzt Dr. Kirch¬
955 2570 1723 2629 über das Widerliche der Ereignisse
1752 2587 2517 2634 hoff, der zuletzt gemartert und hin¬
1751 2624 2531 2674 gerichtet wird. Das Strafgericht waltet
957 2617 1725 2676 triumphiert vollends neben der faszi¬
1745 2661 2528 2703 nun furchtbar seines Amtes. „Der
946 2664 1723 2721 nierenden Sprache das unaufdringliche,
1742 2701 2523 2764 Scharfrichter verdiente durch die Tor¬
941 2706 1724 2757 aber mit voller Sicherheit aufgerollte
948 2748 1716 2810 Bild eines zwar wertarmen, aber so
1748 2747 2523 2808 turen, Auspeitschungen und Hinrich¬
1738 2791 2525 2849 tungen an 500 Goldgulden. „Das ganze
955 2791 1711 2857 menschlich wie geschichtlich nicht be¬
1747 2838 2513 2884 Land roch nach Menschenaas.“ So
952 2836 1712 2895 deutunglosen Charakters, der bis in
949 2873 1717 2934 seine letzten Tiefen oder Scheintiefen
1753 2881 2529 2940 schließt die Novelle. Sie ist in der
1740 2916 2513 2984 Tat „handfest“ und handfest erzählt.
950 2928 1715 2987 hinein und noch dazu im Zusammen¬
1750 2972 2527 3025 Klar und sicher aus knappen Auftritten
952 2971 1723 3024 hang mit dem Geist seiner Zeit und
1745 3000 2526 3067 und Anekdoten aufgebaut, bietet sie
947 3013 1716 3066 Gesellschaftssphäre veranschaulicht wird.
946 3052 1725 3116 Das ist gewiß nicht erschütternd. Wir
1743 3056 2518 3106 ein geschichtliches Ereignis von eigen¬
1743 3102 2511 3148 tümlicher Wucht und Symbolhaftigkeit
946 3102 1724 3153 haben von Schnitzler manches tiefer
1750 3140 2525 3200 anschaulich und packend. Aber letzten
952 3150 1712 3203 erregende Werk. Aber es ist eine dich¬
1749 3183 2516 3247 Endes bleibt diese handfeste Erzähl¬
942 3196 1724 3247 terische Arbeit von höchster Kunst, die
950 3227 1717 3283 als solche genossen werden kann und will.
1751 3228 2527 3292 kunst etwas flach. Sie bringt zwar nicht
1003 3274 1717 3328 Aus derberem Holze geschnitzt ist
1754 3277 2513 3334 nur zum Lächeln, um so weniger, als
944 3316 1714 3376 Josef Ponten. Es klingt wie ein
1741 3319 2525 3363 Ponten sehr geschickt die tieferen gesell¬
947 3363 1718 3421 Geleitwort zum eigenen Wollen und
1750 3366 2523 3419 schaftssymbolischen Beweggründe des
1750 3406 2530 3484 ganzen Vorgangs aufdeckt und ihre
952 3401 1720 3485 Können, wenn er einmal eine seiner
2364 3474 2454 3569 79
