3392 4256
458 92 1342 167 Casanovas Heimfahr
1505 90 1936 184 box 4/11
241 84 1367 220 30    neneneterecetete e eche e
1105 1007 2316 1107 ing efthis final chapter of Casanova's life is likely
1108 1095 2324 1149 to emulate him; no one is likely to be attracted to
1114 1159 2314 1217 the sorry existence that is depicted for him. On
1111 1219 2318 1275 the contrary, his acts and their consequences have
1109 1274 2306 1347 all the force of a powerful moral tract; urging recti¬
1108 1336 2318 1401 tude byshowing the bitter fruits of debauchery and
1107 1394 1328 1467 chicane.
1538 1504 1863 1589 The Law.
1161 1626 2299 1699 Section 1141 of the Penal Law forbids the manu¬
1100 1688 2312 1750 facture or sale of any material that is Pobscene,
1111 1751 2242 1820 lewd, lascivious, filthy, indecent or disgusting“.
1154 1806 2311 1877 It must be borne in mind that this is not an
1102 1881 2320 1955 ordinary eriminal statute. It is one in derogation
1100 1941 2318 2008 of the Bill of Rights as expressed in our State and
1105 1994 2309 2054 Federal Constitutions. Hence, if the Courts are
1111 2055 2306 2110 bound to exercise care in the application of an
1113 2119 2307 2174 ordinary penal law and to resolve all doubt in favor
1104 2187 2316 2248 of a defendant in determining whether or not there
1101 2221 2312 2301 is reasonable ground to believe a crime has been
1107 2292 2298 2372 committed, this Court must administer the obscen¬
1110 2353 2322 2414 ity statute with all the greater circumspection and
1517 2528 1868 2608 Argument.
1158 2636 2308 2725 (1) This book is not pornographic and has none
1092 2705 2304 2780 of the earmarks of that kind of dirty literature
1109 2776 2304 2832 which is sold under the counter. The name ofthe
1098 2834 2302 2885 author stands high as a creator of literature. The
1099 2900 2293 2959 leading educational institution of America, Colum¬
1102 2959 2306 3015 bia University, in one of its outstanding extension
1096 3014 2308 3094 courses, not only refers to Dr. Schnitzler as one of
1098 3087 2304 3156 the six great German writers of our age, but com¬
1104 3138 2304 3188 ments with approval on this very volume. To con¬
1093 3207 2169 3289 demn this volume is to indict the community.
