3484 4224
325 110 1444 192 30. Casanovas Heimfahrt
1577 109 2022 218 box 4/10
526 164 1460 239 n en enterenenen    aen den den aen A GAL
1270 651 1620 905 24
2080 685 2301 906 2
926 1000 2474 1121 MODIFYING THE EIGHTEENTH CENTURY
1086 1125 2385 1213 CASANOMAS-HOMECoMiNg. By Arthur Schnitzler. —
1088 1213 2350 1281 Translated by Eden and Cedar Paul. 8vo. 100 pages.
1087 1271 1968 1361 Privately printed for subscribers only.
980 1406 2471 1472 HERE is one species of poet who, if he quarrels with his mis¬
971 1478 2485 1555 4 tress in the morning—supposing that poets still possess such
950 1557 2483 1624 lovely baggage—writes a poem that day on quarrelling with his
942 1613 2491 1684 mistress; whereas, if he had been awakened by a piano playing next
951 1684 2489 1743 door, he would have composed some Variations on Being Awakened
946 1750 2486 1816 by a Piano. In a much broader way, Schnitzler’s procedure has
948 1798 2484 1854 about it something analogous to this. Since as a much younger
956 1864 2492 1947 man, that is, Schnitzler wrote Anatol and Reigen, as an older man
956 1929 2484 2002 he writes Casanova’s Homecoming. If this method succeeds, which
951 2001 2481 2061 it seems to have done in Schnitzler’s case, the artist must have one
951 2058 2481 2113 highly consoling thought as he looks back over the range of his pro¬
958 2118 2492 2184 ductions: he has made the world observe with interest the milestones
958 2184 1623 2262 of his own personal journey.
1012 2242 2494 2318 Casanova himself, belonging to a rather more glorious century,
950 2315 2484 2392 and one which could not go sour on the scientific dethronement of
948 2396 2490 2461 man, found the meditation of his earlier Jougzes an occupation of
950 2459 2490 2531 such a delightful nature that he simply could not help retailing them
963 2518 2494 2588 for everyone. For, as he explains in his capacity as a somewhat
953 2576 2498 2643 facile philosopher, the joys of his past are still with him because he
960 2641 2495 2707 can live chem again in his memory, whereas the pains are no longer
963 2708 2489 2767 operative since he is so conscious of their being gone. But then,
955 2768 2485 2854 Casanova was not particularly interested in the Orphic, that pecu¬
950 2854 2492 2912 liar pudency which was to capture the following century and which
961 2902 2484 2957 manifested itself in the tendency to qualify to the point of disinte¬
960 2963 2494 3040 gration, to behold with a divided attitude, thus feeling ashamed.
971 3023 1940 3109 He was content with his facile philosophy.
1014 3086 2493 3181 The comparison is inevitable, since in Casanova’s Homecoming
962 3152 2496 3240 Schnitzler sees so markedly nineteenth century an ending for so
961 3217 2491 3288 eighteenth century a celebrity. Where Casanova himself—if we
974 3283 2500 3355 take him at his word—found a perfect satisfaction in recalling an
968 3349 2502 3423 adventurous past which he could no longer duplicate—Schnitzler
