<?xml version="1.0" encoding="UTF-8" standalone="yes"?>
<PcGts xmlns="http://schema.primaresearch.org/PAGE/gts/pagecontent/2013-07-15" xmlns:xsi="http://www.w3.org/2001/XMLSchema-instance" xsi:schemaLocation="http://schema.primaresearch.org/PAGE/gts/pagecontent/2013-07-15 http://schema.primaresearch.org/PAGE/gts/pagecontent/2013-07-15/pagecontent.xsd">
    <Metadata>
        <Creator>prov=University of Rostock/Institute of Mathematics/CITlab/Gundram Leifert/gundram.leifert@uni-rostock.de:name=ONB_Newseye_GT_M1+(htr_id=10810)::::v=2.4.2
prov=University of Rostock/Institute of Mathematics/CITlab/Tobias Gruening/tobias.gruening@uni-rostock.de:name=de.uros.citlab.module.baseline2polygon.B2PSeamMultiOriented:v=2.4.2
prov=University of Rostock/Institute of Mathematics/CITlab/Tobias Gruening/tobias.gruening@uni-rostock.de:name=/mnt/transkribus/LA/DEA/URO/LA_news_onb_att.pb:de.uros.citlab.segmentation.CITlab_LA_ML:v=2.4.2
Transkribus</Creator>
        <Created>2019-10-07T10:23:35.879+02:00</Created>
        <LastChange>2019-10-07T15:30:51.348+02:00</LastChange>
        <TranskribusMetadata docId="223891" pageId="9491143" pageNr="13" tsid="16387650" status="IN_PROGRESS" userId="40391" imgUrl="https://files.transkribus.eu/Get?id=JZQOXMOUCYMFSGNFRNVHNDER&amp;fileType=view" xmlUrl="https://files.transkribus.eu/Get?id=HYBUVBKQUGXKJJHLBORCQAJV" imageId="6181431"/>
    </Metadata>
    <Page imageFilename="223891_0013.jpeg" imageWidth="3484" imageHeight="4320">
        <ReadingOrder>
            <OrderedGroup id="ro_1711445789836" caption="Regions reading order">
                <RegionRefIndexed index="0" regionRef="r1"/>
                <RegionRefIndexed index="1" regionRef="r2"/>
                <RegionRefIndexed index="2" regionRef="r3"/>
            </OrderedGroup>
        </ReadingOrder>
        <TextRegion orientation="0.0" id="r1" custom="readingOrder {index:0;}">
            <Coords points="16,1320 16,2291 109,2291 109,1320"/>
            <TextLine id="r1l1" custom="readingOrder {index:0;}">
                <Coords points="16,1378 45,1378 56,1369 104,1374 107,1333 92,1330 79,1314 67,1306 60,1310 45,1307 40,1312 21,1308"/>
                <Baseline points="30,1357 62,1359 94,1361"/>
                <TextEquiv>
                    <Unicode>reich</Unicode>
                </TextEquiv>
            </TextLine>
            <TextLine id="r1l2" custom="readingOrder {index:1;}">
                <Coords points="3,1852 35,1850 52,1863 66,1851 76,1859 83,1852 108,1857 109,1797 97,1796 82,1808 70,1810 53,1807 36,1812 5,1806"/>
                <Baseline points="16,1843 42,1844 69,1845 96,1845"/>
                <TextEquiv>
                    <Unicode>ird i</Unicode>
                </TextEquiv>
            </TextLine>
            <TextLine id="r1l3" custom="readingOrder {index:2;}">
                <Coords points="17,1908 41,1909 54,1900 71,1910 81,1901 90,1911 103,1902 120,1903 122,1859 110,1859 105,1863 88,1853 66,1852 51,1863 42,1853 20,1849"/>
                <Baseline points="31,1892 57,1891 83,1892 109,1896"/>
                <TextEquiv>
                    <Unicode>gemy</Unicode>
                </TextEquiv>
            </TextLine>
            <TextLine id="r1l4" custom="readingOrder {index:3;}">
                <Coords points="62,2101 74,2100 79,2104 93,2098 113,2097 109,2048 94,2050 90,2055 82,2051 58,2052"/>
                <Baseline points="72,2090 100,2088"/>
                <TextEquiv>
                    <Unicode>5</Unicode>
                </TextEquiv>
            </TextLine>
            <TextLine id="r1l5" custom="readingOrder {index:4;}">
                <Coords points="37,2241 54,2240 65,2250 78,2237 91,2246 93,2243 106,2243 102,2182 90,2183 86,2188 71,2193 62,2204 57,2199 52,2202 47,2197 35,2198"/>
                <Baseline points="49,2234 94,2232"/>
                <TextEquiv>
                    <Unicode>zenh</Unicode>
                </TextEquiv>
            </TextLine>
            <TextLine id="r1l6" custom="readingOrder {index:5;}">
                <Coords points="20,2287 37,2285 47,2294 54,2294 59,2289 64,2291 78,2282 80,2285 87,2277 99,2276 96,2237 77,2238 68,2249 63,2249 53,2240 39,2254 31,2247 17,2250"/>
                <Baseline points="32,2280 59,2278 86,2276"/>
                <TextEquiv>
                    <Unicode>ezu</Unicode>
                </TextEquiv>
            </TextLine>
            <TextEquiv>
                <Unicode>reich
ird i
gemy
5
zenh
ezu</Unicode>
            </TextEquiv>
        </TextRegion>
        <TextRegion orientation="0.0" id="r2" custom="readingOrder {index:1;}">
            <Coords points="248,261 248,2932 2193,2932 2193,261"/>
            <TextLine id="r2l1" custom="readingOrder {index:0;}">
                <Coords points="1603,314 1647,314 1679,291 1727,316 1830,288 1873,316 2034,309 2035,233 2006,221 1976,240 1950,222 1928,234 1872,221 1777,244 1719,223 1670,235 1605,214"/>
                <Baseline points="1615,283 1640,283 1666,284 1691,285 1717,286 1742,287 1768,288 1793,289 1819,290 1844,291 1870,291 1895,292 1921,291 1946,291 1972,289 1997,288 2023,285"/>
                <TextEquiv>
                    <Unicode>box 4/10</Unicode>
                </TextEquiv>
            </TextLine>
            <TextLine id="r2l2" custom="readingOrder {index:1;}">
                <Coords points="357,319 1484,311 1483,240 1417,221 963,254 914,225 583,229 549,261 357,236"/>
                <Baseline points="370,293 425,293 480,294 535,294 590,294 645,294 700,294 755,294 810,294 865,294 921,293 976,293 1031,292 1086,292 1141,291 1196,290 1251,289 1306,289 1361,288 1416,286 1472,285"/>
                <TextEquiv>
                    <Unicode>30. Casanovas Heimfahrt</Unicode>
                </TextEquiv>
            </TextLine>
            <TextLine id="r2l3" custom="readingOrder {index:2;}">
                <Coords points="918,328 933,327 950,337 960,327 984,322 1009,334 1035,329 1052,336 1067,321 1079,321 1078,267 1059,268 1040,287 1010,278 996,283 984,273 962,271 954,278 945,276 930,291 918,291"/>
                <Baseline points="930,312 957,310 984,309 1012,309 1039,310 1067,309"/>
                <TextEquiv>
                    <Unicode>S 71</Unicode>
                </TextEquiv>
            </TextLine>
            <TextLine id="r2l4" custom="readingOrder {index:3;}">
                <Coords points="235,940 2069,952 2205,943 2206,875 235,887"/>
                <Baseline points="248,920 345,920 442,921 539,921 637,921 734,921 831,922 928,922 1026,922 1123,923 1220,923 1317,924 1415,925 1512,925 1609,926 1706,927 1804,928 1901,929 1998,931 2095,932 2193,934"/>
                <TextEquiv>
                    <Unicode>e#treuung in schweren Zeiten, die ihm erreichen, nachdem wir alle hohen Prüfungen der psychologischen</Unicode>
                </TextEquiv>
            </TextLine>
            <TextLine id="r2l5" custom="readingOrder {index:4;}">
                <Coords points="254,1004 431,970 473,992 568,960 636,994 699,975 969,992 986,933 254,936"/>
                <Baseline points="267,977 302,976 337,974 372,974 408,974 443,974 478,974 514,974 549,975 584,975 620,976 655,976 690,977 725,977 761,977 796,976 831,976 867,975 902,974 937,972 973,969"/>
                <TextEquiv>
                    <Unicode>geliefert haben. Dank eines deutschen</Unicode>
                </TextEquiv>
            </TextLine>
            <TextLine id="r2l6" custom="readingOrder {index:5;}">
                <Coords points="1007,990 2202,995 2202,944 2163,938 1008,934"/>
                <Baseline points="1019,969 1077,971 1136,973 1194,975 1253,976 1311,977 1370,978 1428,979 1487,979 1545,980 1604,980 1663,980 1721,980 1780,980 1838,981 1897,981 1955,981 2014,982 2072,983 2131,983 2190,985"/>
                <TextEquiv>
                    <Unicode>Analyse abgelegt haben. Schnitzler bleibt natürlich, weil er sich</Unicode>
                </TextEquiv>
            </TextLine>
            <TextLine id="r2l7" custom="readingOrder {index:6;}">
                <Coords points="256,1036 961,1036 981,1031 981,982 740,993 609,986 572,962 548,981 256,989"/>
                <Baseline points="267,1024 302,1023 337,1022 372,1021 407,1021 442,1020 477,1020 512,1020 547,1020 582,1021 618,1021 653,1021 688,1021 723,1021 758,1021 793,1021 828,1021 863,1021 898,1020 933,1019 969,1018"/>
                <TextEquiv>
                    <Unicode>gar welsche Lektüre! Daraus ziehe ich</Unicode>
                </TextEquiv>
            </TextLine>
            <TextLine id="r2l8" custom="readingOrder {index:7;}">
                <Coords points="999,1034 2201,1041 2201,995 2160,987 1000,976"/>
                <Baseline points="1011,1017 1069,1018 1128,1020 1187,1021 1246,1022 1305,1023 1364,1023 1423,1024 1482,1025 1541,1025 1600,1025 1658,1026 1717,1026 1776,1026 1835,1026 1894,1027 1953,1027 2012,1027 2071,1027 2130,1027 2189,1028"/>
                <TextEquiv>
                    <Unicode>um unwiederbringliche Naivität nicht mehr bemüht; er treibt</Unicode>
                </TextEquiv>
            </TextLine>
            <TextLine id="r2l9" custom="readingOrder {index:8;}">
                <Coords points="266,1091 304,1072 570,1074 594,1093 633,1071 701,1088 986,1070 985,1031 917,1027 265,1033"/>
                <Baseline points="277,1068 311,1069 346,1070 381,1070 416,1071 451,1071 485,1072 520,1072 555,1072 590,1072 625,1072 659,1072 694,1072 729,1072 764,1071 799,1071 833,1070 868,1069 903,1068 938,1067 973,1066"/>
                <TextEquiv>
                    <Unicode>er, der nicht Pazifist ist — dazu ist er</Unicode>
                </TextEquiv>
            </TextLine>
            <TextLine id="r2l10" custom="readingOrder {index:9;}">
                <Coords points="994,1066 2203,1083 2203,1041 2150,1034 994,1037"/>
                <Baseline points="1006,1065 1065,1066 1124,1067 1183,1068 1243,1069 1302,1069 1361,1070 1420,1071 1480,1071 1539,1072 1598,1073 1657,1073 1717,1074 1776,1074 1835,1075 1894,1075 1954,1076 2013,1076 2072,1076 2131,1077 2191,1078"/>
                <TextEquiv>
                    <Unicode>seine Erzählung zum beschleunigten Schritt des Tatsächlichen, wie</Unicode>
                </TextEquiv>
            </TextLine>
            <TextLine id="r2l11" custom="readingOrder {index:10;}">
                <Coords points="274,1133 992,1124 991,1070 967,1068 274,1082"/>
                <Baseline points="287,1117 321,1118 356,1118 390,1119 425,1120 460,1120 494,1120 529,1119 564,1119 598,1118 633,1118 668,1117 702,1116 737,1116 772,1115 806,1115 841,1114 876,1114 910,1113 945,1113 980,1114"/>
                <TextEquiv>
                    <Unicode>sondern nur ein Mann des Friebens</Unicode>
                </TextEquiv>
            </TextLine>
            <TextLine id="r2l12" custom="readingOrder {index:11;}">
                <Coords points="1001,1121 2125,1142 2195,1126 2196,1084 1002,1075"/>
                <Baseline points="1014,1113 1072,1114 1130,1115 1189,1116 1247,1116 1306,1117 1364,1118 1423,1119 1481,1119 1540,1120 1598,1121 1656,1121 1715,1122 1773,1123 1832,1123 1890,1124 1949,1125 2007,1125 2066,1126 2124,1127 2183,1127"/>
                <TextEquiv>
                    <Unicode>es die alte Ueberlieferung der Novelle verlangt, #n er hält zu¬</Unicode>
                </TextEquiv>
            </TextLine>
            <TextLine id="r2l13" custom="readingOrder {index:12;}">
                <Coords points="266,1174 986,1163 986,1131 915,1122 453,1134 266,1113"/>
                <Baseline points="279,1164 313,1164 348,1165 383,1165 417,1165 452,1166 487,1166 521,1166 556,1166 591,1166 626,1166 660,1165 695,1165 730,1165 764,1164 799,1164 834,1163 868,1163 903,1162 938,1161 973,1161"/>
                <TextEquiv>
                    <Unicode>diesen vier Jahren tief gelitten haben</Unicode>
                </TextEquiv>
            </TextLine>
            <TextLine id="r2l14" custom="readingOrder {index:13;}">
                <Coords points="992,1167 2191,1173 2191,1141 2106,1126 992,1123"/>
                <Baseline points="1005,1167 1063,1165 1122,1164 1181,1164 1239,1163 1298,1163 1357,1164 1415,1164 1474,1165 1533,1165 1592,1166 1650,1167 1709,1168 1768,1168 1826,1169 1885,1170 1944,1170 2002,1170 2061,1170 2120,1170 2179,1169"/>
                <TextEquiv>
                    <Unicode>gleich das Tompo durch ein vorsichtiger Maß psychelogischer Rechen¬</Unicode>
                </TextEquiv>
            </TextLine>
            <TextLine id="r2l15" custom="readingOrder {index:14;}">
                <Coords points="246,1220 355,1231 511,1201 557,1230 893,1206 922,1223 978,1213 978,1167 508,1184 287,1178 245,1156"/>
                <Baseline points="257,1212 292,1212 327,1212 363,1212 398,1212 434,1212 469,1212 505,1212 540,1211 576,1211 611,1211 646,1210 682,1210 717,1209 753,1209 788,1209 824,1209 859,1209 895,1209 930,1209 966,1209"/>
                <TextEquiv>
                    <Unicode>#hter vor ein Revolutionstribunal ge¬</Unicode>
                </TextEquiv>
            </TextLine>
            <TextLine id="r2l16" custom="readingOrder {index:15;}">
                <Coords points="996,1206 2191,1228 2189,1172 997,1172"/>
                <Baseline points="1008,1212 1066,1212 1125,1212 1183,1212 1242,1213 1300,1213 1359,1214 1417,1215 1476,1215 1534,1216 1593,1217 1652,1217 1710,1218 1769,1219 1827,1219 1886,1220 1944,1220 2003,1220 2061,1220 2120,1220 2179,1220"/>
                <TextEquiv>
                    <Unicode>schaften an, ohne die wir Heutigen — Zergliederer auch der letzten</Unicode>
                </TextEquiv>
            </TextLine>
            <TextLine id="r2l17" custom="readingOrder {index:16;}">
                <Coords points="249,1285 361,1262 420,1286 442,1266 490,1283 566,1262 653,1279 984,1261 984,1225 898,1206 794,1226 249,1221"/>
                <Baseline points="261,1259 296,1260 332,1260 367,1260 403,1261 438,1261 474,1261 509,1261 545,1260 580,1260 616,1260 651,1259 687,1258 722,1258 758,1257 793,1257 829,1256 864,1256 900,1256 935,1255 971,1255"/>
                <TextEquiv>
                    <Unicode>eich, obgleich ich kein Instrument spiele.</Unicode>
                </TextEquiv>
            </TextLine>
            <TextLine id="r2l18" custom="readingOrder {index:17;}">
                <Coords points="998,1271 2099,1298 2194,1278 2195,1229 998,1220"/>
                <Baseline points="1011,1259 1069,1258 1128,1258 1186,1258 1245,1258 1304,1258 1362,1258 1421,1259 1479,1260 1538,1260 1597,1261 1655,1262 1714,1263 1772,1264 1831,1265 1890,1266 1948,1267 2007,1267 2065,1268 2124,1269 2183,1270"/>
                <TextEquiv>
                    <Unicode>seelischen Elemente — menschlichen Vorgängen nicht mehr folgen</Unicode>
                </TextEquiv>
            </TextLine>
            <TextLine id="r2l19" custom="readingOrder {index:18;}">
                <Coords points="1008,1312 1060,1309 1076,1324 1093,1325 1098,1320 1120,1321 1128,1314 1142,1322 1157,1308 1184,1309 1185,1282 1151,1283 1132,1270 1110,1267 1103,1272 1091,1264 1066,1273 1057,1262 1010,1270"/>
                <Baseline points="1022,1299 1047,1299 1072,1300 1097,1301 1122,1302 1147,1303 1172,1305"/>
                <TextEquiv>
                    <Unicode>kännen.</Unicode>
                </TextEquiv>
            </TextLine>
            <TextLine id="r2l20" custom="readingOrder {index:19;}">
                <Coords points="257,1312 359,1333 641,1307 994,1329 993,1273 962,1266 256,1271"/>
                <Baseline points="268,1305 303,1306 339,1306 375,1306 410,1306 446,1306 482,1306 517,1306 553,1306 589,1305 625,1305 660,1305 696,1304 732,1304 767,1304 803,1303 839,1303 874,1303 910,1302 946,1302 982,1302"/>
                <TextEquiv>
                    <Unicode>verhört zu werden. Wenn die Sorge</Unicode>
                </TextEquiv>
            </TextLine>
            <TextLine id="r2l21" custom="readingOrder {index:20;}">
                <Coords points="240,1378 356,1353 612,1376 685,1354 736,1378 994,1358 994,1321 969,1314 240,1312"/>
                <Baseline points="251,1354 287,1354 324,1354 360,1354 397,1354 433,1354 470,1354 506,1354 543,1355 579,1355 616,1355 652,1355 689,1354 725,1354 762,1354 798,1353 835,1353 871,1352 908,1351 944,1350 981,1349"/>
                <TextEquiv>
                    <Unicode>ands mir die Fähigkeit zur Arbeit wie</Unicode>
                </TextEquiv>
            </TextLine>
            <TextLine id="r2l22" custom="readingOrder {index:21;}">
                <Coords points="1035,1370 2059,1388 2188,1367 2188,1314 1035,1324"/>
                <Baseline points="1047,1360 1103,1362 1159,1364 1216,1366 1272,1368 1329,1369 1385,1370 1442,1371 1498,1372 1555,1373 1611,1373 1667,1374 1724,1374 1780,1374 1837,1374 1893,1374 1950,1374 2006,1374 2063,1373 2119,1373 2176,1373"/>
                <TextEquiv>
                    <Unicode>Wer also an der reinen Handlung sein Vergnügen findet, der</Unicode>
                </TextEquiv>
            </TextLine>
            <TextLine id="r2l23" custom="readingOrder {index:22;}">
                <Coords points="262,1406 571,1426 870,1404 912,1425 989,1405 989,1354 262,1372"/>
                <Baseline points="275,1406 310,1406 345,1407 380,1407 415,1407 450,1407 485,1407 520,1407 555,1407 590,1407 626,1406 661,1406 696,1405 731,1405 766,1404 801,1404 836,1403 871,1403 906,1402 941,1402 977,1401"/>
                <TextEquiv>
                    <Unicode>drei Männer, die sich immer als stark</Unicode>
                </TextEquiv>
            </TextLine>
            <TextLine id="r2l24" custom="readingOrder {index:23;}">
                <Coords points="993,1413 2175,1434 2198,1359 2061,1389 993,1372"/>
                <Baseline points="1006,1407 1064,1408 1123,1409 1182,1410 1241,1410 1300,1411 1359,1412 1418,1413 1477,1414 1536,1414 1595,1415 1653,1416 1712,1417 1771,1417 1830,1418 1889,1419 1948,1419 2007,1420 2066,1420 2125,1420 2184,1420"/>
                <TextEquiv>
                    <Unicode>wird mit der Spannung, die jede gute Erzählung erregen muß, der</Unicode>
                </TextEquiv>
            </TextLine>
            <TextLine id="r2l25" custom="readingOrder {index:24;}">
                <Coords points="249,1457 937,1467 976,1455 976,1416 290,1413 249,1435"/>
                <Baseline points="261,1454 296,1454 331,1455 366,1455 401,1456 436,1456 471,1456 506,1456 541,1456 576,1456 612,1456 647,1456 682,1456 717,1455 752,1455 787,1455 822,1454 857,1454 892,1454 927,1453 963,1453"/>
                <TextEquiv>
                    <Unicode>eine Stunde abzulenken und zu sich zu</Unicode>
                </TextEquiv>
            </TextLine>
            <TextLine id="r2l26" custom="readingOrder {index:25;}">
                <Coords points="992,1457 2045,1486 2157,1483 2189,1432 992,1413"/>
                <Baseline points="1004,1455 1062,1456 1121,1457 1179,1458 1238,1459 1297,1461 1355,1462 1414,1463 1472,1465 1531,1466 1590,1467 1648,1468 1707,1469 1765,1470 1824,1470 1883,1471 1941,1471 2000,1470 2058,1470 2117,1469 2176,1467"/>
                <TextEquiv>
                    <Unicode>ungemein gechichten und dramatisch geförderten Erftadung folgen,</Unicode>
                </TextEquiv>
            </TextLine>
            <TextLine id="r2l27" custom="readingOrder {index:26;}">
                <Coords points="239,1524 518,1497 759,1525 842,1500 973,1526 990,1458 238,1458"/>
                <Baseline points="251,1501 287,1503 323,1503 360,1504 396,1504 433,1505 469,1505 505,1505 542,1505 578,1504 615,1504 651,1503 687,1503 724,1502 760,1502 797,1501 833,1501 869,1500 906,1500 942,1499 979,1499"/>
                <TextEquiv>
                    <Unicode>nd Casanova. Dem Philosophen gelung</Unicode>
                </TextEquiv>
            </TextLine>
            <TextLine id="r2l28" custom="readingOrder {index:27;}">
                <Coords points="990,1503 2199,1524 2199,1487 2136,1474 990,1466"/>
                <Baseline points="1002,1504 1061,1504 1120,1504 1179,1505 1238,1506 1298,1507 1357,1509 1416,1510 1475,1512 1534,1513 1594,1514 1653,1515 1712,1516 1771,1517 1830,1517 1890,1517 1949,1517 2008,1516 2067,1515 2126,1513 2186,1510"/>
                <TextEquiv>
                    <Unicode>wie der alternde Casanova vor seiner Heimfahrt aui ein junges</Unicode>
                </TextEquiv>
            </TextLine>
            <TextLine id="r2l29" custom="readingOrder {index:28;}">
                <Coords points="256,1563 959,1564 988,1554 988,1517 255,1515"/>
                <Baseline points="269,1548 304,1550 339,1552 374,1553 410,1554 445,1554 480,1554 516,1554 551,1554 586,1553 622,1552 657,1551 692,1550 727,1549 763,1548 798,1546 833,1546 869,1545 904,1545 939,1545 975,1546"/>
                <TextEquiv>
                    <Unicode>eRötigung zum dauernden Mitrechnen</Unicode>
                </TextEquiv>
            </TextLine>
            <TextLine id="r2l30" custom="readingOrder {index:29;}">
                <Coords points="1000,1552 2065,1581 2196,1566 2197,1524 1000,1510"/>
                <Baseline points="1013,1550 1071,1552 1130,1554 1188,1556 1247,1557 1305,1558 1364,1559 1422,1560 1481,1560 1539,1561 1598,1561 1657,1561 1715,1561 1774,1562 1832,1562 1891,1562 1949,1562 2008,1563 2066,1563 2125,1564 2184,1565"/>
                <TextEquiv>
                    <Unicode>Mädchen stößt, mit dem er nicht fertig wird. Wie er die schöne,</Unicode>
                </TextEquiv>
            </TextLine>
            <TextLine id="r2l31" custom="readingOrder {index:30;}">
                <Coords points="252,1616 984,1607 983,1554 251,1558"/>
                <Baseline points="263,1598 298,1600 333,1601 369,1602 404,1603 440,1603 475,1602 510,1602 546,1601 581,1600 617,1599 652,1598 687,1596 723,1595 758,1595 794,1594 829,1593 864,1593 900,1593 935,1593 971,1595"/>
                <TextEquiv>
                    <Unicode>m Dichter, der in Jahrtausenden dachte.</Unicode>
                </TextEquiv>
            </TextLine>
            <TextLine id="r2l32" custom="readingOrder {index:31;}">
                <Coords points="998,1610 2192,1619 2192,1573 998,1550"/>
                <Baseline points="1011,1603 1069,1604 1127,1604 1186,1605 1244,1606 1303,1606 1361,1607 1420,1608 1478,1608 1537,1609 1595,1610 1653,1610 1712,1611 1770,1611 1829,1611 1887,1611 1946,1612 2004,1611 2063,1611 2121,1611 2180,1610"/>
                <TextEquiv>
                    <Unicode>kluge und gelehrte Marcolina in einem schmählich n Hand“! ihrem</Unicode>
                </TextEquiv>
            </TextLine>
            <TextLine id="r2l33" custom="readingOrder {index:32;}">
                <Coords points="258,1661 973,1663 973,1605 258,1609"/>
                <Baseline points="269,1646 303,1647 338,1649 372,1649 407,1650 441,1650 476,1650 510,1649 545,1649 579,1649 614,1648 649,1647 683,1646 718,1645 752,1645 787,1644 821,1643 856,1642 890,1641 925,1641 960,1640"/>
                <TextEquiv>
                    <Unicode>Verzweifelnde über das nächste Jahr¬</Unicode>
                </TextEquiv>
            </TextLine>
            <TextLine id="r2l34" custom="readingOrder {index:33;}">
                <Coords points="989,1641 2190,1679 2191,1618 989,1617"/>
                <Baseline points="1000,1649 1058,1649 1117,1650 1176,1650 1235,1651 1294,1652 1353,1653 1412,1654 1471,1655 1530,1656 1589,1657 1647,1657 1706,1658 1765,1659 1824,1660 1883,1660 1942,1660 2001,1660 2060,1660 2119,1660 2178,1659"/>
                <TextEquiv>
                    <Unicode>Geliebten abkauft und wie er den Rivalen tötet, den er doch neidisch</Unicode>
                </TextEquiv>
            </TextLine>
            <TextLine id="r2l35" custom="readingOrder {index:34;}">
                <Coords points="254,1710 944,1709 978,1660 710,1645 662,1668 462,1652 253,1669"/>
                <Baseline points="265,1693 300,1694 335,1694 370,1695 405,1695 440,1695 475,1696 510,1696 545,1696 580,1696 616,1695 651,1695 686,1694 721,1694 756,1693 791,1692 826,1692 861,1691 896,1689 931,1688 967,1687"/>
                <TextEquiv>
                    <Unicode>nteurer und Lebemann durch seine un¬</Unicode>
                </TextEquiv>
            </TextLine>
            <TextLine id="r2l36" custom="readingOrder {index:35;}">
                <Coords points="991,1709 2200,1725 2201,1674 992,1673"/>
                <Baseline points="1004,1696 1063,1697 1122,1698 1181,1699 1240,1701 1300,1702 1359,1703 1418,1703 1477,1704 1536,1705 1596,1706 1655,1706 1714,1707 1773,1707 1832,1707 1892,1707 1951,1707 2010,1707 2069,1707 2128,1707 2188,1706"/>
                <TextEquiv>
                    <Unicode>und sehnsüchtig bewundert als die frec, überzeugende Jugend, mit</Unicode>
                </TextEquiv>
            </TextLine>
            <TextLine id="r2l37" custom="readingOrder {index:36;}">
                <Coords points="252,1756 364,1762 386,1740 413,1761 605,1761 680,1724 712,1753 948,1757 989,1742 988,1689 779,1718 677,1697 251,1710"/>
                <Baseline points="265,1745 300,1745 336,1745 371,1745 407,1745 443,1745 478,1745 514,1744 549,1744 585,1744 621,1743 656,1743 692,1742 727,1742 763,1741 799,1740 834,1740 870,1739 905,1739 941,1737 977,1737"/>
                <TextEquiv>
                    <Unicode>rbare Tatsächlichkeit. Der dankbare</Unicode>
                </TextEquiv>
            </TextLine>
            <TextLine id="r2l38" custom="readingOrder {index:37;}">
                <Coords points="999,1760 2004,1773 2199,1740 1000,1704"/>
                <Baseline points="1012,1744 1070,1746 1129,1748 1188,1749 1246,1750 1305,1752 1364,1753 1422,1753 1481,1754 1540,1754 1599,1754 1657,1755 1716,1755 1775,1755 1833,1754 1892,1754 1951,1754 2009,1754 2068,1753 2127,1753 2186,1753"/>
                <TextEquiv>
                    <Unicode>der er einst zu siegen pflegte. Wer ein Organ für stilistische Ge¬</Unicode>
                </TextEquiv>
            </TextLine>
            <TextLine id="r2l39" custom="readingOrder {index:38;}">
                <Coords points="258,1813 603,1793 645,1812 673,1792 703,1811 778,1788 985,1809 984,1750 911,1744 712,1752 677,1733 602,1766 413,1760 393,1740 257,1755"/>
                <Baseline points="269,1794 304,1794 339,1794 374,1793 409,1793 445,1793 480,1792 515,1792 550,1791 585,1791 621,1790 656,1790 691,1789 726,1788 761,1788 797,1787 832,1786 867,1785 902,1785 937,1784 973,1783"/>
                <TextEquiv>
                    <Unicode> erfundene Novelle von hoher stilistischer</Unicode>
                </TextEquiv>
            </TextLine>
            <TextLine id="r2l40" custom="readingOrder {index:39;}">
                <Coords points="1000,1807 2160,1817 2200,1761 1000,1760"/>
                <Baseline points="1013,1794 1071,1795 1130,1796 1188,1797 1247,1798 1306,1798 1364,1799 1423,1800 1482,1801 1540,1801 1599,1802 1658,1802 1716,1803 1775,1803 1834,1803 1892,1803 1951,1803 2010,1803 2068,1802 2127,1801 2186,1800"/>
                <TextEquiv>
                    <Unicode>diegenheit hat, der wird sich an dem ebenmäßigen, nie zu lauten,</Unicode>
                </TextEquiv>
            </TextLine>
            <TextLine id="r2l41" custom="readingOrder {index:40;}">
                <Coords points="253,1862 569,1860 593,1840 922,1853 992,1835 992,1791 778,1789 712,1822 675,1793 252,1811"/>
                <Baseline points="265,1845 300,1845 336,1845 372,1845 408,1845 443,1845 479,1844 515,1844 551,1844 586,1843 622,1843 658,1842 694,1841 729,1840 765,1840 801,1839 837,1838 872,1838 908,1837 944,1836 980,1836"/>
                <TextEquiv>
                    <Unicode>es Stück deutsches Prosa, eine höchst ge¬</Unicode>
                </TextEquiv>
            </TextLine>
            <TextLine id="r2l42" custom="readingOrder {index:41;}">
                <Coords points="993,1847 2129,1865 2197,1846 2197,1805 993,1808"/>
                <Baseline points="1004,1841 1063,1842 1122,1843 1181,1843 1240,1844 1299,1845 1358,1846 1417,1846 1476,1847 1535,1847 1594,1848 1653,1848 1712,1849 1771,1849 1830,1849 1889,1850 1948,1850 2007,1850 2066,1850 2125,1850 2184,1849"/>
                <TextEquiv>
                    <Unicode>nie zu leisen, nie über das Nötige hinausgehobenen Vortrag freuen.</Unicode>
                </TextEquiv>
            </TextLine>
            <TextLine id="r2l43" custom="readingOrder {index:42;}">
                <Coords points="251,1900 993,1904 992,1836 251,1856"/>
                <Baseline points="263,1893 298,1893 334,1893 370,1893 406,1893 442,1893 478,1893 513,1893 549,1893 585,1893 621,1893 657,1893 693,1892 729,1892 764,1891 800,1890 836,1889 872,1888 908,1887 944,1885 980,1884"/>
                <TextEquiv>
                    <Unicode>mehrung unserer immer noch nicht sehr</Unicode>
                </TextEquiv>
            </TextLine>
            <TextLine id="r2l44" custom="readingOrder {index:43;}">
                <Coords points="989,1898 2193,1901 2193,1852 989,1835"/>
                <Baseline points="1002,1889 1060,1889 1119,1889 1178,1890 1237,1890 1296,1891 1355,1892 1414,1893 1473,1894 1532,1895 1591,1896 1649,1897 1708,1898 1767,1898 1826,1898 1885,1898 1944,1898 2003,1898 2062,1897 2121,1895 2180,1893"/>
                <TextEquiv>
                    <Unicode>Und der erwünschteste Leser, der dem Dichter immer noch aus</Unicode>
                </TextEquiv>
            </TextLine>
            <TextLine id="r2l45" custom="readingOrder {index:44;}">
                <Coords points="237,1934 327,1960 527,1940 841,1952 991,1926 991,1901 957,1892 356,1903 237,1885"/>
                <Baseline points="250,1937 286,1938 322,1938 359,1939 395,1939 432,1939 468,1939 505,1939 541,1939 578,1939 614,1938 650,1937 687,1937 723,1936 760,1935 796,1934 833,1934 869,1933 906,1932 942,1932 979,1931"/>
                <TextEquiv>
                    <Unicode>Wer kann heute überhaupt noch erzählen?</Unicode>
                </TextEquiv>
            </TextLine>
            <TextLine id="r2l46" custom="readingOrder {index:45;}">
                <Coords points="993,1945 2197,1967 2197,1903 993,1903"/>
                <Baseline points="1004,1939 1063,1940 1122,1940 1181,1940 1240,1941 1299,1941 1358,1942 1417,1942 1476,1943 1535,1944 1594,1944 1653,1945 1712,1945 1771,1945 1830,1946 1889,1946 1948,1946 2007,1946 2066,1945 2125,1945 2184,1944"/>
                <TextEquiv>
                    <Unicode>eigener Erfahrung und Erinnerung zustimmend zu geben weiß,</Unicode>
                </TextEquiv>
            </TextLine>
            <TextLine id="r2l47" custom="readingOrder {index:46;}">
                <Coords points="238,1992 953,1991 987,1985 987,1949 269,1953 237,1934"/>
                <Baseline points="251,1986 287,1986 323,1987 359,1987 395,1988 432,1988 468,1987 504,1987 540,1987 576,1986 613,1986 649,1985 685,1985 721,1984 757,1983 794,1982 830,1982 866,1981 902,1980 938,1979 975,1979"/>
                <TextEquiv>
                    <Unicode>rm der Novelle war durch die natura¬</Unicode>
                </TextEquiv>
            </TextLine>
            <TextLine id="r2l48" custom="readingOrder {index:47;}">
                <Coords points="1000,2005 2190,2008 2190,1959 2085,1951 1001,1947"/>
                <Baseline points="1012,1984 1070,1985 1128,1986 1186,1987 1245,1988 1303,1989 1361,1990 1420,1990 1478,1991 1536,1991 1595,1992 1653,1992 1711,1993 1769,1993 1828,1993 1886,1993 1944,1994 2003,1994 2061,1994 2119,1994 2178,1994"/>
                <TextEquiv>
                    <Unicode>wird der ohne zu starken Wellenschlag vorübergeflossenen Erzählung</Unicode>
                </TextEquiv>
            </TextLine>
            <TextLine id="r2l49" custom="readingOrder {index:48;}">
                <Coords points="238,2065 413,2037 983,2035 982,1992 943,1987 238,1992"/>
                <Baseline points="251,2033 287,2034 323,2035 359,2035 395,2036 431,2036 467,2035 503,2035 539,2035 575,2034 611,2033 647,2033 683,2032 719,2031 755,2031 791,2030 827,2030 863,2029 899,2029 935,2029 971,2029"/>
                <TextEquiv>
                    <Unicode>Beobachtung platt getreten, war durch die</Unicode>
                </TextEquiv>
            </TextLine>
            <TextLine id="r2l50" custom="readingOrder {index:49;}">
                <Coords points="993,2044 2192,2052 2192,2008 2129,2000 993,1996"/>
                <Baseline points="1004,2032 1062,2033 1121,2035 1180,2036 1239,2037 1298,2038 1356,2039 1415,2040 1474,2041 1533,2042 1592,2042 1650,2043 1709,2043 1768,2043 1827,2043 1886,2043 1944,2043 2003,2043 2062,2042 2121,2042 2180,2041"/>
                <TextEquiv>
                    <Unicode>einen Augenblick nachsinnen, um wenn auch gar nicht zur Familie</Unicode>
                </TextEquiv>
            </TextLine>
            <TextLine id="r2l51" custom="readingOrder {index:50;}">
                <Coords points="253,2096 866,2100 980,2086 979,2035 252,2047"/>
                <Baseline points="265,2083 300,2084 335,2084 370,2084 405,2085 440,2085 475,2084 510,2084 545,2084 580,2083 616,2082 651,2082 686,2081 721,2080 756,2079 791,2079 826,2078 861,2077 896,2077 931,2076 967,2076"/>
                <TextEquiv>
                    <Unicode>rpunktion des Augenblicks aufgelöst wor¬</Unicode>
                </TextEquiv>
            </TextLine>
            <TextLine id="r2l52" custom="readingOrder {index:51;}">
                <Coords points="989,2081 2203,2121 2186,2045 990,2045"/>
                <Baseline points="1002,2081 1061,2082 1121,2082 1180,2083 1240,2084 1299,2085 1359,2086 1418,2087 1478,2088 1537,2089 1597,2090 1656,2090 1716,2091 1775,2092 1835,2092 1894,2092 1954,2092 2013,2091 2073,2090 2132,2089 2192,2087"/>
                <TextEquiv>
                    <Unicode>der glänzenden Verführer gehörig, diesem Schnitzlerschen Casanova</Unicode>
                </TextEquiv>
            </TextLine>
            <TextLine id="r2l53" custom="readingOrder {index:52;}">
                <Coords points="248,2139 978,2139 977,2083 247,2098"/>
                <Baseline points="261,2134 296,2134 331,2134 366,2133 401,2132 437,2132 472,2132 507,2131 542,2130 577,2130 613,2129 648,2129 683,2128 718,2128 753,2127 789,2126 824,2125 859,2125 894,2124 929,2123 965,2122"/>
                <TextEquiv>
                    <Unicode>s, der gern in exotischen und blut¬</Unicode>
                </TextEquiv>
            </TextLine>
            <TextLine id="r2l54" custom="readingOrder {index:53;}">
                <Coords points="998,2143 2163,2155 2188,2102 999,2080"/>
                <Baseline points="1010,2127 1068,2128 1126,2129 1184,2131 1243,2132 1301,2133 1359,2134 1418,2135 1476,2136 1534,2137 1593,2137 1651,2138 1709,2138 1767,2139 1826,2139 1884,2139 1942,2139 2001,2139 2059,2139 2117,2138 2176,2138"/>
                <TextEquiv>
                    <Unicode>noch einige brüderliche Gedanken zu widmen. Denn bieser alternde</Unicode>
                </TextEquiv>
            </TextLine>
            <TextLine id="r2l55" custom="readingOrder {index:54;}">
                <Coords points="250,2191 985,2183 984,2139 911,2130 250,2149"/>
                <Baseline points="263,2180 298,2181 334,2181 369,2182 405,2182 440,2181 476,2181 511,2180 547,2180 582,2178 618,2178 653,2177 689,2176 724,2175 760,2174 795,2174 831,2174 866,2173 902,2174 937,2174 973,2175"/>
                <TextEquiv>
                    <Unicode>peift, stellte sie nur scheinbar wieder her,</Unicode>
                </TextEquiv>
            </TextLine>
            <TextLine id="r2l56" custom="readingOrder {index:55;}">
                <Coords points="994,2190 2189,2188 2189,2149 2133,2143 995,2146"/>
                <Baseline points="1006,2177 1064,2178 1123,2180 1181,2180 1240,2182 1298,2183 1357,2184 1415,2184 1474,2185 1532,2186 1591,2186 1649,2187 1708,2187 1766,2188 1825,2188 1883,2188 1942,2188 2000,2187 2059,2187 2117,2186 2176,2186"/>
                <TextEquiv>
                    <Unicode>Casanova, der nur noch von seinem Ruhme zehrt, der nur noch die</Unicode>
                </TextEquiv>
            </TextLine>
            <TextLine id="r2l57" custom="readingOrder {index:56;}">
                <Coords points="242,2235 782,2224 884,2250 986,2232 986,2183 241,2189"/>
                <Baseline points="253,2231 289,2230 325,2230 361,2230 397,2230 433,2230 469,2230 505,2229 541,2229 577,2229 613,2229 649,2229 685,2228 721,2228 757,2227 793,2226 829,2226 865,2225 901,2223 937,2222 973,2221"/>
                <TextEquiv>
                    <Unicode>den Rauscharten schnaufte und raste, statt</Unicode>
                </TextEquiv>
            </TextLine>
            <TextLine id="r2l58" custom="readingOrder {index:57;}">
                <Coords points="992,2239 2187,2238 2187,2187 993,2186"/>
                <Baseline points="1004,2226 1062,2227 1121,2228 1179,2229 1238,2230 1296,2230 1355,2231 1413,2232 1472,2233 1530,2233 1589,2234 1648,2234 1706,2235 1765,2235 1823,2235 1882,2236 1940,2236 1999,2236 2057,2236 2116,2236 2175,2237"/>
                <TextEquiv>
                    <Unicode>Menschen überzeugt, die ihn in seinem Glanze kannten, das ist ja</Unicode>
                </TextEquiv>
            </TextLine>
            <TextLine id="r2l59" custom="readingOrder {index:58;}">
                <Coords points="252,2283 885,2284 884,2233 252,2240"/>
                <Baseline points="265,2276 295,2277 325,2278 356,2278 386,2279 416,2279 447,2279 477,2279 507,2279 538,2278 568,2278 598,2277 629,2276 659,2276 689,2275 720,2274 750,2273 780,2272 811,2271 841,2271 872,2270"/>
                <TextEquiv>
                    <Unicode>utschen immer am schwersten fillt.</Unicode>
                </TextEquiv>
            </TextLine>
            <TextLine id="r2l60" custom="readingOrder {index:59;}">
                <Coords points="999,2280 2195,2311 2196,2229 999,2238"/>
                <Baseline points="1012,2272 1070,2273 1129,2273 1187,2274 1246,2275 1305,2276 1363,2276 1422,2277 1480,2278 1539,2278 1598,2279 1656,2280 1715,2280 1773,2281 1832,2281 1891,2282 1949,2282 2008,2283 2066,2283 2125,2283 2184,2283"/>
                <TextEquiv>
                    <Unicode>nicht nur der abgenutzte Abenteurer. Das könnte auch einDichter, ein</Unicode>
                </TextEquiv>
            </TextLine>
            <TextLine id="r2l61" custom="readingOrder {index:60;}">
                <Coords points="995,2328 2187,2353 2188,2295 2115,2289 996,2282"/>
                <Baseline points="1008,2319 1066,2320 1124,2321 1183,2322 1241,2323 1300,2324 1358,2325 1416,2326 1475,2327 1533,2328 1592,2329 1650,2329 1708,2330 1767,2331 1825,2331 1884,2332 1942,2332 2000,2332 2059,2333 2117,2333 2176,2332"/>
                <TextEquiv>
                    <Unicode>Künstler, ein Mime sein, irgend jemand, der schon auf dem Abstieg</Unicode>
                </TextEquiv>
            </TextLine>
            <TextLine id="r2l62" custom="readingOrder {index:61;}">
                <Coords points="253,2349 992,2343 991,2282 916,2275 787,2297 252,2284"/>
                <Baseline points="265,2338 300,2337 336,2336 372,2335 407,2334 443,2333 479,2333 514,2332 550,2331 586,2331 622,2330 657,2330 693,2330 729,2329 764,2329 800,2329 836,2329 871,2329 907,2329 943,2329 979,2329"/>
                <TextEquiv>
                    <Unicode>zigsten Lebensjahre, als Cosonova längst</Unicode>
                </TextEquiv>
            </TextLine>
            <TextLine id="r2l63" custom="readingOrder {index:62;}">
                <Coords points="991,2374 2188,2381 2188,2347 2084,2336 991,2326"/>
                <Baseline points="1004,2370 1062,2370 1121,2369 1179,2369 1238,2370 1297,2370 1355,2371 1414,2371 1472,2372 1531,2373 1590,2374 1648,2375 1707,2376 1765,2377 1824,2377 1883,2378 1941,2378 2000,2378 2058,2378 2117,2378 2176,2378"/>
                <TextEquiv>
                    <Unicode>ist, auf dem Wege zu dem dunklen Tor, und der sich und die anderen</Unicode>
                </TextEquiv>
            </TextLine>
            <TextLine id="r2l64" custom="readingOrder {index:63;}">
                <Coords points="251,2394 991,2383 990,2344 920,2340 251,2348"/>
                <Baseline points="263,2385 298,2384 334,2383 370,2383 406,2382 442,2382 477,2382 513,2382 549,2382 585,2382 621,2382 656,2382 692,2382 728,2382 764,2381 800,2381 835,2380 871,2379 907,2378 943,2377 979,2375"/>
                <TextEquiv>
                    <Unicode>teuerlust der Jugend, sondern von der</Unicode>
                </TextEquiv>
            </TextLine>
            <TextLine id="r2l65" custom="readingOrder {index:64;}">
                <Coords points="1003,2430 2158,2439 2193,2373 1003,2384"/>
                <Baseline points="1014,2417 1072,2417 1130,2416 1188,2416 1247,2417 1305,2417 1363,2417 1422,2418 1480,2419 1538,2420 1597,2421 1655,2422 1713,2423 1771,2424 1830,2425 1888,2426 1946,2426 2005,2427 2063,2427 2121,2427 2180,2426"/>
                <TextEquiv>
                    <Unicode>mit gequältem Eifer an das erinnern muß, was er einmal war.</Unicode>
                </TextEquiv>
            </TextLine>
            <TextLine id="r2l66" custom="readingOrder {index:65;}">
                <Coords points="254,2438 991,2432 990,2400 903,2381 735,2402 253,2394"/>
                <Baseline points="267,2431 302,2430 338,2429 373,2429 409,2429 445,2429 480,2429 516,2428 551,2428 587,2428 623,2428 658,2428 694,2428 729,2428 765,2427 801,2427 836,2426 872,2426 907,2425 943,2423 979,2422"/>
                <TextEquiv>
                    <Unicode>ters durch die Welt gejagt wurde, fühlte</Unicode>
                </TextEquiv>
            </TextLine>
            <TextLine id="r2l67" custom="readingOrder {index:66;}">
                <Coords points="1006,2475 2189,2482 2189,2436 2080,2430 1007,2424"/>
                <Baseline points="1018,2465 1079,2465 1140,2465 1201,2465 1262,2465 1323,2466 1384,2466 1445,2467 1506,2468 1567,2468 1628,2469 1689,2470 1750,2470 1811,2471 1872,2472 1933,2472 1994,2472 2055,2472 2116,2472 2177,2472"/>
                <TextEquiv>
                    <Unicode>So erweitert sich diese Geschichte einer Heimfahrt mit künstlerischer</Unicode>
                </TextEquiv>
            </TextLine>
            <TextLine id="r2l68" custom="readingOrder {index:67;}">
                <Coords points="242,2491 982,2490 982,2449 947,2434 420,2452 242,2435"/>
                <Baseline points="255,2477 290,2476 326,2475 362,2474 397,2473 433,2473 469,2473 504,2473 540,2473 576,2473 612,2473 647,2474 683,2474 719,2474 754,2475 790,2475 826,2475 861,2475 897,2474 933,2473 969,2473"/>
                <TextEquiv>
                    <Unicode>Heimweh nach seiner Vaterstadt Venedig</Unicode>
                </TextEquiv>
            </TextLine>
            <TextLine id="r2l69" custom="readingOrder {index:68;}">
                <Coords points="992,2534 2172,2539 2192,2481 992,2478"/>
                <Baseline points="1004,2516 1062,2515 1121,2514 1180,2514 1239,2514 1297,2514 1356,2515 1415,2516 1474,2517 1532,2518 1591,2519 1650,2520 1709,2521 1767,2522 1826,2523 1885,2524 1944,2524 2002,2525 2061,2525 2120,2525 2179,2524"/>
                <TextEquiv>
                    <Unicode>Unabsichtlichkeit über das, was sie neu darstellen wollte, und so</Unicode>
                </TextEquiv>
            </TextLine>
            <TextLine id="r2l70" custom="readingOrder {index:69;}">
                <Coords points="266,2531 984,2529 959,2490 826,2483 266,2497"/>
                <Baseline points="279,2527 313,2526 348,2526 382,2526 417,2525 452,2525 486,2525 521,2525 555,2525 590,2525 625,2525 659,2525 694,2524 728,2524 763,2524 798,2524 832,2523 867,2523 901,2522 936,2522 971,2521"/>
                <TextEquiv>
                    <Unicode>er sie, gleich einem Vogel, der aus</Unicode>
                </TextEquiv>
            </TextLine>
            <TextLine id="r2l71" custom="readingOrder {index:70;}">
                <Coords points="1006,2574 2196,2578 2196,2544 2126,2531 1007,2528"/>
                <Baseline points="1018,2564 1076,2565 1134,2565 1192,2566 1251,2567 1309,2567 1367,2568 1426,2568 1484,2569 1542,2569 1601,2569 1659,2570 1717,2571 1775,2571 1834,2572 1892,2572 1950,2573 2009,2574 2067,2575 2125,2575 2184,2577"/>
                <TextEquiv>
                    <Unicode>dämmert ganz von selbst an ihrem klaren Horizonte eine feine</Unicode>
                </TextEquiv>
            </TextLine>
            <TextLine id="r2l72" custom="readingOrder {index:71;}">
                <Coords points="247,2589 994,2580 993,2519 913,2539 247,2538"/>
                <Baseline points="259,2576 295,2576 331,2576 367,2576 403,2576 439,2576 475,2576 511,2576 547,2576 583,2576 620,2576 656,2576 692,2576 728,2575 764,2575 800,2574 836,2574 872,2573 908,2573 944,2571 981,2570"/>
                <TextEquiv>
                    <Unicode>rben allmählich noch abwärts steigt, in</Unicode>
                </TextEquiv>
            </TextLine>
            <TextLine id="r2l73" custom="readingOrder {index:72;}">
                <Coords points="1006,2635 1079,2644 1167,2620 1325,2625 1349,2642 1393,2627 1434,2645 1473,2625 1573,2623 1573,2586 1534,2572 1308,2581 1281,2567 1257,2586 1179,2569 1006,2574"/>
                <Baseline points="1019,2613 1046,2613 1073,2614 1100,2614 1127,2614 1154,2614 1181,2615 1208,2615 1235,2615 1262,2615 1290,2615 1317,2615 1344,2615 1371,2615 1398,2614 1425,2614 1452,2614 1479,2614 1506,2614 1533,2614 1561,2613"/>
                <TextEquiv>
                    <Unicode>melancholische Nachdenklichkeit.</Unicode>
                </TextEquiv>
            </TextLine>
            <TextLine id="r2l74" custom="readingOrder {index:73;}">
                <Coords points="250,2640 926,2644 984,2624 984,2583 250,2592"/>
                <Baseline points="263,2625 298,2626 334,2626 369,2626 405,2627 440,2627 476,2627 511,2627 547,2627 582,2627 618,2627 653,2627 689,2627 724,2627 760,2626 795,2625 831,2625 866,2624 902,2623 937,2622 973,2620"/>
                <TextEquiv>
                    <Unicode>erdenden Kreisen zu umziehen begann.“</Unicode>
                </TextEquiv>
            </TextLine>
            <TextLine id="r2l75" custom="readingOrder {index:74;}">
                <Coords points="248,2699 345,2669 372,2688 927,2687 992,2667 992,2638 247,2628"/>
                <Baseline points="261,2673 298,2673 336,2673 374,2673 412,2673 450,2673 488,2673 525,2673 563,2673 601,2673 639,2673 677,2673 715,2673 752,2673 790,2672 828,2672 866,2670 904,2669 942,2668 980,2666"/>
                <TextEquiv>
                    <Unicode>uter Ton, des ist Haltung, das ist aus¬</Unicode>
                </TextEquiv>
            </TextLine>
            <TextLine id="r2l76" custom="readingOrder {index:75;}">
                <Coords points="252,2727 984,2736 1001,2666 826,2697 252,2684"/>
                <Baseline points="265,2718 301,2718 337,2719 373,2719 409,2720 445,2720 481,2721 518,2722 554,2722 590,2723 626,2723 662,2723 698,2723 734,2723 771,2723 807,2723 843,2722 879,2721 915,2720 951,2718 988,2716"/>
                <TextEquiv>
                    <Unicode>temverteilung. Und vor allem, das ist</Unicode>
                </TextEquiv>
            </TextLine>
            <TextLine id="r2l77" custom="readingOrder {index:76;}">
                <Coords points="246,2790 304,2768 825,2790 988,2768 988,2734 912,2724 246,2727"/>
                <Baseline points="259,2768 294,2768 330,2768 366,2768 402,2768 438,2768 474,2768 509,2768 545,2769 581,2769 617,2769 653,2769 689,2769 725,2769 760,2769 796,2769 832,2769 868,2768 904,2768 940,2767 976,2766"/>
                <TextEquiv>
                    <Unicode>ch Cervantes; denn wenn es auch gewisse</Unicode>
                </TextEquiv>
            </TextLine>
            <TextLine id="r2l78" custom="readingOrder {index:77;}">
                <Coords points="1023,2770 2142,2794 2174,2733 1023,2711"/>
                <Baseline points="1035,2771 1091,2772 1147,2773 1203,2774 1260,2775 1316,2775 1372,2776 1429,2776 1485,2776 1541,2776 1598,2776 1654,2776 1710,2776 1766,2776 1823,2776 1879,2776 1935,2777 1992,2777 2048,2777 2104,2777 2161,2778"/>
                <TextEquiv>
                    <Unicode>Zu Ehren Vietor Blüthgens hat der Magistrat von Zoer</Unicode>
                </TextEquiv>
            </TextLine>
            <TextLine id="r2l79" custom="readingOrder {index:78;}">
                <Coords points="265,2821 953,2833 985,2818 985,2767 939,2786 265,2784"/>
                <Baseline points="278,2813 312,2813 347,2814 382,2814 416,2814 451,2815 486,2815 520,2815 555,2816 590,2816 625,2816 659,2816 694,2817 729,2817 763,2817 798,2817 833,2817 867,2817 902,2817 937,2817 972,2817"/>
                <TextEquiv>
                    <Unicode>täuschend ähnlichen Nachahmungen ver¬</Unicode>
                </TextEquiv>
            </TextLine>
            <TextLine id="r2l80" custom="readingOrder {index:79;}">
                <Coords points="1001,2820 2147,2838 2133,2784 1002,2771"/>
                <Baseline points="1013,2817 1069,2818 1125,2818 1181,2819 1237,2819 1293,2820 1349,2820 1405,2821 1461,2822 1517,2822 1574,2823 1630,2824 1686,2824 1742,2825 1798,2825 1854,2826 1910,2826 1966,2827 2022,2827 2078,2827 2135,2827"/>
                <TextEquiv>
                    <Unicode>big (Anhalt) beschlossen, am 4. Januar 1919 anläßlich</Unicode>
                </TextEquiv>
            </TextLine>
            <TextLine id="r2l81" custom="readingOrder {index:80;}">
                <Coords points="243,2878 542,2861 627,2886 737,2861 995,2891 995,2825 243,2824"/>
                <Baseline points="256,2862 292,2863 328,2865 364,2866 401,2868 437,2868 473,2868 510,2869 546,2869 582,2868 619,2868 655,2868 691,2867 727,2867 764,2867 800,2866 836,2866 873,2866 909,2866 945,2866 982,2867"/>
                <TextEquiv>
                    <Unicode>rtige ganz auf Handlung und Tatsache</Unicode>
                </TextEquiv>
            </TextLine>
            <TextLine id="r2l82" custom="readingOrder {index:81;}">
                <Coords points="1002,2864 2072,2892 2125,2878 2126,2834 1002,2825"/>
                <Baseline points="1013,2866 1068,2867 1123,2868 1178,2868 1233,2868 1288,2869 1343,2869 1398,2869 1453,2869 1508,2870 1563,2870 1618,2870 1673,2871 1728,2871 1783,2872 1838,2873 1893,2874 1948,2875 2003,2877 2058,2879 2114,2881"/>
                <TextEquiv>
                    <Unicode>75. Geburtstages des dort geborenen Dichters im Rathaus</Unicode>
                </TextEquiv>
            </TextLine>
            <TextLine id="r2l83" custom="readingOrder {index:82;}">
                <Coords points="259,2944 1699,2948 1699,2878 259,2874"/>
                <Baseline points="272,2907 342,2911 413,2914 484,2916 555,2918 625,2919 696,2919 767,2920 838,2920 908,2919 979,2919 1050,2918 1121,2918 1191,2917 1262,2917 1333,2917 1404,2917 1474,2917 1545,2918 1616,2919 1687,2921"/>
                <TextEquiv>
                    <Unicode>alten Meister können wir doch nicht mehr 1 Victor=Blüthgen=Zimmer einzurichten.</Unicode>
                </TextEquiv>
            </TextLine>
            <TextEquiv>
                <Unicode>box 4/10
30. Casanovas Heimfahrt
S 71
e#treuung in schweren Zeiten, die ihm erreichen, nachdem wir alle hohen Prüfungen der psychologischen
geliefert haben. Dank eines deutschen
Analyse abgelegt haben. Schnitzler bleibt natürlich, weil er sich
gar welsche Lektüre! Daraus ziehe ich
um unwiederbringliche Naivität nicht mehr bemüht; er treibt
er, der nicht Pazifist ist — dazu ist er
seine Erzählung zum beschleunigten Schritt des Tatsächlichen, wie
sondern nur ein Mann des Friebens
es die alte Ueberlieferung der Novelle verlangt, #n er hält zu¬
diesen vier Jahren tief gelitten haben
gleich das Tompo durch ein vorsichtiger Maß psychelogischer Rechen¬
#hter vor ein Revolutionstribunal ge¬
schaften an, ohne die wir Heutigen — Zergliederer auch der letzten
eich, obgleich ich kein Instrument spiele.
seelischen Elemente — menschlichen Vorgängen nicht mehr folgen
kännen.
verhört zu werden. Wenn die Sorge
ands mir die Fähigkeit zur Arbeit wie
Wer also an der reinen Handlung sein Vergnügen findet, der
drei Männer, die sich immer als stark
wird mit der Spannung, die jede gute Erzählung erregen muß, der
eine Stunde abzulenken und zu sich zu
ungemein gechichten und dramatisch geförderten Erftadung folgen,
nd Casanova. Dem Philosophen gelung
wie der alternde Casanova vor seiner Heimfahrt aui ein junges
eRötigung zum dauernden Mitrechnen
Mädchen stößt, mit dem er nicht fertig wird. Wie er die schöne,
m Dichter, der in Jahrtausenden dachte.
kluge und gelehrte Marcolina in einem schmählich n Hand“! ihrem
Verzweifelnde über das nächste Jahr¬
Geliebten abkauft und wie er den Rivalen tötet, den er doch neidisch
nteurer und Lebemann durch seine un¬
und sehnsüchtig bewundert als die frec, überzeugende Jugend, mit
rbare Tatsächlichkeit. Der dankbare
der er einst zu siegen pflegte. Wer ein Organ für stilistische Ge¬
 erfundene Novelle von hoher stilistischer
diegenheit hat, der wird sich an dem ebenmäßigen, nie zu lauten,
es Stück deutsches Prosa, eine höchst ge¬
nie zu leisen, nie über das Nötige hinausgehobenen Vortrag freuen.
mehrung unserer immer noch nicht sehr
Und der erwünschteste Leser, der dem Dichter immer noch aus
Wer kann heute überhaupt noch erzählen?
eigener Erfahrung und Erinnerung zustimmend zu geben weiß,
rm der Novelle war durch die natura¬
wird der ohne zu starken Wellenschlag vorübergeflossenen Erzählung
Beobachtung platt getreten, war durch die
einen Augenblick nachsinnen, um wenn auch gar nicht zur Familie
rpunktion des Augenblicks aufgelöst wor¬
der glänzenden Verführer gehörig, diesem Schnitzlerschen Casanova
s, der gern in exotischen und blut¬
noch einige brüderliche Gedanken zu widmen. Denn bieser alternde
peift, stellte sie nur scheinbar wieder her,
Casanova, der nur noch von seinem Ruhme zehrt, der nur noch die
den Rauscharten schnaufte und raste, statt
Menschen überzeugt, die ihn in seinem Glanze kannten, das ist ja
utschen immer am schwersten fillt.
nicht nur der abgenutzte Abenteurer. Das könnte auch einDichter, ein
Künstler, ein Mime sein, irgend jemand, der schon auf dem Abstieg
zigsten Lebensjahre, als Cosonova längst
ist, auf dem Wege zu dem dunklen Tor, und der sich und die anderen
teuerlust der Jugend, sondern von der
mit gequältem Eifer an das erinnern muß, was er einmal war.
ters durch die Welt gejagt wurde, fühlte
So erweitert sich diese Geschichte einer Heimfahrt mit künstlerischer
Heimweh nach seiner Vaterstadt Venedig
Unabsichtlichkeit über das, was sie neu darstellen wollte, und so
er sie, gleich einem Vogel, der aus
dämmert ganz von selbst an ihrem klaren Horizonte eine feine
rben allmählich noch abwärts steigt, in
melancholische Nachdenklichkeit.
erdenden Kreisen zu umziehen begann.“
uter Ton, des ist Haltung, das ist aus¬
temverteilung. Und vor allem, das ist
ch Cervantes; denn wenn es auch gewisse
Zu Ehren Vietor Blüthgens hat der Magistrat von Zoer
täuschend ähnlichen Nachahmungen ver¬
big (Anhalt) beschlossen, am 4. Januar 1919 anläßlich
rtige ganz auf Handlung und Tatsache
75. Geburtstages des dort geborenen Dichters im Rathaus
alten Meister können wir doch nicht mehr 1 Victor=Blüthgen=Zimmer einzurichten.</Unicode>
            </TextEquiv>
        </TextRegion>
        <TextRegion orientation="0.0" id="r3" custom="readingOrder {index:2;}">
            <Coords points="2314,778 2314,3619 3408,3619 3408,778"/>
            <TextLine id="r3l1" custom="readingOrder {index:0;}">
                <Coords points="3061,854 3146,845 3175,823 3227,829 3250,818 3296,827 3317,821 3306,744 3252,756 3208,745 3151,773 3112,758 3097,778 3051,777"/>
                <Baseline points="3071,828 3096,825 3122,822 3147,818 3173,814 3198,811 3224,807 3249,804 3275,800 3301,798"/>
                <TextEquiv>
                    <Unicode>10 09fl 137</Unicode>
                </TextEquiv>
            </TextLine>
            <TextLine id="r3l2" custom="readingOrder {index:1;}">
                <Coords points="2584,956 2772,965 2960,927 3063,948 3137,917 3325,928 3321,855 3201,843 3180,866 3099,848 3066,875 2985,855 2955,879 2878,863 2580,888"/>
                <Baseline points="2595,944 2630,943 2666,940 2702,937 2738,935 2774,933 2810,931 2845,928 2881,926 2917,924 2953,922 2989,920 3025,918 3061,916 3096,914 3132,912 3168,911 3204,909 3240,907 3276,905 3312,904"/>
                <TextEquiv>
                    <Unicode>Crämkiscner Bauriat. Kurnanrt</Unicode>
                </TextEquiv>
            </TextLine>
            <TextLine id="r3l3" custom="readingOrder {index:2;}">
                <Coords points="2587,1045 2641,1053 2700,1026 2825,1038 2861,1021 2944,1040 2982,1011 3067,1010 3065,949 2584,970"/>
                <Baseline points="2597,1023 2622,1023 2647,1022 2673,1022 2698,1021 2723,1020 2749,1018 2774,1017 2800,1016 2825,1015 2850,1013 2876,1012 2901,1011 2927,1009 2952,1009 2977,1007 3003,1007 3028,1007 3054,1007"/>
                <TextEquiv>
                    <Unicode>Neue Bücher.</Unicode>
                </TextEquiv>
            </TextLine>
            <TextLine id="r3l4" custom="readingOrder {index:3;}">
                <Coords points="2608,1078 2678,1104 2704,1090 2746,1100 2793,1076 3062,1079 3058,1016 3044,1014 2963,1013 2923,1033 2861,1021 2826,1038 2805,1022 2767,1041 2696,1027 2641,1052 2607,1046"/>
                <Baseline points="2620,1084 2645,1083 2670,1082 2695,1082 2720,1080 2746,1079 2771,1078 2796,1076 2821,1075 2847,1074 2872,1072 2897,1071 2922,1069 2948,1068 2973,1067 2998,1065 3023,1064 3049,1063"/>
                <TextEquiv>
                    <Unicode>Epische Dichtungen.</Unicode>
                </TextEquiv>
            </TextLine>
            <TextLine id="r3l5" custom="readingOrder {index:4;}">
                <Coords points="2348,1151 3344,1096 3325,1029 2691,1103 2431,1080 2346,1114"/>
                <Baseline points="2360,1150 2408,1147 2457,1145 2505,1142 2554,1139 2603,1136 2651,1134 2700,1131 2748,1128 2797,1125 2846,1122 2894,1120 2943,1117 2991,1113 3040,1110 3089,1107 3137,1104 3186,1100 3234,1096 3283,1092 3332,1088"/>
                <TextEquiv>
                    <Unicode>Korfiz Holm erzählt in „Herzist Trumpf“</Unicode>
                </TextEquiv>
            </TextLine>
            <TextLine id="r3l6" custom="readingOrder {index:5;}">
                <Coords points="2316,1202 3360,1142 3357,1095 2312,1144"/>
                <Baseline points="2327,1197 2380,1193 2434,1189 2487,1185 2541,1181 2595,1178 2648,1175 2702,1171 2756,1168 2809,1165 2863,1162 2916,1158 2970,1155 3024,1152 3077,1148 3131,1145 3185,1140 3238,1136 3292,1132 3346,1128"/>
                <TextEquiv>
                    <Unicode>(München, Albert Langen) eine Malergeschichte, deren</Unicode>
                </TextEquiv>
            </TextLine>
            <TextLine id="r3l7" custom="readingOrder {index:6;}">
                <Coords points="2329,1242 3368,1182 3371,1108 3242,1153 2326,1203"/>
                <Baseline points="2340,1235 2391,1232 2442,1228 2493,1225 2544,1221 2595,1219 2646,1216 2698,1212 2749,1209 2800,1206 2851,1203 2902,1200 2953,1197 3004,1193 3056,1190 3107,1186 3158,1182 3209,1179 3260,1174 3311,1171 3363,1166"/>
                <TextEquiv>
                    <Unicode>Handlung in herkömmlichen Bahnen schreitet, aber</Unicode>
                </TextEquiv>
            </TextLine>
            <TextLine id="r3l8" custom="readingOrder {index:7;}">
                <Coords points="2335,1281 3357,1220 3378,1163 2332,1240"/>
                <Baseline points="2345,1271 2396,1268 2447,1265 2498,1263 2549,1260 2601,1257 2652,1254 2703,1251 2754,1248 2805,1245 2857,1242 2908,1239 2959,1236 3010,1232 3061,1228 3113,1224 3164,1221 3215,1217 3266,1213 3317,1208 3369,1204"/>
                <TextEquiv>
                    <Unicode>vom Odem einer schönen Verinnerlichung, schalkhaften</Unicode>
                </TextEquiv>
            </TextLine>
            <TextLine id="r3l9" custom="readingOrder {index:8;}">
                <Coords points="2317,1310 2852,1299 3188,1251 3365,1274 3388,1214 2314,1266"/>
                <Baseline points="2329,1313 2381,1311 2434,1309 2486,1306 2539,1303 2591,1300 2644,1297 2696,1294 2749,1291 2801,1287 2854,1283 2906,1280 2959,1277 3011,1273 3064,1270 3116,1266 3169,1263 3221,1260 3274,1256 3326,1253 3379,1250"/>
                <TextEquiv>
                    <Unicode>Liebenswürdigkeit und einer warmen Liebe für das</Unicode>
                </TextEquiv>
            </TextLine>
            <TextLine id="r3l10" custom="readingOrder {index:9;}">
                <Coords points="2307,1382 2719,1353 2768,1320 3122,1329 3368,1288 3366,1249 2302,1319"/>
                <Baseline points="2318,1362 2369,1357 2421,1352 2473,1348 2525,1344 2577,1341 2629,1337 2680,1334 2732,1331 2784,1328 2836,1326 2888,1322 2940,1320 2992,1317 3043,1313 3095,1310 3147,1306 3199,1302 3251,1297 3303,1292 3355,1287"/>
                <TextEquiv>
                    <Unicode>Menschliche durchweht ist. Korfiz Holm gehört nach¬</Unicode>
                </TextEquiv>
            </TextLine>
            <TextLine id="r3l11" custom="readingOrder {index:10;}">
                <Coords points="2315,1414 3350,1333 3371,1283 2312,1378"/>
                <Baseline points="2327,1401 2378,1397 2430,1393 2482,1389 2534,1386 2586,1382 2637,1379 2689,1376 2741,1372 2793,1369 2845,1366 2896,1362 2948,1358 3000,1355 3052,1352 3104,1347 3155,1344 3207,1340 3259,1336 3311,1330 3363,1326"/>
                <TextEquiv>
                    <Unicode>sgerade zu unseren feinsten Erzählern. Stark und</Unicode>
                </TextEquiv>
            </TextLine>
            <TextLine id="r3l12" custom="readingOrder {index:11;}">
                <Coords points="2323,1427 2633,1435 2692,1404 2774,1425 3373,1370 3369,1324 3274,1325 2322,1402"/>
                <Baseline points="2335,1435 2386,1433 2437,1430 2488,1427 2540,1424 2591,1421 2642,1417 2694,1414 2745,1411 2796,1407 2848,1403 2899,1401 2950,1396 3001,1393 3053,1389 3104,1385 3155,1382 3207,1378 3258,1374 3309,1370 3361,1367"/>
                <TextEquiv>
                    <Unicode>nachhaltig fesselt Hugo Balls impressionistische</Unicode>
                </TextEquiv>
            </TextLine>
            <TextLine id="r3l13" custom="readingOrder {index:12;}">
                <Coords points="2331,1482 3069,1463 3154,1423 3351,1419 3382,1365 2329,1443"/>
                <Baseline points="2342,1467 2393,1466 2445,1466 2496,1464 2548,1462 2599,1459 2651,1457 2702,1454 2754,1451 2805,1447 2857,1444 2909,1440 2960,1437 3012,1433 3063,1429 3115,1425 3166,1421 3218,1418 3269,1415 3321,1412 3373,1409"/>
                <TextEquiv>
                    <Unicode>###rihweise, Sein „Flametti“ (Berlin, Erich</Unicode>
                </TextEquiv>
            </TextLine>
            <TextLine id="r3l14" custom="readingOrder {index:13;}">
                <Coords points="2304,1527 3360,1513 3398,1466 2303,1496"/>
                <Baseline points="2316,1522 2369,1520 2423,1518 2476,1517 2530,1517 2583,1516 2637,1515 2690,1515 2744,1514 2797,1514 2851,1513 2904,1513 2958,1512 3011,1512 3065,1511 3118,1510 3172,1508 3225,1507 3279,1504 3332,1502 3386,1499"/>
                <TextEquiv>
                    <Unicode>Reiß) ist ein köstlicher Ausschnitt aus dem Leben des</Unicode>
                </TextEquiv>
            </TextLine>
            <TextLine id="r3l15" custom="readingOrder {index:14;}">
                <Coords points="2308,1573 3373,1568 3373,1522 2307,1527"/>
                <Baseline points="2319,1559 2371,1559 2423,1558 2475,1558 2527,1558 2579,1558 2631,1558 2683,1558 2735,1557 2787,1557 2840,1556 2892,1556 2944,1555 2996,1555 3048,1554 3100,1553 3152,1551 3204,1550 3256,1548 3308,1547 3361,1544"/>
                <TextEquiv>
                    <Unicode>Artistenvölkchens, grell, aber nicht unschön beleuchtet,</Unicode>
                </TextEquiv>
            </TextLine>
            <TextLine id="r3l16" custom="readingOrder {index:15;}">
                <Coords points="3237,1590 3254,1589 3264,1596 3281,1594 3288,1586 3310,1594 3325,1593 3334,1587 3347,1594 3359,1593 3356,1551 3332,1556 3324,1549 3292,1549 3283,1553 3267,1546 3258,1547 3246,1558 3234,1559"/>
                <Baseline points="3248,1588 3280,1588 3313,1583 3346,1582"/>
                <TextEquiv>
                    <Unicode>Zwei</Unicode>
                </TextEquiv>
            </TextLine>
            <TextLine id="r3l17" custom="readingOrder {index:16;}">
                <Coords points="2304,1600 3117,1599 3162,1582 3162,1552 2304,1568"/>
                <Baseline points="2315,1600 2356,1600 2398,1600 2440,1600 2482,1600 2524,1600 2565,1600 2607,1599 2649,1599 2691,1598 2733,1597 2774,1597 2816,1596 2858,1595 2900,1594 2942,1593 2983,1592 3025,1591 3067,1590 3109,1589 3151,1588"/>
                <TextEquiv>
                    <Unicode>prickelnd von Leben und Anschaulichkeit.</Unicode>
                </TextEquiv>
            </TextLine>
            <TextLine id="r3l18" custom="readingOrder {index:17;}">
                <Coords points="2306,1655 3420,1629 3419,1580 2305,1618"/>
                <Baseline points="2318,1644 2372,1642 2427,1640 2481,1638 2536,1637 2590,1636 2645,1636 2699,1635 2754,1635 2808,1635 2863,1634 2917,1634 2972,1633 3026,1632 3081,1631 3135,1630 3190,1628 3244,1626 3299,1623 3353,1619 3408,1615"/>
                <TextEquiv>
                    <Unicode>Novellen, voll warmerSchlichtheit und feinster Psycho= K</Unicode>
                </TextEquiv>
            </TextLine>
            <TextLine id="r3l19" custom="readingOrder {index:18;}">
                <Coords points="2302,1686 3374,1673 3373,1617 2301,1656"/>
                <Baseline points="2314,1682 2366,1680 2418,1678 2471,1676 2523,1676 2576,1674 2628,1674 2680,1673 2733,1673 2785,1672 2838,1672 2890,1671 2942,1671 2995,1670 3047,1669 3100,1668 3152,1667 3204,1666 3257,1664 3309,1663 3362,1660"/>
                <TextEquiv>
                    <Unicode>logie, enthält das Bändchen „Wandlungen und</Unicode>
                </TextEquiv>
            </TextLine>
            <TextLine id="r3l20" custom="readingOrder {index:19;}">
                <Coords points="2325,1726 3359,1715 3387,1654 2324,1687"/>
                <Baseline points="2337,1719 2388,1718 2440,1716 2492,1715 2544,1715 2596,1714 2648,1713 2700,1713 2752,1712 2804,1712 2856,1711 2907,1711 2959,1710 3011,1710 3063,1709 3115,1708 3167,1707 3219,1705 3271,1703 3323,1702 3375,1699"/>
                <TextEquiv>
                    <Unicode>Irrungen“ von Kurt Isemann. Es ist in der</Unicode>
                </TextEquiv>
            </TextLine>
            <TextLine id="r3l21" custom="readingOrder {index:20;}">
                <Coords points="2318,1747 2474,1777 3394,1757 3393,1699 3286,1695 2318,1721"/>
                <Baseline points="2330,1754 2382,1754 2435,1753 2487,1752 2540,1752 2592,1751 2645,1751 2697,1751 2750,1750 2802,1750 2855,1749 2908,1749 2960,1748 3013,1748 3065,1747 3118,1746 3170,1746 3223,1745 3275,1743 3328,1742 3381,1741"/>
                <TextEquiv>
                    <Unicode>Fischerschen Romanbibliothek erschienen. Sein echter</Unicode>
                </TextEquiv>
            </TextLine>
            <TextLine id="r3l22" custom="readingOrder {index:21;}">
                <Coords points="3192,1776 3209,1776 3246,1792 3255,1784 3277,1793 3287,1783 3311,1788 3326,1780 3348,1794 3382,1790 3381,1739 3359,1747 3330,1743 3288,1752 3257,1750 3239,1738 3218,1751 3191,1750"/>
                <Baseline points="3205,1779 3232,1782 3260,1782 3287,1782 3315,1780 3342,1778 3370,1776"/>
                <TextEquiv>
                    <Unicode>Hans</Unicode>
                </TextEquiv>
            </TextLine>
            <TextLine id="r3l23" custom="readingOrder {index:22;}">
                <Coords points="2318,1807 3101,1790 3125,1785 3125,1743 2478,1776 2317,1746"/>
                <Baseline points="2330,1798 2369,1797 2408,1796 2447,1795 2486,1794 2525,1794 2564,1793 2604,1792 2643,1792 2682,1791 2721,1791 2760,1790 2799,1790 2838,1789 2878,1789 2917,1788 2956,1787 2995,1787 3034,1786 3073,1785 3113,1784"/>
                <TextEquiv>
                    <Unicode>Gehalt wird ihm viel Freunde werben.</Unicode>
                </TextEquiv>
            </TextLine>
            <TextLine id="r3l24" custom="readingOrder {index:23;}">
                <Coords points="2317,1835 3210,1837 3389,1821 3388,1765 2316,1799"/>
                <Baseline points="2330,1836 2382,1835 2434,1835 2487,1834 2539,1834 2591,1833 2644,1832 2696,1831 2748,1830 2801,1829 2853,1828 2905,1827 2958,1825 3010,1824 3062,1822 3115,1821 3167,1819 3219,1818 3272,1816 3324,1814 3377,1812"/>
                <TextEquiv>
                    <Unicode>Raithel, der Schilderer oberfränkischen Bauern¬</Unicode>
                </TextEquiv>
            </TextLine>
            <TextLine id="r3l25" custom="readingOrder {index:24;}">
                <Coords points="2308,1881 3390,1861 3375,1820 2307,1837"/>
                <Baseline points="2321,1875 2373,1875 2426,1875 2479,1874 2532,1873 2585,1873 2638,1872 2690,1871 2743,1870 2796,1868 2849,1867 2902,1866 2955,1865 3008,1864 3060,1863 3113,1862 3166,1860 3219,1860 3272,1859 3325,1858 3378,1858"/>
                <TextEquiv>
                    <Unicode>tums, ist leider in seiner Heimat noch immer viel zu</Unicode>
                </TextEquiv>
            </TextLine>
            <TextLine id="r3l26" custom="readingOrder {index:25;}">
                <Coords points="2313,1930 3405,1905 3404,1866 3299,1856 2312,1874"/>
                <Baseline points="2324,1916 2377,1915 2430,1914 2484,1912 2537,1912 2591,1911 2644,1910 2698,1909 2751,1908 2805,1907 2858,1906 2911,1905 2965,1905 3018,1904 3072,1902 3125,1901 3179,1900 3232,1899 3286,1898 3339,1897 3393,1895"/>
                <TextEquiv>
                    <Unicode>wenig bekannt. Seine neueste Geschichte „Männer¬</Unicode>
                </TextEquiv>
            </TextLine>
            <TextLine id="r3l27" custom="readingOrder {index:26;}">
                <Coords points="2322,1954 3287,1949 3387,1925 3386,1889 2321,1920"/>
                <Baseline points="2334,1952 2386,1952 2438,1951 2490,1951 2542,1950 2594,1949 2646,1949 2698,1949 2750,1948 2802,1947 2854,1946 2906,1946 2958,1945 3010,1944 3062,1943 3114,1941 3166,1940 3218,1938 3270,1936 3322,1934 3374,1932"/>
                <TextEquiv>
                    <Unicode>treu“ (München, Albe.: Langen) zeigt seine Vor¬</Unicode>
                </TextEquiv>
            </TextLine>
            <TextLine id="r3l28" custom="readingOrder {index:27;}">
                <Coords points="2319,1989 3377,1996 3376,1933 2318,1955"/>
                <Baseline points="2332,1994 2383,1993 2435,1991 2486,1990 2538,1989 2590,1988 2641,1987 2693,1986 2745,1986 2796,1985 2848,1985 2900,1984 2951,1983 3003,1983 3055,1982 3106,1981 3158,1980 3210,1979 3261,1978 3313,1976 3365,1974"/>
                <TextEquiv>
                    <Unicode>züge wieder in hellstem Licht. Die fast svartanische</Unicode>
                </TextEquiv>
            </TextLine>
            <TextLine id="r3l29" custom="readingOrder {index:28;}">
                <Coords points="2318,2042 3374,2020 3373,1978 2318,1989"/>
                <Baseline points="2330,2030 2381,2029 2433,2029 2484,2029 2536,2028 2588,2028 2639,2028 2691,2028 2742,2027 2794,2027 2846,2026 2897,2025 2949,2025 3000,2024 3052,2023 3104,2022 3155,2020 3207,2019 3258,2017 3310,2015 3362,2013"/>
                <TextEquiv>
                    <Unicode>Einfachheit seines Stils paßt prächtig für die ge¬</Unicode>
                </TextEquiv>
            </TextLine>
            <TextLine id="r3l30" custom="readingOrder {index:29;}">
                <Coords points="2314,2078 3314,2067 3391,2063 3391,2034 2811,2014 2313,2044"/>
                <Baseline points="2327,2074 2379,2072 2432,2071 2484,2069 2537,2068 2590,2067 2642,2066 2695,2065 2747,2065 2800,2064 2853,2063 2905,2063 2958,2062 3010,2062 3063,2061 3116,2060 3168,2059 3221,2058 3273,2056 3326,2055 3379,2053"/>
                <TextEquiv>
                    <Unicode>schilderten Bauernverhältnisse wenn man auch hin;</Unicode>
                </TextEquiv>
            </TextLine>
            <TextLine id="r3l31" custom="readingOrder {index:30;}">
                <Coords points="2321,2098 2394,2123 3314,2105 3391,2094 3391,2062 2320,2076"/>
                <Baseline points="2333,2110 2385,2110 2437,2110 2489,2109 2542,2109 2594,2108 2646,2107 2698,2106 2751,2104 2803,2103 2855,2102 2907,2100 2960,2099 3012,2098 3064,2097 3116,2096 3169,2095 3221,2094 3273,2094 3325,2093 3378,2094"/>
                <TextEquiv>
                    <Unicode>und wieder ein leuchtendes Dichterwort für Natur und</Unicode>
                </TextEquiv>
            </TextLine>
            <TextLine id="r3l32" custom="readingOrder {index:31;}">
                <Coords points="2320,2161 3390,2149 3360,2091 2767,2121 2319,2096"/>
                <Baseline points="2333,2151 2385,2150 2437,2149 2489,2148 2541,2147 2594,2147 2646,2146 2698,2146 2750,2145 2802,2145 2855,2144 2907,2144 2959,2143 3011,2142 3063,2142 3116,2141 3168,2140 3220,2138 3272,2137 3324,2135 3377,2133"/>
                <TextEquiv>
                    <Unicode>Landschaft vermißt. — Raitbels wahres Gegenteil ist</Unicode>
                </TextEquiv>
            </TextLine>
            <TextLine id="r3l33" custom="readingOrder {index:32;}">
                <Coords points="2323,2192 3202,2193 3384,2162 3274,2135 2323,2160"/>
                <Baseline points="2336,2194 2387,2192 2439,2189 2491,2188 2543,2187 2595,2186 2646,2185 2698,2184 2750,2184 2802,2183 2854,2182 2905,2182 2957,2181 3009,2180 3061,2179 3113,2178 3164,2176 3216,2174 3268,2172 3320,2169 3372,2166"/>
                <TextEquiv>
                    <Unicode>Max Jungnicel, dessen „Jakob Heide¬</Unicode>
                </TextEquiv>
            </TextLine>
            <TextLine id="r3l34" custom="readingOrder {index:33;}">
                <Coords points="2515,2234 3198,2210 3257,2234 3388,2202 3387,2156 3329,2182 2514,2188"/>
                <Baseline points="2526,2218 2568,2220 2611,2222 2653,2223 2696,2223 2738,2224 2781,2224 2823,2223 2866,2223 2908,2222 2951,2221 2993,2220 3036,2219 3078,2218 3121,2216 3163,2215 3206,2213 3248,2212 3291,2210 3333,2209 3376,2208"/>
                <TextEquiv>
                    <Unicode>der junge Franz Schneider Verlag (Berlin¬</Unicode>
                </TextEquiv>
            </TextLine>
            <TextLine id="r3l35" custom="readingOrder {index:34;}">
                <Coords points="2324,2237 2348,2238 2367,2230 2390,2237 2409,2229 2416,2234 2450,2232 2455,2237 2482,2231 2480,2190 2461,2191 2447,2203 2432,2189 2420,2197 2398,2193 2381,2201 2352,2194 2323,2203"/>
                <Baseline points="2335,2227 2361,2227 2388,2227 2415,2227 2442,2225 2469,2221"/>
                <TextEquiv>
                    <Unicode>bucke</Unicode>
                </TextEquiv>
            </TextLine>
            <TextLine id="r3l36" custom="readingOrder {index:35;}">
                <Coords points="2319,2259 2443,2286 2584,2257 3304,2253 3303,2219 3201,2211 2318,2223"/>
                <Baseline points="2331,2267 2379,2267 2427,2267 2475,2266 2523,2266 2571,2266 2619,2265 2667,2265 2715,2264 2763,2263 2811,2263 2859,2262 2907,2261 2955,2260 3003,2259 3051,2258 3099,2257 3147,2256 3195,2254 3243,2253 3291,2251"/>
                <TextEquiv>
                    <Unicode>Schöneberg) in schönster Form herausbrachte.</Unicode>
                </TextEquiv>
            </TextLine>
            <TextLine id="r3l37" custom="readingOrder {index:36;}">
                <Coords points="2320,2302 3383,2298 3382,2254 2582,2259 2551,2284 2319,2258"/>
                <Baseline points="2332,2306 2386,2306 2441,2305 2496,2305 2550,2304 2605,2303 2660,2303 2714,2302 2769,2301 2824,2300 2878,2299 2933,2298 2988,2296 3042,2295 3097,2294 3152,2293 3206,2292 3261,2291 3316,2290 3371,2290"/>
                <TextEquiv>
                    <Unicode>liegt viel „Taugenichts"=Romantik in dem Werkchen,</Unicode>
                </TextEquiv>
            </TextLine>
            <TextLine id="r3l38" custom="readingOrder {index:37;}">
                <Coords points="2334,2344 3229,2349 3380,2337 3380,2295 2334,2310"/>
                <Baseline points="2346,2343 2397,2343 2448,2342 2499,2342 2550,2342 2601,2341 2652,2341 2703,2340 2754,2340 2805,2339 2857,2338 2908,2337 2959,2337 3010,2336 3061,2335 3112,2334 3163,2333 3214,2332 3265,2331 3316,2330 3368,2329"/>
                <TextEquiv>
                    <Unicode>dessen lyrische Süßigkeit nach Art Sohnreys und</Unicode>
                </TextEquiv>
            </TextLine>
            <TextLine id="r3l39" custom="readingOrder {index:38;}">
                <Coords points="2325,2384 3125,2390 3373,2374 3373,2335 2324,2354"/>
                <Baseline points="2336,2386 2387,2385 2438,2384 2489,2383 2541,2382 2592,2381 2643,2380 2695,2380 2746,2379 2797,2378 2849,2378 2900,2377 2951,2376 3002,2375 3054,2375 3105,2374 3156,2373 3208,2372 3259,2371 3310,2369 3362,2368"/>
                <TextEquiv>
                    <Unicode>Bonsels mitunter etwas widerstehen könnte, wenn</Unicode>
                </TextEquiv>
            </TextLine>
            <TextLine id="r3l40" custom="readingOrder {index:39;}">
                <Coords points="2331,2432 3377,2411 3376,2375 3252,2370 2331,2403"/>
                <Baseline points="2344,2426 2395,2425 2446,2425 2497,2424 2548,2424 2599,2423 2650,2422 2701,2421 2752,2420 2803,2419 2854,2418 2905,2416 2956,2415 3007,2414 3058,2412 3109,2411 3160,2410 3211,2410 3262,2409 3313,2408 3364,2408"/>
                <TextEquiv>
                    <Unicode>ihr nicht prächtig naturalistische Züge untermengt</Unicode>
                </TextEquiv>
            </TextLine>
            <TextLine id="r3l41" custom="readingOrder {index:40;}">
                <Coords points="3258,2458 3287,2458 3292,2453 3309,2458 3316,2450 3331,2450 3338,2455 3389,2454 3389,2420 3377,2420 3367,2411 3308,2414 3304,2409 3286,2409 3277,2414 3257,2414"/>
                <Baseline points="3269,2446 3295,2446 3322,2446 3349,2445 3376,2445"/>
                <TextEquiv>
                    <Unicode>Dem</Unicode>
                </TextEquiv>
            </TextLine>
            <TextLine id="r3l42" custom="readingOrder {index:41;}">
                <Coords points="2335,2479 3001,2447 3096,2464 3178,2450 3178,2426 3083,2430 3019,2400 2806,2432 2334,2432"/>
                <Baseline points="2346,2466 2387,2466 2428,2465 2469,2465 2510,2464 2551,2463 2592,2462 2633,2461 2674,2460 2715,2459 2756,2458 2797,2457 2838,2456 2879,2455 2920,2454 2961,2453 3002,2452 3043,2452 3084,2451 3125,2450 3166,2450"/>
                <TextEquiv>
                    <Unicode>wären. Jungnickel ist ein echter Dichter.</Unicode>
                </TextEquiv>
            </TextLine>
            <TextLine id="r3l43" custom="readingOrder {index:42;}">
                <Coords points="2331,2501 3335,2498 3381,2490 3381,2453 2330,2455"/>
                <Baseline points="2342,2508 2393,2505 2444,2503 2496,2501 2547,2500 2598,2499 2650,2498 2701,2497 2752,2497 2804,2496 2855,2496 2906,2496 2958,2495 3009,2495 3060,2494 3112,2494 3163,2493 3214,2491 3266,2490 3317,2488 3369,2485"/>
                <TextEquiv>
                    <Unicode>feinen, differenzierten Artur Schnitzler mußte</Unicode>
                </TextEquiv>
            </TextLine>
            <TextLine id="r3l44" custom="readingOrder {index:43;}">
                <Coords points="3308,2535 3321,2535 3332,2526 3349,2528 3352,2525 3366,2524 3364,2490 3345,2492 3330,2492 3327,2490 3325,2493 3306,2494"/>
                <Baseline points="3320,2524 3354,2522"/>
                <TextEquiv>
                    <Unicode>er¬</Unicode>
                </TextEquiv>
            </TextLine>
            <TextLine id="r3l45" custom="readingOrder {index:44;}">
                <Coords points="2333,2551 2912,2544 2911,2493 2685,2513 2332,2505"/>
                <Baseline points="2345,2545 2372,2545 2400,2545 2428,2544 2456,2544 2483,2543 2511,2542 2539,2541 2567,2541 2594,2540 2622,2539 2650,2538 2678,2538 2705,2536 2733,2536 2761,2535 2789,2535 2816,2534 2844,2533 2872,2533 2900,2533"/>
                <TextEquiv>
                    <Unicode>von vornherein ein Case</Unicode>
                </TextEquiv>
            </TextLine>
            <TextLine id="r3l46" custom="readingOrder {index:45;}">
                <Coords points="2335,2588 3391,2564 3358,2525 3195,2519 2334,2554"/>
                <Baseline points="2347,2588 2398,2586 2450,2584 2501,2583 2553,2581 2604,2580 2656,2578 2707,2577 2759,2576 2810,2574 2862,2573 2914,2572 2965,2571 3017,2570 3068,2569 3120,2568 3171,2567 3223,2566 3274,2565 3326,2564 3378,2564"/>
                <TextEquiv>
                    <Unicode>zählt in „Casanovas Heimfahrt“ (Berlin, S.</Unicode>
                </TextEquiv>
            </TextLine>
            <TextLine id="r3l47" custom="readingOrder {index:46;}">
                <Coords points="2348,2628 3380,2607 3357,2566 2348,2589"/>
                <Baseline points="2361,2627 2411,2625 2461,2622 2512,2621 2562,2619 2612,2617 2663,2616 2713,2615 2763,2614 2814,2613 2864,2612 2914,2612 2965,2611 3015,2611 3065,2610 3116,2609 3166,2608 3216,2608 3267,2606 3317,2605 3368,2604"/>
                <TextEquiv>
                    <Unicode>Fischer) das letzte Abenteuer des altgewordenen und</Unicode>
                </TextEquiv>
            </TextLine>
            <TextLine id="r3l48" custom="readingOrder {index:47;}">
                <Coords points="2351,2663 2755,2681 2796,2654 3185,2641 3239,2664 3370,2649 3369,2610 2350,2629"/>
                <Baseline points="2364,2662 2413,2661 2463,2660 2513,2659 2562,2658 2612,2657 2662,2656 2711,2655 2761,2654 2811,2653 2861,2652 2910,2651 2960,2649 3010,2648 3059,2647 3109,2647 3159,2646 3208,2645 3258,2644 3308,2643 3358,2643"/>
                <TextEquiv>
                    <Unicode>heruntergekommenen Liebeskünstlers, bevor er in der</Unicode>
                </TextEquiv>
            </TextLine>
            <TextLine id="r3l49" custom="readingOrder {index:48;}">
                <Coords points="2348,2705 3345,2693 3391,2680 3390,2637 2347,2664"/>
                <Baseline points="2360,2701 2413,2700 2467,2699 2520,2697 2574,2697 2628,2696 2681,2695 2735,2694 2789,2693 2842,2693 2896,2692 2949,2691 3003,2690 3057,2689 3110,2688 3164,2687 3218,2685 3271,2683 3325,2682 3379,2679"/>
                <TextEquiv>
                    <Unicode>Vaterstadt Venedig als Svion für seine letzten</Unicode>
                </TextEquiv>
            </TextLine>
            <TextLine id="r3l50" custom="readingOrder {index:49;}">
                <Coords points="3021,2734 3082,2725 3157,2740 3179,2725 3255,2735 3276,2725 3298,2734 3361,2725 3360,2691 3343,2687 3178,2696 3107,2678 3081,2698 3020,2695"/>
                <Baseline points="3033,2727 3059,2728 3085,2729 3112,2729 3138,2729 3165,2728 3191,2728 3217,2727 3244,2726 3270,2724 3297,2723 3323,2722 3350,2720"/>
                <TextEquiv>
                    <Unicode>er trifft den Tot</Unicode>
                </TextEquiv>
            </TextLine>
            <TextLine id="r3l51" custom="readingOrder {index:50;}">
                <Coords points="2343,2742 2820,2748 2861,2718 2937,2741 2975,2737 2975,2696 2342,2703"/>
                <Baseline points="2354,2740 2384,2740 2414,2739 2445,2739 2475,2739 2506,2738 2536,2738 2566,2737 2597,2736 2627,2736 2658,2735 2688,2734 2718,2734 2749,2733 2779,2732 2810,2732 2840,2731 2870,2731 2901,2731 2931,2730 2962,2730"/>
                <TextEquiv>
                    <Unicode>Lebensjahre unterkriecht. Schn</Unicode>
                </TextEquiv>
            </TextLine>
            <TextLine id="r3l52" custom="readingOrder {index:51;}">
                <Coords points="2336,2782 3268,2777 3360,2769 3360,2727 2336,2762"/>
                <Baseline points="2349,2781 2401,2779 2454,2776 2506,2775 2559,2773 2611,2772 2664,2771 2717,2771 2769,2771 2822,2770 2874,2770 2927,2770 2979,2769 3032,2769 3085,2768 3137,2767 3190,2766 3242,2764 3295,2762 3348,2760"/>
                <TextEquiv>
                    <Unicode>verhaltener Sinnlichkeit vollkommen. Er kleidet das</Unicode>
                </TextEquiv>
            </TextLine>
            <TextLine id="r3l53" custom="readingOrder {index:52;}">
                <Coords points="2338,2828 3384,2807 3383,2763 3298,2757 2338,2782"/>
                <Baseline points="2351,2824 2402,2820 2453,2817 2504,2814 2555,2812 2606,2810 2657,2809 2708,2808 2759,2808 2810,2807 2862,2807 2913,2807 2964,2807 3015,2807 3066,2806 3117,2805 3168,2805 3219,2803 3270,2801 3321,2799 3373,2795"/>
                <TextEquiv>
                    <Unicode>glänzend erzählte Abenteuer in das Milieu einer</Unicode>
                </TextEquiv>
            </TextLine>
            <TextLine id="r3l54" custom="readingOrder {index:53;}">
                <Coords points="2784,2856 3387,2848 3386,2809 3367,2802 2783,2815"/>
                <Baseline points="2795,2847 2824,2846 2853,2845 2882,2845 2911,2845 2940,2844 2969,2844 2998,2844 3027,2844 3056,2844 3085,2844 3114,2844 3143,2843 3172,2843 3201,2843 3230,2842 3259,2841 3288,2840 3317,2839 3346,2838 3375,2836"/>
                <TextEquiv>
                    <Unicode>18. Jahrhunderts, an dem auch</Unicode>
                </TextEquiv>
            </TextLine>
            <TextLine id="r3l55" custom="readingOrder {index:54;}">
                <Coords points="2347,2863 2481,2858 2493,2868 2617,2853 2661,2862 2685,2850 2719,2854 2719,2813 2347,2829"/>
                <Baseline points="2359,2861 2385,2858 2412,2856 2439,2855 2466,2854 2492,2853 2519,2853 2546,2854 2573,2854 2599,2854 2626,2854 2653,2853 2680,2852 2707,2850"/>
                <TextEquiv>
                    <Unicode>ländlichen Idylle d</Unicode>
                </TextEquiv>
            </TextLine>
            <TextLine id="r3l56" custom="readingOrder {index:55;}">
                <Coords points="3253,2893 3289,2883 3330,2881 3353,2889 3360,2881 3374,2882 3372,2851 3360,2852 3345,2840 3331,2849 3318,2845 3301,2848 3289,2842 3250,2845"/>
                <Baseline points="3265,2879 3297,2878 3329,2875 3361,2873"/>
                <TextEquiv>
                    <Unicode>Freude</Unicode>
                </TextEquiv>
            </TextLine>
            <TextLine id="r3l57" custom="readingOrder {index:56;}">
                <Coords points="2343,2893 2623,2910 2742,2885 2799,2914 2888,2885 3076,2894 3092,2852 2848,2837 2747,2864 2343,2864"/>
                <Baseline points="2355,2895 2391,2896 2427,2896 2463,2896 2500,2896 2536,2896 2572,2895 2609,2894 2645,2894 2681,2893 2718,2892 2754,2891 2790,2890 2826,2890 2863,2889 2899,2888 2935,2887 2972,2886 3008,2885 3044,2885 3081,2884"/>
                <TextEquiv>
                    <Unicode>der kulturhistorisch genießende Leser</Unicode>
                </TextEquiv>
            </TextLine>
            <TextLine id="r3l58" custom="readingOrder {index:57;}">
                <Coords points="2965,2927 3079,2920 3111,2941 3155,2923 3233,2932 3279,2916 3306,2930 3369,2927 3400,2916 3400,2882 3144,2894 3112,2878 3071,2896 3001,2895 2964,2878"/>
                <Baseline points="2977,2923 3002,2922 3028,2922 3053,2921 3079,2921 3105,2921 3130,2921 3156,2921 3182,2921 3207,2920 3233,2920 3258,2919 3284,2919 3310,2917 3335,2916 3361,2915 3387,2912"/>
                <TextEquiv>
                    <Unicode>lers kunsthistorischer</Unicode>
                </TextEquiv>
            </TextLine>
            <TextLine id="r3l59" custom="readingOrder {index:58;}">
                <Coords points="2870,2935 2882,2934 2890,2940 2893,2940 2897,2935 2909,2934 2905,2888 2890,2889 2887,2887 2881,2895 2866,2896"/>
                <Baseline points="2882,2928 2896,2927"/>
                <TextEquiv>
                    <Unicode>K</Unicode>
                </TextEquiv>
            </TextLine>
            <TextLine id="r3l60" custom="readingOrder {index:59;}">
                <Coords points="2345,2947 2374,2936 2408,2946 2520,2941 2530,2949 2556,2933 2588,2943 2607,2935 2627,2940 2626,2906 2590,2911 2578,2899 2507,2895 2490,2903 2429,2894 2383,2902 2344,2893"/>
                <Baseline points="2357,2935 2382,2933 2408,2933 2434,2932 2460,2931 2486,2930 2511,2930 2537,2930 2563,2930 2589,2930 2615,2931"/>
                <TextEquiv>
                    <Unicode>haben kann.</Unicode>
                </TextEquiv>
            </TextLine>
            <TextLine id="r3l61" custom="readingOrder {index:60;}">
                <Coords points="3254,2959 3296,2964 3305,2959 3315,2964 3342,2960 3347,2965 3381,2958 3379,2922 3347,2923 3335,2929 3318,2924 3306,2930 3279,2916 3270,2924 3253,2925"/>
                <Baseline points="3265,2959 3291,2957 3317,2957 3343,2956 3369,2953"/>
                <TextEquiv>
                    <Unicode>Deut¬</Unicode>
                </TextEquiv>
            </TextLine>
            <TextLine id="r3l62" custom="readingOrder {index:61;}">
                <Coords points="2968,2967 2995,2968 3007,2964 3029,2966 3034,2970 3046,2967 3063,2978 3075,2978 3073,2924 3048,2926 3046,2923 3022,2930 3012,2925 3009,2928 2990,2924 2966,2928"/>
                <Baseline points="2980,2966 3007,2964 3034,2962 3062,2962"/>
                <TextEquiv>
                    <Unicode>Berli</Unicode>
                </TextEquiv>
            </TextLine>
            <TextLine id="r3l63" custom="readingOrder {index:62;}">
                <Coords points="2838,2969 2853,2972 2870,2970 2872,2973 2887,2966 2897,2973 2911,2969 2929,2952 2941,2953 2942,2928 2915,2928 2895,2934 2857,2928 2852,2933 2839,2933"/>
                <Baseline points="2850,2965 2876,2965 2902,2966 2928,2967"/>
                <TextEquiv>
                    <Unicode>ina“</Unicode>
                </TextEquiv>
            </TextLine>
            <TextLine id="r3l64" custom="readingOrder {index:63;}">
                <Coords points="2351,2985 2747,2973 2746,2932 2710,2928 2610,2930 2591,2943 2556,2932 2535,2952 2350,2939"/>
                <Baseline points="2363,2976 2389,2975 2416,2975 2442,2974 2469,2973 2495,2972 2522,2972 2549,2971 2575,2971 2602,2970 2628,2969 2655,2969 2681,2969 2708,2968 2735,2967"/>
                <TextEquiv>
                    <Unicode>Roman „Sachsen</Unicode>
                </TextEquiv>
            </TextLine>
            <TextLine id="r3l65" custom="readingOrder {index:64;}">
                <Coords points="3288,3010 3300,3008 3302,3005 3307,3005 3313,3001 3328,2999 3323,2961 3311,2962 3308,2960 3301,2961 3299,2964 3293,2962 3281,2964"/>
                <Baseline points="3297,2995 3314,2993"/>
                <TextEquiv>
                    <Unicode>hie</Unicode>
                </TextEquiv>
            </TextLine>
            <TextLine id="r3l66" custom="readingOrder {index:65;}">
                <Coords points="3002,3011 3032,3011 3051,2994 3066,3006 3085,3000 3100,3010 3129,3007 3128,2946 3109,2947 3070,2984 3046,2967 3002,2968"/>
                <Baseline points="3015,3001 3040,3002 3065,3002 3090,3001 3116,3000"/>
                <TextEquiv>
                    <Unicode>ie Le</Unicode>
                </TextEquiv>
            </TextLine>
            <TextLine id="r3l67" custom="readingOrder {index:66;}">
                <Coords points="2809,3014 2824,3016 2833,3008 2848,3013 2875,3007 2911,3011 2918,3006 2940,3013 2979,3005 2979,2980 2966,2981 2934,2960 2910,2970 2886,2966 2874,2973 2845,2974 2830,2965 2808,2970"/>
                <Baseline points="2820,3005 2849,3005 2879,3004 2908,3002 2938,3002 2968,3003"/>
                <TextEquiv>
                    <Unicode>handelt</Unicode>
                </TextEquiv>
            </TextLine>
            <TextLine id="r3l68" custom="readingOrder {index:67;}">
                <Coords points="2350,3018 2440,3021 2474,3010 2489,3022 2603,3022 2627,3011 2645,3023 2710,3010 2709,2973 2529,2982 2510,2968 2349,2986"/>
                <Baseline points="2362,3018 2387,3014 2413,3011 2439,3010 2465,3008 2491,3007 2517,3007 2543,3007 2569,3007 2595,3008 2621,3007 2647,3007 2673,3007 2699,3005"/>
                <TextEquiv>
                    <Unicode>sches Verlagshaus</Unicode>
                </TextEquiv>
            </TextLine>
            <TextLine id="r3l69" custom="readingOrder {index:68;}">
                <Coords points="2976,3055 3012,3042 3071,3043 3086,3055 3098,3042 3144,3049 3175,3038 3219,3049 3294,3031 3312,3047 3343,3044 3365,3039 3364,2983 3344,2981 3325,3001 3231,3000 3197,3016 3050,2995 3038,3007 2975,3004"/>
                <Baseline points="2988,3042 3014,3041 3040,3041 3066,3040 3092,3040 3118,3040 3144,3039 3170,3039 3196,3038 3222,3038 3248,3038 3274,3037 3300,3035 3326,3034 3352,3032"/>
                <TextEquiv>
                    <Unicode>orzellans. Die bei</Unicode>
                </TextEquiv>
            </TextLine>
            <TextLine id="r3l70" custom="readingOrder {index:69;}">
                <Coords points="2344,3060 2444,3054 2539,3065 2568,3040 2592,3055 2663,3044 2687,3053 2686,3010 2558,3023 2533,3014 2490,3022 2472,3010 2441,3020 2344,3014"/>
                <Baseline points="2357,3055 2383,3052 2410,3050 2436,3049 2463,3049 2489,3049 2516,3049 2542,3050 2569,3050 2595,3050 2622,3049 2648,3048 2675,3046"/>
                <TextEquiv>
                    <Unicode>Böttchers, des C</Unicode>
                </TextEquiv>
            </TextLine>
            <TextLine id="r3l71" custom="readingOrder {index:70;}">
                <Coords points="3315,3086 3329,3083 3339,3085 3341,3082 3353,3079 3363,3081 3366,3078 3376,3085 3388,3084 3385,3035 3368,3036 3363,3042 3354,3045 3344,3040 3339,3041 3334,3036 3324,3044 3312,3045"/>
                <Baseline points="3327,3075 3376,3072"/>
                <TextEquiv>
                    <Unicode>in¬</Unicode>
                </TextEquiv>
            </TextLine>
            <TextLine id="r3l72" custom="readingOrder {index:71;}">
                <Coords points="2971,3072 2990,3066 3017,3092 3046,3082 3066,3084 3075,3076 3085,3076 3097,3088 3129,3080 3168,3081 3167,3047 3104,3041 3077,3049 3070,3042 3045,3053 3014,3041 2999,3049 2970,3050"/>
                <Baseline points="2984,3084 3012,3082 3041,3081 3070,3080 3098,3079 3127,3079 3156,3080"/>
                <TextEquiv>
                    <Unicode>das Buc</Unicode>
                </TextEquiv>
            </TextLine>
            <TextLine id="r3l73" custom="readingOrder {index:72;}">
                <Coords points="2838,3093 2862,3093 2874,3084 2889,3089 2904,3086 2913,3091 2923,3087 2947,3092 2948,3048 2921,3050 2911,3045 2894,3045 2889,3050 2872,3052 2850,3040 2838,3040"/>
                <Baseline points="2851,3083 2879,3082 2907,3083 2935,3083"/>
                <TextEquiv>
                    <Unicode>stalten</Unicode>
                </TextEquiv>
            </TextLine>
            <TextLine id="r3l74" custom="readingOrder {index:73;}">
                <Coords points="2354,3099 2707,3096 2721,3093 2721,3054 2560,3046 2538,3063 2443,3053 2353,3065"/>
                <Baseline points="2367,3097 2393,3095 2419,3093 2445,3092 2472,3091 2498,3089 2524,3089 2551,3088 2577,3088 2603,3088 2630,3088 2656,3088 2682,3088 2709,3087"/>
                <TextEquiv>
                    <Unicode>gefügten Abbildun</Unicode>
                </TextEquiv>
            </TextLine>
            <TextLine id="r3l75" custom="readingOrder {index:74;}">
                <Coords points="3159,3120 3220,3124 3239,3118 3259,3130 3278,3113 3293,3122 3363,3118 3362,3079 3321,3085 3306,3073 3292,3083 3158,3081"/>
                <Baseline points="3171,3117 3196,3116 3222,3115 3248,3115 3273,3115 3299,3114 3325,3114 3351,3111"/>
                <TextEquiv>
                    <Unicode>brung kan</Unicode>
                </TextEquiv>
            </TextLine>
            <TextLine id="r3l76" custom="readingOrder {index:75;}">
                <Coords points="2932,3128 2962,3132 2971,3124 2991,3136 3003,3123 3037,3112 3052,3127 3090,3123 3137,3134 3136,3083 3099,3086 3077,3075 3070,3082 3021,3089 3002,3077 2931,3086"/>
                <Baseline points="2944,3121 2969,3123 2995,3122 3021,3121 3046,3120 3072,3119 3098,3118 3124,3119"/>
                <TextEquiv>
                    <Unicode>rische Ausf</Unicode>
                </TextEquiv>
            </TextLine>
            <TextLine id="r3l77" custom="readingOrder {index:76;}">
                <Coords points="2343,3137 2506,3142 2525,3127 2579,3138 2612,3122 2710,3137 2709,3088 2539,3095 2515,3110 2480,3094 2400,3101 2341,3078"/>
                <Baseline points="2354,3136 2380,3135 2406,3134 2433,3133 2459,3133 2485,3132 2512,3131 2538,3131 2565,3130 2591,3130 2617,3129 2644,3128 2670,3127 2697,3125"/>
                <TextEquiv>
                    <Unicode>struktiv, und auch</Unicode>
                </TextEquiv>
            </TextLine>
            <TextLine id="r3l78" custom="readingOrder {index:77;}">
                <Coords points="3191,3167 3204,3167 3211,3160 3228,3160 3238,3167 3252,3152 3269,3164 3279,3157 3298,3159 3298,3103 3286,3103 3264,3125 3249,3125 3240,3118 3223,3121 3218,3126 3210,3121 3191,3121"/>
                <Baseline points="3204,3154 3231,3154 3259,3154 3287,3153"/>
                <TextEquiv>
                    <Unicode>lich fr.</Unicode>
                </TextEquiv>
            </TextLine>
            <TextLine id="r3l79" custom="readingOrder {index:78;}">
                <Coords points="2908,3169 2952,3163 2974,3172 2993,3162 3034,3168 3054,3158 3103,3172 3112,3164 3127,3171 3144,3158 3175,3160 3174,3119 3053,3126 3026,3115 2999,3128 2907,3127"/>
                <Baseline points="2919,3159 2946,3160 2973,3160 3000,3159 3027,3158 3054,3158 3081,3157 3108,3156 3135,3155 3162,3156"/>
                <TextEquiv>
                    <Unicode>wert ist die kös</Unicode>
                </TextEquiv>
            </TextLine>
            <TextLine id="r3l80" custom="readingOrder {index:79;}">
                <Coords points="2848,3172 2858,3169 2863,3171 2867,3167 2873,3169 2887,3165 2878,3125 2868,3127 2864,3131 2857,3132 2854,3130 2840,3134"/>
                <Baseline points="2858,3162 2872,3159"/>
                <TextEquiv>
                    <Unicode>en</Unicode>
                </TextEquiv>
            </TextLine>
            <TextLine id="r3l81" custom="readingOrder {index:80;}">
                <Coords points="2354,3181 2451,3181 2466,3168 2481,3183 2495,3170 2522,3182 2539,3171 2573,3178 2592,3165 2614,3177 2682,3175 2681,3129 2611,3126 2589,3138 2521,3128 2506,3141 2353,3137"/>
                <Baseline points="2367,3171 2392,3172 2417,3172 2442,3171 2468,3171 2493,3170 2518,3169 2543,3168 2569,3167 2594,3166 2619,3166 2644,3166 2670,3166"/>
                <TextEquiv>
                    <Unicode>man gelten lasse</Unicode>
                </TextEquiv>
            </TextLine>
            <TextLine id="r3l82" custom="readingOrder {index:81;}">
                <Coords points="2866,3198 3001,3212 3046,3198 3081,3215 3105,3192 3125,3209 3226,3192 3390,3202 3388,3144 3182,3168 3048,3155 2866,3169"/>
                <Baseline points="2879,3199 2905,3200 2931,3200 2957,3200 2983,3200 3009,3200 3035,3200 3062,3200 3088,3199 3114,3198 3140,3197 3166,3197 3192,3196 3219,3194 3245,3194 3271,3192 3297,3192 3323,3190 3349,3190 3376,3189"/>
                <TextEquiv>
                    <Unicode>langatmige „Geschichte</Unicode>
                </TextEquiv>
            </TextLine>
            <TextLine id="r3l83" custom="readingOrder {index:82;}">
                <Coords points="2359,3216 2403,3228 2446,3209 2473,3221 2493,3211 2508,3223 2531,3205 2568,3216 2687,3201 2721,3210 2720,3169 2594,3165 2502,3177 2472,3167 2387,3182 2358,3173"/>
                <Baseline points="2371,3210 2396,3210 2422,3211 2448,3211 2474,3210 2500,3210 2526,3209 2552,3208 2578,3208 2604,3206 2630,3205 2656,3205 2682,3204 2708,3204"/>
                <TextEquiv>
                    <Unicode>nur hie und da e</Unicode>
                </TextEquiv>
            </TextLine>
            <TextLine id="r3l84" custom="readingOrder {index:83;}">
                <Coords points="3220,3238 3322,3242 3332,3234 3376,3237 3374,3193 3347,3195 3342,3200 3337,3195 3330,3203 3313,3196 3301,3204 3291,3198 3282,3203 3271,3194 3240,3198 3230,3191 3218,3192"/>
                <Baseline points="3233,3233 3259,3232 3285,3231 3311,3229 3337,3228 3363,3227"/>
                <TextEquiv>
                    <Unicode>München</Unicode>
                </TextEquiv>
            </TextLine>
            <TextLine id="r3l85" custom="readingOrder {index:84;}">
                <Coords points="2905,3241 2983,3247 3002,3239 3024,3249 3065,3236 3109,3247 3126,3235 3136,3242 3199,3234 3199,3210 3172,3198 3121,3206 3106,3192 3087,3206 2904,3204"/>
                <Baseline points="2918,3240 2944,3239 2971,3237 2998,3237 3025,3236 3052,3236 3078,3236 3105,3236 3132,3236 3159,3235 3186,3234"/>
                <TextEquiv>
                    <Unicode>zeter Michel</Unicode>
                </TextEquiv>
            </TextLine>
            <TextLine id="r3l86" custom="readingOrder {index:85;}">
                <Coords points="2361,3251 2488,3251 2500,3263 2536,3243 2570,3257 2643,3253 2655,3243 2692,3252 2691,3208 2360,3213"/>
                <Baseline points="2373,3249 2398,3249 2424,3249 2449,3248 2475,3248 2500,3247 2526,3247 2551,3246 2577,3245 2602,3245 2628,3244 2653,3244 2679,3243"/>
                <TextEquiv>
                    <Unicode>von der Butt</Unicode>
                </TextEquiv>
            </TextLine>
            <TextLine id="r3l87" custom="readingOrder {index:86;}">
                <Coords points="3187,3281 3214,3276 3221,3281 3226,3276 3241,3284 3250,3276 3265,3278 3274,3270 3279,3274 3289,3271 3307,3285 3316,3274 3330,3273 3328,3239 3301,3241 3277,3236 3260,3242 3252,3237 3228,3236 3184,3244"/>
                <Baseline points="3199,3275 3229,3276 3259,3273 3289,3270 3319,3269"/>
                <TextEquiv>
                    <Unicode>nisse w</Unicode>
                </TextEquiv>
            </TextLine>
            <TextLine id="r3l88" custom="readingOrder {index:87;}">
                <Coords points="2771,3288 2810,3278 2829,3293 2953,3279 3019,3289 3036,3271 3116,3293 3138,3275 3177,3285 3177,3239 2771,3245"/>
                <Baseline points="2783,3279 2808,3280 2833,3280 2859,3280 2884,3280 2910,3280 2935,3280 2960,3280 2986,3279 3011,3279 3037,3279 3062,3279 3087,3278 3113,3277 3138,3277 3164,3276"/>
                <TextEquiv>
                    <Unicode>e bäuerlichen Verhäl</Unicode>
                </TextEquiv>
            </TextLine>
            <TextLine id="r3l89" custom="readingOrder {index:88;}">
                <Coords points="2358,3289 2409,3298 2443,3288 2572,3287 2601,3299 2630,3288 2664,3293 2681,3288 2681,3249 2550,3253 2535,3243 2520,3253 2357,3255"/>
                <Baseline points="2369,3289 2394,3288 2419,3288 2444,3287 2469,3287 2494,3287 2519,3287 2544,3286 2569,3286 2594,3286 2619,3286 2644,3285 2669,3285"/>
                <TextEquiv>
                    <Unicode>Albert Langen).</Unicode>
                </TextEquiv>
            </TextLine>
            <TextLine id="r3l90" custom="readingOrder {index:89;}">
                <Coords points="3226,3322 3245,3318 3261,3327 3282,3313 3316,3323 3387,3314 3384,3273 3360,3274 3338,3283 3321,3274 3294,3276 3272,3270 3265,3278 3224,3283"/>
                <Baseline points="3238,3314 3265,3312 3292,3310 3319,3309 3346,3307 3373,3305"/>
                <TextEquiv>
                    <Unicode>ichte von</Unicode>
                </TextEquiv>
            </TextLine>
            <TextLine id="r3l91" custom="readingOrder {index:90;}">
                <Coords points="2360,3326 3136,3325 3135,3286 3037,3273 2724,3298 2359,3289"/>
                <Baseline points="2371,3328 2408,3328 2446,3327 2483,3327 2521,3326 2559,3324 2596,3324 2634,3323 2672,3322 2709,3320 2747,3320 2785,3319 2822,3318 2860,3318 2898,3317 2935,3317 2973,3317 3011,3317 3048,3317 3086,3317 3124,3318"/>
                <TextEquiv>
                    <Unicode>rend des Krieges — und vor allem die „</Unicode>
                </TextEquiv>
            </TextLine>
            <TextLine id="r3l92" custom="readingOrder {index:91;}">
                <Coords points="3324,3362 3344,3359 3346,3356 3365,3354 3360,3318 3348,3319 3345,3317 3340,3318 3338,3316 3333,3316 3331,3319 3319,3321"/>
                <Baseline points="3335,3349 3351,3347"/>
                <TextEquiv>
                    <Unicode>ge</Unicode>
                </TextEquiv>
            </TextLine>
            <TextLine id="r3l93" custom="readingOrder {index:92;}">
                <Coords points="2362,3371 2540,3377 2610,3349 2635,3371 3026,3352 3155,3374 3167,3317 2361,3327"/>
                <Baseline points="2375,3368 2414,3367 2453,3367 2492,3366 2531,3365 2570,3364 2609,3363 2648,3363 2687,3361 2726,3360 2765,3359 2804,3359 2843,3358 2882,3357 2921,3356 2960,3356 2999,3356 3038,3355 3077,3356 3116,3356 3156,3356"/>
                <TextEquiv>
                    <Unicode>der Butter“ von der wir alle ein Liedche</Unicode>
                </TextEquiv>
            </TextLine>
            <TextLine id="r3l94" custom="readingOrder {index:93;}">
                <Coords points="3258,3392 3280,3393 3285,3398 3287,3395 3295,3400 3307,3397 3314,3404 3331,3403 3329,3357 3315,3357 3308,3365 3295,3356 3256,3355"/>
                <Baseline points="3271,3393 3319,3391"/>
                <TextEquiv>
                    <Unicode>or 1</Unicode>
                </TextEquiv>
            </TextLine>
            <TextLine id="r3l95" custom="readingOrder {index:94;}">
                <Coords points="2351,3400 3117,3405 3229,3396 3229,3361 2350,3361"/>
                <Baseline points="2363,3405 2405,3404 2448,3404 2491,3403 2533,3402 2576,3402 2619,3401 2661,3400 2704,3399 2747,3398 2790,3397 2832,3396 2875,3396 2918,3395 2960,3395 3003,3394 3046,3393 3088,3393 3131,3393 3174,3393 3217,3393"/>
                <TextEquiv>
                    <Unicode>wissen — ist hier mit löstlich trockenem Hur</Unicode>
                </TextEquiv>
            </TextLine>
            <TextLine id="r3l96" custom="readingOrder {index:95;}">
                <Coords points="2362,3449 3267,3431 3266,3397 3144,3389 2361,3412"/>
                <Baseline points="2373,3445 2417,3444 2461,3442 2505,3440 2549,3439 2593,3438 2637,3438 2681,3437 2725,3436 2769,3436 2814,3436 2858,3435 2902,3435 2946,3434 2990,3434 3034,3434 3078,3433 3122,3432 3166,3431 3210,3430 3255,3429"/>
                <TextEquiv>
                    <Unicode>offenbarer Sachkenntnis erzählt, sodaß selbst w</Unicode>
                </TextEquiv>
            </TextLine>
            <TextLine id="r3l97" custom="readingOrder {index:96;}">
                <Coords points="2359,3499 3164,3477 3164,3438 2359,3453"/>
                <Baseline points="2371,3485 2410,3483 2449,3482 2488,3481 2527,3479 2566,3479 2605,3478 2644,3478 2683,3477 2722,3477 2761,3477 2800,3476 2839,3476 2878,3476 2917,3475 2956,3475 2995,3474 3034,3473 3073,3472 3112,3471 3151,3469"/>
                <TextEquiv>
                    <Unicode>Leidtragenden in den Städten, es am En</Unicode>
                </TextEquiv>
            </TextLine>
            <TextLine id="r3l98" custom="readingOrder {index:97;}">
                <Coords points="2360,3542 2603,3514 2893,3523 2956,3500 3139,3537 3138,3478 3109,3469 2360,3486"/>
                <Baseline points="2373,3521 2410,3521 2448,3521 2485,3521 2523,3520 2561,3520 2598,3519 2636,3519 2674,3518 2711,3518 2749,3517 2787,3517 2824,3516 2862,3516 2900,3515 2937,3515 2975,3514 3013,3514 3050,3513 3088,3513 3126,3513"/>
                <TextEquiv>
                    <Unicode>weshalb es der Kornbäuerin trotz ihr</Unicode>
                </TextEquiv>
            </TextLine>
            <TextLine id="r3l99" custom="readingOrder {index:98;}">
                <Coords points="2376,3568 2844,3583 3067,3561 3065,3507 2988,3517 2965,3498 2893,3523 2375,3532"/>
                <Baseline points="2388,3562 2421,3561 2454,3560 2487,3560 2521,3559 2554,3559 2587,3559 2621,3559 2654,3558 2687,3558 2721,3557 2754,3557 2787,3556 2820,3555 2854,3553 2887,3552 2920,3549 2954,3546 2987,3543 3020,3539 3054,3535"/>
                <TextEquiv>
                    <Unicode>und all ihres ehrlich guten Willens</Unicode>
                </TextEquiv>
            </TextLine>
            <TextLine id="r3l100" custom="readingOrder {index:99;}">
                <Coords points="2364,3646 2448,3623 2534,3630 2580,3603 2708,3591 2704,3550 2582,3569 2537,3559 2484,3571 2456,3561 2440,3573 2388,3565 2358,3585"/>
                <Baseline points="2373,3609 2399,3608 2426,3607 2453,3606 2480,3604 2507,3602 2534,3600 2560,3597 2587,3594 2614,3591 2641,3587 2668,3582 2695,3577"/>
                <TextEquiv>
                    <Unicode>ihrer Abliefern“</Unicode>
                </TextEquiv>
            </TextLine>
            <TextEquiv>
                <Unicode>10 09fl 137
Crämkiscner Bauriat. Kurnanrt
Neue Bücher.
Epische Dichtungen.
Korfiz Holm erzählt in „Herzist Trumpf“
(München, Albert Langen) eine Malergeschichte, deren
Handlung in herkömmlichen Bahnen schreitet, aber
vom Odem einer schönen Verinnerlichung, schalkhaften
Liebenswürdigkeit und einer warmen Liebe für das
Menschliche durchweht ist. Korfiz Holm gehört nach¬
sgerade zu unseren feinsten Erzählern. Stark und
nachhaltig fesselt Hugo Balls impressionistische
###rihweise, Sein „Flametti“ (Berlin, Erich
Reiß) ist ein köstlicher Ausschnitt aus dem Leben des
Artistenvölkchens, grell, aber nicht unschön beleuchtet,
Zwei
prickelnd von Leben und Anschaulichkeit.
Novellen, voll warmerSchlichtheit und feinster Psycho= K
logie, enthält das Bändchen „Wandlungen und
Irrungen“ von Kurt Isemann. Es ist in der
Fischerschen Romanbibliothek erschienen. Sein echter
Hans
Gehalt wird ihm viel Freunde werben.
Raithel, der Schilderer oberfränkischen Bauern¬
tums, ist leider in seiner Heimat noch immer viel zu
wenig bekannt. Seine neueste Geschichte „Männer¬
treu“ (München, Albe.: Langen) zeigt seine Vor¬
züge wieder in hellstem Licht. Die fast svartanische
Einfachheit seines Stils paßt prächtig für die ge¬
schilderten Bauernverhältnisse wenn man auch hin;
und wieder ein leuchtendes Dichterwort für Natur und
Landschaft vermißt. — Raitbels wahres Gegenteil ist
Max Jungnicel, dessen „Jakob Heide¬
der junge Franz Schneider Verlag (Berlin¬
bucke
Schöneberg) in schönster Form herausbrachte.
liegt viel „Taugenichts"=Romantik in dem Werkchen,
dessen lyrische Süßigkeit nach Art Sohnreys und
Bonsels mitunter etwas widerstehen könnte, wenn
ihr nicht prächtig naturalistische Züge untermengt
Dem
wären. Jungnickel ist ein echter Dichter.
feinen, differenzierten Artur Schnitzler mußte
er¬
von vornherein ein Case
zählt in „Casanovas Heimfahrt“ (Berlin, S.
Fischer) das letzte Abenteuer des altgewordenen und
heruntergekommenen Liebeskünstlers, bevor er in der
Vaterstadt Venedig als Svion für seine letzten
er trifft den Tot
Lebensjahre unterkriecht. Schn
verhaltener Sinnlichkeit vollkommen. Er kleidet das
glänzend erzählte Abenteuer in das Milieu einer
18. Jahrhunderts, an dem auch
ländlichen Idylle d
Freude
der kulturhistorisch genießende Leser
lers kunsthistorischer
K
haben kann.
Deut¬
Berli
ina“
Roman „Sachsen
hie
ie Le
handelt
sches Verlagshaus
orzellans. Die bei
Böttchers, des C
in¬
das Buc
stalten
gefügten Abbildun
brung kan
rische Ausf
struktiv, und auch
lich fr.
wert ist die kös
en
man gelten lasse
langatmige „Geschichte
nur hie und da e
München
zeter Michel
von der Butt
nisse w
e bäuerlichen Verhäl
Albert Langen).
ichte von
rend des Krieges — und vor allem die „
ge
der Butter“ von der wir alle ein Liedche
or 1
wissen — ist hier mit löstlich trockenem Hur
offenbarer Sachkenntnis erzählt, sodaß selbst w
Leidtragenden in den Städten, es am En
weshalb es der Kornbäuerin trotz ihr
und all ihres ehrlich guten Willens
ihrer Abliefern“</Unicode>
            </TextEquiv>
        </TextRegion>
    </Page>
</PcGts>
