3436 4320
249 204 1372 277 30. Casanovas Heimfahrt
1513 192 1964 299 box 4/10
464 251 1390 317 Sascheran Heauranl
1062 1137 1382 1254 zuftB 13·0
718 1244 1214 1338 Wienen- Allsemein
1275 1249 1431 1346 lung
968 1312 1162 1406 Wien.
2675 1442 2804 1515 A
2907 1442 2973 1526 6
894 1392 1300 1587 Seulein.
1679 1496 3348 1582 ihm ein Leben funkelnd von Glanz, Bravour, Laune Tempo bannen zu können gle
1674 1517 3319 1624 und von prachtvoll iungem Mangel an jedem Bedenken. Manns „Untertan“
858 1578 1309 1683 Zeit-Bücher.
1669 1579 3354 1686 Und vor ihm die große Ungewißheit, in die auch die verlegen Epikers der Zeit. di
1674 1631 2909 1724 lächelnden Minister Ludwigs XVI. zu blicken gewohnt waren.
2891 1661 3356 1732 sind die Menschen
542 1653 1698 1746 Schnitzlers Casanova*) umstrahlt Anmut des Herbstes.
1677 1685 2909 1768 Erfolge ohne Gewinn. Lust ohne Frucht. Und nicht minder:
2893 1708 3356 1787 Paradigmata und g
455 1707 1691 1792 Die schürfen dünne Luft und blasse Sonne
1684 1735 3354 1831 Großartigkeit ohne Größe! Da sind Jahre einer Lebens= Mann, Erzähler von
453 1756 3348 1820 spiegeln, umschließen, dem Hintergrund früher Florentiner jkunst, satt und sprühend von jeglicher Trunkenheit des Da= von einer Wahrhafti
457 1797 3361 1932 gleich, die feine und malitiöse Gestalt, an der, wie selten sonst, seins, bewunderte und vergebens von weniger gewandten listisch, wie die Im
453 1851 2896 1962 mit so filigraner Sorgfalt zugleich Wehmut und Ironie Temperamenten nachgeahmte Tage, schwankend, fast unter
2889 1894 3351 1977 Maler, versucht und
454 1898 2895 2013 eines Dichters geformt haben. In der gepreßten Intensität, diesem ihren Ruhm — denn es ist nicht der Ruhzm der großen
2890 1954 3356 2024 schautem und in sein
456 1938 2900 2061 in der leisen und dennoch aus dem Adagio ihrer Träumerei Herzen und der großen Werke, es ist das gleißende Prestige
2894 1997 3345 2075 Hasses und völlig an
450 2000 2902 2112 niemals in Kraftlosigkeit und Unbestimmtheit abgleitenden des nackten Erfolges, des Erfolges an sich, der „Wirkung ohne
2895 2041 3346 2123 sches Gebilde dessen,
439 2036 2897 2153 Melodik dieser Stimmung hebt sich die Vision eines Zeit= Ursache“ also nach dem berühmten und wesentlichen Wort
2887 2098 3349 2170 nicht bloß auf der
439 2091 1692 2170 alters, psychologisch und malerisch mit einer einzigen Wen¬
1671 2125 2899 2208 Richard Wagners: des Effekts. Selten ist mit solcher Wucht
2885 2141 3351 2214 hieß: oder „Kaiseris
440 2139 1686 2232 dung gewertet: Rokoko! Dessen täuschendes Gleichgewicht,
1676 2174 3358 2261 und Deutlichkeit an einem typischen und ausstrohlendem Bei= ästelungen, Volksseel
437 2175 1683 2268 deisen Routine zärtlichen Lebensspiels, lässigen und liebens¬
1679 2218 3347 2313 spiel dargelegt worden, wie jene Zeit abseits vom Mensch= Einwand, Mann schil
446 2235 3343 2350 würdigen Verkleinerns der Dinge hier von einer wunderbar llichen glücklich und heiter zu werden suchte, wie sie statt nach ldie Kehrseite von
435 2286 3352 2413 dahingepeitschten Lebendigkeit gleichsam durchbrochen und Werten nach Bravouren jagte, wie sie unglücklich sein mußte bürger, ist nicht stich
432 2327 2895 2449 doch wieder erst in ihrem innersten Wesen besiegelt scheinen. und im Innersten stets von der Melancholie tiefsten Mangels
2881 2380 3351 2455 letzten Seite gibt es
435 2380 2889 2494 Die offizielle Fassade einer Kultur ist wohl immer nur an Befriedigung verfolgt, gerade eben deswegen — denn
2878 2432 3348 2498 und desselben Vorur
430 2431 3338 2543 Maske. So ist das heiter lächelnde, das ewig blaue Hellenen= vom besseren Teil ihres scharfen und unruhigen Geistes her Einsicht haben, daß
442 2479 3352 2603 tum längst entlarvt und durch den Frühlingszauber girrender wuchs die Skepsis hoch, die all' solchem Glanz der Geste miß= erstaunlicher Kraft un
432 2536 3348 2591 Minnesängerzeit grinsen Qual und Roheit einer plump ins traute. Und wie schließlich ihr Zusammenbruch logisch wurde, nur eine Farbe hat,
438 2569 3353 2682 Esoterische stilisierten Begierde. Das wirkliche Rokoko nun ist jals der Bankrott einer organischen Defizitwirtschaft. Dagiftige Farbe des Haf
436 2620 2887 2731 durch den Kontraft seiner unmittelbaren Nachfolge verhüllt doch jeder Gewinn an Lust, Besitz, Ibee, von ihr sofort in die
2879 2669 3348 2745 Hellseher im Dichter
436 2678 2888 2778 geblieben. Sehnsucht, zu ihm zurückschweifend, erhob in ihm Luft gepufft, im Handumdrehen um einen blendenden Augen¬
2875 2707 3352 2790 um wirkender Zeit, v#
428 2722 2884 2833 das Ideal freundlichen Gegensatzes zur Realität. Das Augesblick getauscht wurde. Hier, im Rahmen dieser kostbar ein¬
2878 2756 3351 2843 räusch der Gegenwar
435 2776 2872 2878 des Dichters freilich, scharfsichtiger und skeptischer als die lfachen und lyrisch durchtönten Erzählung, ist dies wunder¬
2877 2814 3354 2890 der Vergangenheit lie
429 2820 2876 2920 rubrizierte Gutgläubigkeit des Fachmenschen, durchdringt lich hellseherisch ausgebreitet: Luxus als Schicksals=Attribut
2872 2861 3345 2935 leicht. Auffällig aber
423 2864 2881 2969 Meinungen und Neigungen. Gewohnt, Empfindungen nach= einer Epoche; Menschheit, die irrend in Vergnügungen und
2871 2903 3347 2983 daß bei solcher Schild
425 2910 1671 2987 zuforschen, wo immer und wie immer Verstellung herrscht
1657 2941 2878 3026 Rekords biegsamer Konventionen schon vergebens nach sich
2870 2960 3350 3035 Schilderer selbst so d
436 2969 2888 3079 und Verklärung, geübt im Mißtrauen gegen das schöne Wort selbst tastet. Tragisches Rokoko — tragisch nicht von außen¬
2865 3015 3342 3081 parteiisch, wenn dies
422 3001 3346 3129 und die treffenne Formel, legt es leicht Gefühl und Drang her, weil es Duell und Liebesleid absetzt, weil Tod und einem, der Welt= und
427 3048 3351 3181 der Zeiten frei. So erscheint ihm hier, absonderlich und senti= Tränen die ironisch bewegte und begutachtete Flut der anschauungen meint.
415 3106 3353 3235 mental fast, aber in der Gemessenheit und kaustischen Be= Handlung gruselig würzen. Tragisch vielmehr in Idee und Aus dem Lebensge
422 3164 3302 3275 sonnenheit einer Epoche, die Zeitalter Voltaires war und Vision. In der Spiegelung und Perzeption des Milieus, Krieg wird hier
418 3212 2869 3315 seines verbissen=eleganten Witzes, Schönheit von seltsam die in der Gestalt des „alternden Abenteurers“ mesquin und
2871 3249 3344 3322 los freigelegt, der
424 3263 3340 3365 abendlichem Schattendunkel, von müde und überreif glühen=mit unheimlich flimmernder Realistik Bild und Form werden. geschaufelt war, um die
424 3303 1663 3387 der Romantik des Genusses und auch des — Gewissens. Der
2846 3334 3344 3426 des Hasses der große
414 3351 1671 3448 alternde Casanova, er ist ein Abbild dieser seiner Welt: Hinter
2853 3387 3351 3475 halb skurrile, halb nc
1743 3399 2855 3480 Um vier Jahre verspätet — Dank dem Walten und
427 3424 3342 3573 .* „Casanovas Heinfahrt“, bei S. Fischer, Berlin. a# (Wirken einer Zensur, die den Geist im gedruckten Wort. * Bei Kurt Wolf
