3436 4224
259 3220 342 3302 8
524 160 1431 226 Casanovas Heimfahrt
306 158 509 245 30.
1566 162 2013 253 box 4/10
486 181 1438 260 Sasanstas Heimfahrt
2822 1110 3145 1248 C
2437 1061 2599 1253 #
361 1197 970 1302 Du 23 JILLET 1930
2906 1254 2997 1329 5
371 1282 3150 1340 vie, celui qui subit ce joug aurait millel dérer l'homme comme doué d’une pleine li-yde la guerre, à qui M. Francis Doré a dedie
377 1324 1309 1397 moyens dy échapper; dans le cas particulier,
1300 1346 2221 1415 berté et d’une entière conscience, soient en¬
2211 1374 3159 1432 son livre, accordera certainement à celui-ci
376 1358 1317 1432 il ne le peut pas, pour la raison que nous
1302 1388 2212 1452 core obligés de tenir comnpte de tels phéncmé¬
2220 1410 2709 1464 Tattention qull mérite.
365 1399 1313 1465 avons indiquée. II passe donc par des alter¬
1307 1431 2217 1491 nes!) Mais les peychologues ont le droit de
2238 1428 3145 1506 Notre excellent confrère, M. Marcel Rosset,
363 1444 1311 1508 natives de soumission intellectuelle, que lami¬
1299 1469 2206 1524 s’enquérir de ce qu'ignorent les conventions
2218 1468 3166 1552 actuellement à Paris, a écrit, sous le titre s La
369 1471 1300 1547 tié lui fait accepter, puis de révolte, lorsque
1304 1503 2212 1570 sur lesquelles repose — et mémne dort et
2210 1517 3158 1580 proie des femmes ), un roman fort plaisant,
349 1497 1311 1589 se réveille en lui le goüt de la liberté, l’ins¬
1302 1535 1880 1597 méme ronfle — la société.
2210 1563 3165 1610 plein de verve gauloise et d’une observation
352 1550 1305 1622 tinct de défense de sa personnalité. L’évasion
1319 1584 2216 1642 Bien souvent, dans le roman contemporain,
2203 1594 3161 1661 ironique et justé, qui n’exclut pas les traits de
371 1591 1299 1663 étant exclue, le dénouement ne peut guère
1295 1619 2206 1678 on a l’impression que les facultés d’andyse
2218 1630 3142 1688 caricature. M. Rosset a recu le prix Courte¬
356 1611 1304 1695 etre que tragique: suicide ou meurtre. Toute¬
1293 1655 2214 1718 s’exercent aux dépens de l’action. Cest meme
2212 1672 3146 1727 line: c’est dire que ses débuts ont été, remar¬
352 1661 1299 1733 fois, le suicide impliquerait le désespoir; or
1303 1687 2209 1759 une constatation que l’on a souvent faite ici.
2209 1702 3123 1767 qués, ce dont je suis heureux de le féliciter.
359 1696 1303 1776 ce sentiment est étranger à Jean, qui aime la
1296 1725 2217 1792 Or, M. Daniel-Rops est exempt de tout repro¬
2230 1738 3144 1796 J’eusse voulu parler longuement du & Ca¬
371 1748 1299 1807 vie et qui ne se refuse pas au combat. Lau¬
1293 1761 2210 1829 che à cet égard. Ses personnages sont vivents.
2207 1785 3145 1839 sanova de M. Stefan Zweig, traduit de l'al¬
364 1777 1298 1847 teur a donc choisi le meurtre. Et la scène on
1293 1801 2217 1857 II anime jusqu'aux choses. Son style est co¬
2211 1822 3159 1879 lemand par Alzir Hella et Olivier Bournac.
369 1820 1300 1882 il le décrit — un simple croc-en-jambe, eur
1296 1839 2207 1920 loré, mais net et sohre. C’est un écrivain pour
2201 1853 3159 1911 Les biographies de M. Zweig sont toutes inté¬
355 1844 1303 1920 Lune passerelle glissante, au-dessus d’un tor¬
1287 1867 2012 1935 qui je ressens la plus vive estime.
2199 1897 3158 1958 ressantes. Celle-ci comporte une analyse trés
352 1877 1300 1977 rent, par une nuit d’ouragan, est admirable
1317 1925 2211 1978 Deux livres ont retenu un peu longuement
358 1929 754 1994 de froid réalisme.
2200 1936 3011 1997 pénétrante; elle est d’un tour original.
1284 1949 2215 2019 notre attention. C’est naturel, puisqu'il s’agit
2222 1963 3146 2026 Joignons-y, dans cette mention rapide, le
380 1968 1301 2030 Mais cet acte sauvage, explicable pourtant
1293 1994 2210 2058 de deux très beaux livres. Les lecteurs de ces
2204 1994 3149 2065 roman de M. Arthur Schnitzler. & Le retour de
352 2001 1296 2074 dans son horreur, n’est pas, en Jui-méme, le
1295 2038 2206 2094 chroniques — du moins je le suppose — ne
2202 2053 3144 2101 Casanova v. Décidémentchevalier de Sein¬
347 2041 1285 2107 but du récit. II pose simplement la question:
1291 2069 2205 2138 souhaitent pas dy trouver de simples énumé¬
1185 2087 1269 2124 61011
2210 2088 3151 2131 galt est encore un bon sujet.. — de littérature,
352 2083 1297 2152 comment cette chose a #t-elle été possible? Un
1281 2098 2209 2173 rations, et comme un catalogue des  nou¬
2200 2103 3152 2189 cela s’entend. Car c’était, au vrai, un fort
344 2117 1289 2187 homme qui n’est pas un bandit ni un fou a
1283 2152 2204 2212 veautés v. Du fait que nous devons opérer un
2200 2168 3045 2210 mauvais sujet. Et l’on garde, ici ou lA, -
344 2158 1286 2224 tué. Sa victime est un ami, avec qui il vivait
1290 2180 2197 2240 choix, il ne s’ensuit nullement d’ailleurs que
2209 2199 3167 2257 Genéve, en particulier, — un vif souvenir de
340 2181 1289 2261 apparemment en bonne harmonie, II ne se re¬
1284 2214 2198 2282 nous mesurions par un savant dosage, selon
2203 2226 2588 2298 ses déportements.
341 2233 1283 2299 connaft pas Jui-méme dans son geste criminel.
1279 2256 2206 2308 la valeur que nous attribuons aux divers ou¬
2750 2256 3118 2340 Léon SAVARY.
348 2267 1291 2341 Et pourtant il J'a voulu. II a eu ce qu'il fai¬
1279 2303 2206 2356 vrages, la place que nous leur accordons. Lais¬
349 2316 1283 2385 sait. Mais, le faisant, il a agi comme si un
1279 2329 2210 2393 sons sa part au basard, voire fantaisie.
352 2339 771 2410 autre le poussait.
1272 2372 2210 2441 L’un et l’autre ne travaillent pa mal qu'on
387 2384 1285 2452 Quel autre? Justement, cet hôte inconnu
1281 2408 1430 2457 croit.
354 2417 1296 2490 qui habite notre ame à de certaines heures,
1317 2437 2204 2504 Ainsi le petit livre de M. Francis Doré e Al¬
348 2461 1285 2525 et qui nous est si étranger que parfois il nous
2193 2445 3165 2514 AVIs MONTCAMES
1278 2463 2209 2545 bert Londres m’a rien vun, mériterait un exa¬
349 2495 1277 2558 effraie nous-mémes.,, Je ne crois pas qu'un
1274 2495 2208 2586 men attentif. C’est une riposte à des reporta¬
346 2535 1287 2598 homme sincère, s’il repasse dans sa mémoire
1277 2553 2205 2622 ges sensationnels, qui ont fait grand bruit
2227 2510 3162 2632 Wenien Aien. Tent en 1nn Gelten en
339 2580 1280 2638 les années révolues, puisse nier l’apparition
1275 2573 2192 2660 en leur temps. M. Francis Doré, qui a appar¬
2203 2595 2533 2661 leurs familles;
350 2613 1281 2680 intermittente de ce personnage qui s’empare
1272 2629 2196 2694 tenu lui-mème à la justice militaire et qui
2220 2622 3151 2700 Les familles Cottier, Divorne et Pilet ont le
339 2644 1284 2715 brusquement du gouvernail, qui mène la bar¬
1270 2657 2197 2728 connaft les pénitenciers nord-africains, pro¬
2195 2675 3161 2745 chagrin de faire part du décès de leur cher
341 2686 1278 2742 que vers les récifs, puis qui s’enfuit en écla¬
1277 2707 2204 2758 teste contre les accusations dont les sous-of¬
2199 2711 2548 2778 frère et parent,
347 2723 1281 2790 tant de rire. C’est pour cela que certains actes
1270 2744 2198 2807 ficiers fonctionnant dans ces maisons de dé¬
342 2755 1273 2828 ressemblent si peu à ceux qui les commet¬
2244 2765 3086 2843 Monsieur Robert COTTIER
1266 2778 2208 2843 tention ont été T’objet. Sans avoir en main
341 2787 1269 2863 tent. On dit parfois: a Je n’aurais pas cru cela
1264 2810 2198 2877 tous les éléments d’information qu'il faudrait
2190 2821 3149 2910 décédé à Paris, le 16 juillet 1930, dans sa 40me
340 2836 1268 2909 de luile Mais était-ce bien aluis? Ou était-ce
1268 2856 2195 2916 pour émettre une opinion, et sans vouloir
344 2869 629 2927 d’ gautren?
2200 2873 2355 2933 année.
1255 2886 2207 2952 donc me prononcer, j'ai du moins l’impres¬
2232 2907 3136 2987 L’incinération a eu lieu dimanche 20 juillet,
355 2907 1265 2978 Que l’on entende bien qu'il n’est point ques¬
1270 2930 2198 2992 sion que M. Francis Doré est parfaitement
2191 2942 2388 3003 à Paris.
336 2946 1270 3008 tion, en soulevant ce problème, de chercher
2951 2961 3148 3011 9394 X
1268 2967 2195 3031 sincère. Les feits qu'il cite abondamment ont
342 2988 1263 3049 des excuses. Jean ne s’excuse pas davoir jeté
1259 3002 2197 3070 leur éloquence. Et il faut convenir qu'un re¬
335 3032 1262 3092 Ralph dans la rivière. La responsabilité so¬
2215 3049 3143 3087 Les familles Davidson, Jeannin, Bernard,
1258 3043 2189 3104 porter, qui ne voit en général que ce qu’on
330 3069 2192 3146 ciale, juridique de chaque individu reste en-lui montre et qui souvent n’entend qulun son
2190 3082 3142 3132 Pelt et les familles alliées ont la douleur de
336 3099 1275 3166 tière. II serait téméraire sans doute d’affir¬
2194 3116 3139 3176 faire part de la perte cruelle qu’elles viennent
1261 3114 2192 3181 de cloche, peut, avec une entière bonne foi,
327 3123 1266 3201 mer mäme que sa responsahilité morale en
2187 3153 2796 3216 d’éprouver en la personne de
1256 3152 2201 3209 être induit en erreur. Comme des sanctions
330 3184 1265 3236 est modifiée. (Voyez-vous que les juges, qui
1260 3193 2198 3256 ont été prises contre certains militaires, à la
2225 3205 3070 3292 Madame veuve Adolphe DAVDSON
324 3210 1262 3281 ont déjà tant de peine à se tirer d’embarnas
1262 3230 2200 3299 suite de l’enquéte d’Albert Londres, Iuffaire
323 3258 2191 3351 alors qu'ile considèrent ou feignent de consi-In’est pas dénuée d’importance, et de ministre
2193 3269 3124 3353 leur sceur, belle-sceur, tante et grand'tante, dé¬
2187 3305 2765 3376 cédée dans sa 64me année.
2212 3342 3126 3402 L’inhumation aura lieu le 23 juillet 1930 à
2266 3382 3078 3466 enres ou cimetière de Troinelient pris
663 3351 2754 3529 W Wrien-1 nunt dans les Pares on zur iez Plages. On Si- grisvement hisssder: aiten unt
1998 3376 3064 3515 Wwe 1.J2. IR26 J6ünes filles dont eing ont ete
2931 3481 3061 3536 n824
