3436 4320
468 167 1348 233 asanovas Heimfahrt
236 159 1358 276 30   e een ee enene
836 571 1354 667 14 CANUAK 1919
961 645 1158 697 ond-1e No##
749 649 1376 739 Börson- & Lanaten rstung, Berlin
748 799 1287 893 Neue Literatur.
531 861 1514 960 * Arthur Schnitzler: Casanovas Heimfahrt. Er¬
534 912 1541 971 Ahlung—-Prsrfer, verlag, Derlin.) Geheftet
540 958 1520 1013 50 Mark, gebunden 6,50 Mark. — Man kann über
522 1008 1523 1063 die Notwendigkeit, ein solches Buch zu schreiben,
513 1035 1526 1090 yers hiedener Ansicht sein. Auch ob Arthur Schnitz¬
513 1081 1534 1127 ser von innen heraus den Drang fühlte, Casanovas
511 1116 1535 1172 Heimfährt in den schweren Stunden des Weltkrieges
501 1156 1526 1211 zu schreiben, darf bezweifelt werden. Aber der Reiz,
508 1208 1536 1258 diesen bodenlosen Lüsterling als Graukopf sein un¬
513 1234 1531 1294 ruhiges Leben fortsetzen zu lassen, steckte in Schnitz¬
511 1281 1542 1323 ler sicher schon früher und es bleibt zu bewundern,
514 1313 1546 1368 daß er in den stürmischen welterschütternden Jahren
528 1352 1529 1413 seinen Willen in die Ruhe seiner Studierstube zwin¬
523 1388 1540 1453 gen, seinen Geist auf dieses Thema konzentrieren
525 1439 1539 1493 konnte. In wie glänzender Weise Schnitzler sein
515 1474 1533 1526 Problem löste, welcne Kühnheit der Gedanken, welche
521 1523 1533 1565 Treft #keit des Ausdrucks, welche sprühende Er¬
531 1548 1541 1615 findungskunst aus Casanovas Heimfahrt leuchtet,
519 1595 1527 1642 fühlt der Leser mit Vergnügen. In der geistvollen,
521 1637 1539 1687 feinen, mitunter.-sogar anmutigen und poetischen
533 1669 1540 1739 Sprache Schnitzler’s géwinnt die Schilderung des
543 1714 1536 1766 Aufflackerns einer zügellosen Sinnlichkeit, die vor
532 1748 1544 1805 schamloser widriger Erpressung, vor entehrenden
539 1786 1546 1841 Handlungen, ja selbst vor Mord nicht zurückscheut,
538 1820 1556 1889 an Aufnahmefähigkeit. Schnitzler führt uns nicht den
540 1862 1545 1934 glänzenden, sondern den ramponierten Mann von
539 1913 1549 1969 53 Jahren vor, der die Welt nicht mehr in seine
544 1953 1547 1996 elegante, freche Hand zu zwingen vermag und unter¬
539 1983 1550 2045 kriechen, in seiner geliebten Heimatstadt Venedig
540 2018 1559 2080 nach dem langen Exil in Gnaden aufgenommen und
547 2063 1554 2131 heimisch werden möchte. Und nun noch einmal und
542 2106 1538 2160 bevor sich sein Wunsch, kläglicher und demütigen¬
546 2143 1555 2195 der, als er gehofft hatte, erfüllt, noch einmal vor
547 2184 1551 2249 Toresschluß drängt ein zufällig begegriendes Aben¬
542 2227 1550 2283 teuer alle Macht und alle Erbärmlichkeit dieses glän¬
529 2261 1557 2341 zenden, glücklichen und lügnerischen Lebens zusam¬
548 2304 1553 2355 men. Die Liebenswürdigkeit und die Kühnheit des
547 2344 1549 2402 Mannes, seinen kecken und vagen Geist, Verführung,
544 2380 1542 2441 ungeheuren Liebesbetrug, worin sich höllischer
548 2419 1563 2472 Triumph und klägliche Niederlage mischen, Duell
901 2460 1553 2521 es ist, als ob der Dichter alle
543 2473 866 2531 und Totschlag,
541 2498 1559 2569 Motive dieses Lebenslaufes in seiner Erzählung wie
551 2540 1558 2600 in einem Brennpunkt sammelte, eine meisterhafte
552 2579 1564 2635 Kunst, meisterhaft in ihrer Technik und nicht minder
547 2622 1228 2698 in der menschlichen Ueberlegenheit.
1374 2659 1437 2744 —
1032 2994 1211 3081 753.
731 3041 1496 3134 Das Littararische Ssae Berlia“
448 3161 1508 3279 einer Übergangszeit, unerbilklichet, aber auch starteneute
467 3189 1493 3322 alle anderen Denkmäler, die sie geschaffen hat.“ — Her¬
470 3234 1515 3359 mann Menkes läßt seine Besprechung von Arthur Sch#
457 3274 1504 3394 lers Novelle „Casanovas Heimkehr“ in die Worte aus¬
477 3304 1501 3438 gehn: „Mit diesem schwermütigen Ausklang schließt dieses
486 3340 1513 3491 wern en Schehiten wige und se geltonde Wer
486 3393 1508 3520 Schnitzsers, eine blendende Köstlichkeit, wie verloren in
477 3427 1508 3561 diesen Humpfen Tagen der bangen Sorge und harten Not.“
544 3468 1534 3615 Da v. Jobelti Ronan „Die Junte“ (u
1502 163 1935 240 box 4/10
1973 858 2743 965 Den Eiderarische Sche, Grn
2433 971 2715 1055 15 J4N 19%
1844 1048 2772 1129 Casanovas Heimfahrt. Novelle. Vosl Arthur Sch
1900 1091 2899 1175 ler. Berlin 1918, S. Fischer. S. 181. M.
1900 1156 2039 1208 (6.50).
1928 1192 2879 1249 Casanovas Heimfahrt und ein letztes Abenteuer mit
1832 1248 2877 1291 einer Frau in Altersdämmerung vor dem Sonnenunter¬
1832 1285 2874 1328 hang des Spitzeldienstes in Venedig ist gut erzählt. Es
1848 1318 2882 1374 ist wahr, Casanovas Charakter ist aus jener Liniengebung,
1864 1366 2880 1407 die in den „Erinnerungen“ zutage tritt, noch schärfer
1840 1386 2897 1455 in die Renaissanceschablone überführt, die, für den Menschen¬
1841 1564 2884 1640 betrachter ein wenig unglaubwürdig, doch nachgerade etwas
1831 1630 2879 1676 buchmäßig Feststehendes geworden ist; und der Charakter
1838 1655 2874 1702 der Frau, die dem Abenteurer zum Opfer fällt, scheint
1836 1693 2871 1753 völlig brüchig; aber die Handlung nimmt dennoch ihren
1828 1732 2876 1807 gesicherten Fortgang, das Interesse folgt dem Berichteten
1835 1778 2454 1826 vom ersten bis zum letzten Wort.
1923 1801 2872 1855 „Casanovas Heimfahrt“ ist sehr gut erzählt, und
1834 1856 2863 1911 gerade dies ist seltenes Lob geworden. Es ist als hätte
1836 1897 2867 1934 Schnitzler es nicht über das Herz gebracht, den immerhin
1836 1928 2872 1979 weitschichtigen Stoff zu gliedern, so machtvoll drängte
1836 1968 2877 2017 die Lust am Berichte; alles ist in lebhaft bewegtem Fluß,
1829 2006 2868 2075 als hätte der Schreibende sich selbst nicht Einhalt ge¬
1823 2056 2870 2096 bieten wollen; selbst die Sparsamkeit, mit der auf langen
1832 2100 2871 2144 Seiten nur hin und wieder ein Absatz gemacht wird,
1831 2133 2748 2177 fällt auf. Ist das alles wirklich Absicht gewesen,
1834 2171 2865 2233 der Zweck erreicht. Auch der Verwöhntere und der Abge¬
1823 2209 2668 2264 stumpfte liest mit ungewöhnlicher Spannung.
1909 2251 2866 2306 Nur den Schnitzler, an dem man Anteil nimmt und
1830 2284 2858 2346 der ein überzeugendes Bild seiner künstlerischen Persön¬
1828 2330 2858 2375 lichkeit wachrief, findet man hier nicht wieder. Sehr un¬
1827 2362 2852 2422 persönlich mutet „Casanovas Heimfahrt“ an. Wäre das
1825 2410 2867 2463 Buch ohne den Namen seines Verfassers in die Welt
1820 2452 2863 2505 hinausgeschickt worden, es wäre unmöglich gewesen, den,
1829 2488 2859 2534 der es schrieb, zu erraten. Aber selbst darüber hinaus
1819 2524 2850 2585 hat die Novelle etwas Autorloses. Man bewegt sich in
1829 2565 2858 2610 ihr in einer Welt, die gleichsam nicht geographisch orien¬
1825 2600 2861 2649 tiert ist: man geht etwa tatengemäß nach Norden und
1815 2650 2514 2690 gelangt schicksalsgemäß südwärts an.
1904 2687 2852 2747 So wird man begreifen: „Casanovas Heimkehr“ ist
1819 2724 2854 2783 die Arbeit eines Schriftstellers, der einen Dichter vertrat.
1814 2754 2859 2822 Dem Dichter Schnitzler benahm diese Zeit mit ihrem
1818 2811 2845 2862 wilden Ungestüm und ihrer naturgewollten Sinnlosigkeit
1825 2850 2860 2903 wohl den Atem; da er dennoch nicht ganz feiern wollte,
1811 2879 2856 2928 baute er sich auf „objektivem“ Boden an; und dem
1823 2919 2842 2982 Schriftsteller in sich die bürgerliche Beschäftigung der
1827 2961 2852 3033 sehr geübten Hände gönnend, sah er unberührt zu, wie
1817 2996 2415 3055 „Casanovas Heimkehr“ entstand.
1893 3041 2847 3104 Für uns nur Grund zu danken, denn diese Novelle
1821 3071 2853 3138 ist wirklich ganz ungewöhnlich gut erzählt. Es ist in
1815 3125 2860 3169 letzter Zeit aber etwas häufig vorgefallen, daß man den
1815 3166 2858 3222 Dichter Schnitzler suchte und seinen Stellvertreter fand.
1846 3201 2045 3262 Berlin
2409 3206 2819 3271 Ernst Heilborn
1810 3237 2546 3331 Cat.„ „ t
