3436 4320
985 160 1401 232 Heinfahrt
544 160 935 233 asanovas
1552 159 1991 250 box 4/11
299 162 1419 260 30 J u  . . neteeneneteneiteceene
2208 223 2429 299 bund
2149 274 2653 374 Butie, Amtung
2317 337 2591 430 6 2430
374 527 1012 604 HEMSTREET
403 593 969 658 96 WARREN STREET
441 646 931 732 NEW YORK CITT
993 706 1168 799 1930
474 759 928 839 N Y American
363 828 1449 959 The Chevalier Returns
2014 810 3212 958 BOOKS OF THE WEEK
505 973 1708 1071 In Schnitzier s Casanova
448 1042 1693 1107 REPRINTED after its none too ecstatic welcome here
2244 1036 3009 1118 By PAUL W. WHIITE
385 1113 1697 1183 twelve years ago, Arthur Schnitzler’s“ Casansva’s Home¬
2211 1124 3046 1213 United Press Staff Correspondent
385 1166 1701 1228 coming'' is out again. Simon and Schuster offer it in
379 1214 1188 1271 their dollar series of paper books.
1929 1221 2641 1291 NEW YORK, Aug. 23.—(UP)—As
1895 1280 2630 1327 though to supply another chapter to
441 1273 1707 1328 The adventure it relates—after one has plowed through
1894 1307 2619 1350 Ernest Sutherland Bates'+This Land
385 1317 1032 1374 the great amorist’s twelve glee¬
1907 1341 2627 1390 of Liberty,“ New Vork authorities
385 1371 1035 1410 ful volumes of confession—is as
1906 1383 2616 1435 have begun a fight to suppress a re¬
387 1397 1022 1453 a drop in a bucket. But per
1901 1410 2626 1465 publication of one of the truly great
384 1444 1032 1491 se, it is Schnitzler’s most bril¬
1908 1465 2624 1502 books of the century,“ Casanova's
392 1478 1028 1548 liant novel, though not his fi¬
1905 1492 2618 1545 Homecoming,“ by Arthur Schnitzler.
391 1513 523 1563 nest.
1931 1525 2620 1581 Bates’ volume, püblisht. by Har¬
418 1531 1025 1602 Casanova, spy, braggadocio,
1905 1560 2638 1619 per's, is an intemperate tirade against
385 1589 1026 1644 scholar and wanderer, comes to
1902 1599 2632 1664 what he terms the tyranny to which
380 1627 1028 1678 Italy again after a lapse of
1903 1633 2619 1691 most Americans uncomplainingly as¬
389 1664 1035 1704 vears. He is rather shabby, half
1901 1676 2625 1729 sent. He finds liberty giving away to
387 1701 1039 1754 forgotten, a legendary figure,
1908 1710 2628 1751 restriction in every fleld—in the
383 1747 1027 1785 and his exploits are known only
1900 1747 2636 1819 courts—the press the right of free#
401 1765 1039 1822 othe middie-aged; a lost Poli¬
1908 1783 2063 1855 speech.
390 1812 1033 1859 chinello, in short. The melan¬
1956 1799 2641 1867 The following chapter headings
382 1848 1041 1902 choly of his Autumn is upon
1908 1847 2642 1905 well indicate the content of the vol¬
384 1889 1032 1944 him. Waiting in this village, he
1913 1892 2636 1946 ume: Twisting the Constitution's
1213 1882 1722 1975 Times Akron 0
390 1920 1026 1978 writes to the Council in Venice,
1902 1911 2639 1974 Tail“; From the Third to the Nth
389 1952 1037 2016 to scheme for a job of some
1915 1964 2638 2001 Degree: How We Have Improved on
1199 1941 1607 2076 alis 9 4 B30.
389 1992 1038 2045 sort, and meantime falls in love
1905 2003 2097 2055 Prussia;
2125 1995 2633 2047 Intoxicated Temperance:“
1912 2042 2640 2100 Comstock Stalks“ and Education in
387 2034 1037 2087 vith the learned and beautiful
389 2074 871 2138 young niece of his host.
1891 2073 2119 2142 Bondage.“
1484 2049 1804 2142 K
413 2151 1028 2227 SCHNITZLER assumes he is
1128 2159 1293 2223 BOOKS
2473 2186 2764 2254 Journal
1125 2208 1789 2285 DAUL WHTTE writes as follows:
383 2205 1030 2278 obsessed with the terror of old
1207 2233 2119 2302 As tho to supply another chapter to Ernest
2483 2246 2796 2324 Corry Pa
393 2255 1023 2320 age, and that he yearns for one
1125 2286 2116 2331 Sutherland Bates' This Land of Liberty,“ New
385 2304 1033 2364 last glamorous affair, a farewell
1131 2329 2121 2365 Vork authorities have begun a fight to suppress a
2544 2321 2933 2412 AUG 2 51930
388 2349 1028 2412 to youth and love. Fifty-two is
1137 2365 2116 2417 re-publication of one of the truly great books of the
386 2394 1017 2446 hardly the time for so despair¬
1124 2394 2109 2469 century, Casanova's Homecoming,“ by Arthur
383 2434 1022 2493 ing a notion f“ a champion of
385 2471 1020 2530 such prowess. And history re¬
1180 2446 2108 2517 Bates volume, published by Harper's, is an in¬
2472 2446 3198 2539 This Land of Liberty' is so vicious
381 2517 1021 2568 cords the Chevalier fluttered the
1125 2500 2103 2559 temperate tirade against what he terms the tyranny
2425 2523 3186 2599 a denunciation that the cause of lib¬
384 2552 971 2607 dove-cotes when past eighty.
1130 2558 2118 2601 to which most Americans uncomplainingly assent.
2433 2574 3199 2623 eralism mignt well be injured by the
428 2572 1003 2629 With him, love making en¬
1124 2590 2115 2639 He finds liberty giving way to restriction in every
375 2628 1033 2672 gaged the profoundest energies
2434 2613 3209 2678 over-statement of which Bates is
1124 2631 2110 2694 field—in the courts—the press, the right of free#
1129 2662 1284 2722 specch.
382 2665 1027 2704 of his soul. He planned a se¬
2435 2660 3205 2733 quite possibly guilty. Still, the prose¬
393 2704 1025 2743 duction as Wagner would have
1178 2679 2113 2752 The following chapter headings well indicate the
2433 2709 3211 2784 cution against the Schnitzler bopk is
389 2735 1024 2779 composed a symphony. Nor, in
1120 2746 2107 2792 content of the volume:" Twisting the Constitution's
2438 2760 3206 2832 so illustrative of the prudery, the
382 2766 1036 2826 this purely one-sided affair with
1138 2776 2109 2835 Tail;“ From the Third to the Nth Degree:““ Höw
383 2809 1028 2862 Marcellina had he lost his elan.
2439 2794 3208 2874 chronic hysteria, against which he
1129 2814 2105 2863 We Have Improved on Prussia;“ Intoxicated Tem¬
382 2846 1035 2903 But Schnitzler assumes he had.
1133 2849 1313 2899 perance:“
1360 2856 2118 2920 Comstock Stalks“ and Education in
2433 2855 3164 2921 rails that his words gain emphasis.
1133 2884 1331 2944 Bondage.“
389 2896 1035 2932 and so. to accomplish his end,
2470 2890 3209 2961 It was in 1921 thatCasanova's
381 2924 1031 2975 he bribes the dashing lieuten¬
1196 2900 2111 2976 This Land of Liberty' is so vicious a denuncia¬
2435 2940 3199 3025 Homecoming“ was first printed in
394 2954 1029 3007 ant, her lover, to appear under
1119 2964 2115 3022 tion that the cause of liberalism might well be in¬
389 2993 1036 3055 his guise. And after that, slays
2444 2985 3216 3045 English. At that time it was hailed
1123 3000 2109 3059 jured by the over-statement of which Bates is quite
390 3039 721 3084 him in a duel.
1125 3041 2114 3085 possibly guilty. Still, the prosecution against the
2440 3034 3209 3109 into a magistrate's court and a com¬
425 3058 1044 3117 The tale is more a drama than
1124 3074 2110 3136 Schnitzler hook is so illustrative of the prudery, the
2437 3092 3195 3153 promise was reached—the then pub¬
397 3116 1034 3161 anything eise, a sad and spark¬
1133 3110 2113 3183 chronic hysteria, against which he rails that his
2442 3133 3214 3201 lisher agreeing to withdraw the book
390 3149 1032 3200 ling Viennese drama. The duel
1128 3155 1558 3204 words gain emphasis.
397 3185 1043 3228 is more beautifully done than
1165 3168 2106 3240 It was in 1921 that  Casanova's Homecoming“
2448 3165 3210 3260 as soon as he had disposed of the
402 3217 1031 3273 any since Stevenson wrote of
1137 3217 2110 3279 was first printed in English. At that time it was
2445 3233 2724 3297 #first edition.
390 3252 1035 3304 Alan Brock. And it is suffused
1132 3256 2113 3321 hailed into a magistrate's court and a compromise
2474 3260 3219 3356 Simon and Schuster now have
395 3293 1038 3346 with the obsession of age und
1124 3294 2104 3349 was reached—the then publisher agreeing to with¬
400 3324 1045 3386 the eternal encounter between
1125 3342 2109 3387 draw the book as soon as he had disposed of the
2451 3338 3209 3403 brought it out again à one of the
395 3375 1033 3423 age and youth. The symbolism
1124 3376 1399 3439 first edition.
2455 3379 3199 3446 Inner Sanctum Novels“ at a dollar.
393 3404 1031 3458 in it is that the lieutenant was
1176 3388 2109 3463 Simon and Schuster now have brought it out
2451 3435 3203 3498 If ever there were a fictional bargain
391 3440 1028 3496 Casanove himself in his Spring¬
1122 3453 2110 3497 again as one of the" Inner Sanctum Novels“ at a
402 3486 526 3535 time.
2458 3477 2676 3544 this is it.
1116 3491 2109 3549 dollar. If ever there were a fictional bargain this
2509 3510 3203 3586 Casanova’s Homecoming“' de¬
426 3535 1025 3613 WHAT dismayed straighter¬
1176 3562 2097 3618 Casarsva's Homecoming“ describes an imaginary
2453 3560 3204 3633 scribes an imaginary event in the life
1127 3606 2110 3651 event in the life of the greatest adventurer of them
401 3595 1037 3659 laced readers when the work
2442 3611 3203 3680 of the greatest allventurer of them all
1125 3642 2106 3685 all when he has reached the age of 53 and is return¬
403 3640 1041 3692 first came out was the minor
2447 3655 3221 3732 when he has reached the age of 53
1133 3673 2120 3725 ing to Venice. There occurs a hideous seduction
407 3689 1036 3728 episode in which the Chevalier
1134 3716 2102 3760 But the scene-to which the moral agents apparently
2453 3699 3213 3772 and is returning lo Venice. There
401 3730 1044 3774 prevailed over a maiden four
1124 3753 2114 3804 obpect so strenuously—is by no means glorlfied
2451 3742 3211 3821 occurs a hideous seduction hmt the
406 3757 1040 3808 decades younger than himself.
1124 3792 2105 3851 eroticism; rather it is a poignant tragedy of ad¬
406 3799 1034 3848 Schnitzler was called to account
2438 3802 3203 3866 scene—to which the moral agents ap¬
1130 3817 1469 3885 vancing old age.
400 3838 1048 3885 for that. Far harsher critics
2442 3846 3205 3911 parently object so strenuously—is by
400 3874 1041 3924 than himself have been more in¬
2448 3891 3219 3951 ino means glorified eroticism; rather
401 3906 1050 3955 dulgent to Casanova, who micht
399 3948 1044 4007 have been a monster, but who
2448 3938 3213 4018 sit is a poignant tragedy of advancing
395 3975 965 4049 was certainly no Bluebeard.
2440 3992 2660 4069 old age.
