3436 4320
234 160 1360 235 30. Casanovas Heinfahrt
442 207 1366 272 Su    . I CA
390 1105 1016 1179 deutlch geung zumge nite Drne¬
373 1211 1544 1283 fassen, stirbt unversehens bei einem Versehgang, und der
377 1267 1531 1319 Geheimniskrämer, hmter dem ebenfalls ein Leben voller
371 1300 1541 1368 Enttäuschungen liegt — vorzeitig hat er, von gelehrten
377 1347 1540 1408 Studien fort, bei einem armseligen und verachteten Handel
377 1405 1547 1462 kargen Gewinn suchen müssen — gerät durch einen Zufall
364 1460 1536 1512 in den Besitz des Tagebuches, das der verstorbene Priester
369 1499 1539 1558 bis zum letzten Augenblicke ebenso gewissenhaft wie an¬
363 1552 1534 1614 schaulich geführt hat. Mit einemmal wird so der Geheimnis¬
369 1596 1531 1658 krämer zum Herrn über die Beichtgeheimnisse der ganzen
367 1644 1527 1696 Stadt, das heißt zum Herrn über alle die Menschen, die bis¬
374 1696 1525 1757 her hochmütig auf ihn, den armen Krämer, herabgeblickt
370 1729 1533 1802 haben, zum Herrn auch über die schöne Isabella, die Tochter
362 1781 1527 1851 des Makkaronifabrikanten Riccoboni, die er einst liebte und
364 1829 1529 1898 dessen schuldhaften Lebenswandel der arme Antonio Baghetti
359 1869 1526 1939 nun selbst voll Eifersucht und Haß aus dem geheimnisvollen
356 1922 859 1995 Tagebuch erfahren muß.
456 1991 1527 2073 Den Aufstieg des Geheimniskrämers, seine Menschen¬
357 2035 1521 2114 verachtung, seinen Triumph und seinen jähen Absturz, der
370 2107 1526 2163 nicht ausbleiben kann, erzählt uns Raoul Auernheimer in
363 2144 1513 2211 seiner amüssanten und ironischen Art, die kleine künstlerisch
351 2186 1521 2244 erfäßte Züge des Lebens mit liebevoller Hingabe zu einem
366 2225 1513 2308 Ganzen ordnet. Ein ungewöhnlich glücklicher Einfall bot sich
351 2277 1511 2338 hier, der je nach der Art und Kraft des Dichters, dem er be¬
348 2318 1513 2394 gegnete, auf die verschiedenste Weise gestaltet und gelöst
356 2375 1513 2426 werden konnte. Auf die Verwandtschaft des Geheimnis¬
355 2417 1512 2478 krämers mit dem Studenten von Alcala, dem der hinkende
351 2463 1508 2540 Teufel von Le Sage die geheimnisvolle Gabe verlieh, durch
352 2516 1512 2570 Dächer und Mauern zu blicken, weist der Autor selbst hin.
349 2567 1517 2630 Der Geheimniskrämer mit seinem Wissen um die Dinge und
348 2594 1513 2674 seiner Menschenverachtung könnte eine Figur von
359 2645 1508 2712 E. T. A. Hoffmann sein und dann ganz ins Unheimliche
340 2702 1516 2756 wachsen, oder von Anatole France und dann überlegen
350 2739 1511 2813 lächelnd, jenseits von Gut und Böse stehen, oder von Gun de
350 2781 1549 2869 B#passam und dann ganz scharf in seinen Umnissen, hart!
1489 155 1941 250 box 4/10
2739 1155 3130 1252 0e. —..—
2730 1209 3309 1298 Verhandlungen werden in
1548 1229 2708 1304 und bitter sein. Raoul Auernheimer erfaßt den Einfall von
2736 1279 3307 1340 Sprache geführt. Auf der T
1560 1275 2712 1356 der köstlichen Besonderheit des Geschehens her; ihm sind alle
2728 1327 3303 1396 klärung der Unabhängi
1563 1324 2710 1403 Straßen der kleinen Stadt Fondo freundlich bevölkert.
2721 1372 3273 1436 kanischen Staatsform
1552 1371 2708 1449 Zeichnerisch geht er zu Werke, sich selbst und uns an der ver¬
2727 1416 3298 1479 Nationen der Welt, das Re
1561 1430 2712 1493 gnüglichen Verwirrung ergötzend, in die ein kleines Gemein¬
2725 1465 3314 1542 Kammer, die Wahl des Pr.
1552 1472 2701 1542 wesen durch das Aufblättern seiner sorgsam gehüteten Ge¬
2732 1520 3286 1592 und der Delegierten
1550 1513 2710 1573 heimnisse gerät. Einmal wird in der Erzählung der Aus¬
2725 1558 3012 1634 kongreß.
1550 1566 2712 1643 druck gebraucht „Una commedia della vita“ und damit ist ihr
2793 1606 3270 1685 Von den 74 für das
1556 1604 2714 1674 eigener Organismus selbst am glücklichsten erklärt. Eine
1551 1662 2710 1726 kleine Komödie des Lebens rollt vor uns ab, witzig und ein
2728 1656 3306 1721 wählten Sinn Feinern
1548 1701 2710 1784 wenig boshaft und doch ungemein liebenswürdig zugleich.
2716 1714 3305 1771 lischen Gefängnisse
1545 1753 2703 1829 Dabei finden wir hier die novellistische Erzählungskunst
2715 1750 3299 1826 Amerika geflüchtet, von
1546 1798 2707 1876 Raoul Auernheimers in schöner Steigerung bis zum kleinen
2722 1807 3307 1871 sandter der irischen Re
1540 1836 2707 1914 Roman geweitet, ein Stück österreichischer Geschichte ist in
2723 1848 3309 1924 sammlung wird die sofortige
1546 1883 2704 1965 die Handlung verwoben. Mit der österreichischen Herrschaft
2718 1897 3301 1975 irischen Deputierten fordern
1553 1931 2708 2025 in Venetien stürzt auch die Macht des Geheimniskrämers
2720 1942 3319 2011 Sinn Feiner Valera, der
1544 1982 1609 2034 in
1613 1992 2682 2066 sich zusammen. Eines Tages bleibt sein Laden ge¬
2714 1995 3309 2063 Ministerpräsidenten
1549 2024 2694 2127 schlossen, er selbst ist plötzlich verschwunden, auch sein eigenes
2713 2042 3314 2109 wählt werden wird. Die zu
1536 2079 2249 2157 Leben endigt in einem Geheimms.
2705 2083 3313 2161 Regiening wird als erste ihre
1622 2135 2696 2214 Aber noch eines bleibt anzumerken: es ist kein Zufall,
2716 2143 3303 2205 englischen Regierung die Zu
1535 2171 2699 2250 daß so viele dieser neuen Erzahlungen wie auf heimliches
2711 2185 3294 2258 lischen Truppen aus Irland
1541 2229 2699 2308 Einverständnis hin in Italien spielen oder doch auf dem
2820 2233 3310 2327 Vermittlungsversuch
1526 2261 2699 2346 Wege nach Italien — gestern noch Feindesland. Die sehn¬
2784 2297 3301 2375 Ueber die Haltung der e#
1529 2322 2699 2396 süchtige Frage Mignons: „Kennst du das Land?" und
2715 2350 3310 2426 gegenüber der Lewegung verl
1540 2372 2701 2440 der heiße Atem ihrer Antwort, „dahin, dahin . . .“, sind stets
2705 2403 3313 2470 sie abwartend sein wird
1537 2410 2701 2488 in der deutschen Erzählung heimisch gewesen und haben sich
2713 2441 3226 2516 sich mit Reden begnügen.
1531 2472 2690 2543 aus ihr durch alles blutige Geschehen nicht verbannen rassen.
2777 2497 3245 2568 Der neue Vizekönig fü
1534 2514 2697 2591 Es spricht für die österreichischen Dichter, daß ihre Kunst im
2706 2543 3283 2617 vorgestern in Dublin einget
1530 2555 2699 2638 Lärmen der Kanonen, den blauen Himmel da unten beines¬
2707 2593 3235 2660 handlung die Aufhebung
1531 2618 2686 2682 wegs als verbotenes Gebiet betrachten lernte. Nun sind ihre
2704 2643 3297 2708 beschränkenden Dekrete verfüg
1534 2651 2691 2726 Bücher uns erster Ausblick und erste Fahrt, Traumreise in
2714 2679 3299 2748 fach Unterredungen mit he
1528 2691 2684 2775 die Vergangenheit, da wir in der Gegenwart — so fuicht¬
2706 2735 3301 2801 Sinn Feiner. Mau glaubt
1535 2745 2510 2827 bar abgeschlossen — noch der neuen Brücken harren.
2704 2793 3297 2853 vernehmen mit Lloyd=George
2207 2815 3222 2925 Baul Zifferen 1Verständigung mit
