3392 4256
1432 88 2116 182 NCASAHOVATS MONECOZH NGN
1533 184 2063 292 AGAIN VINDTCAEED
1382 395 2238 521 FIHAL VICTCRT FOR PUELISTEERS
1138 636 2647 724 Sumner Loses Casc Against Arthur Schnitzler's Novel
1053 693 2719 779 Grand Jury Refuses 7o Indict Book Attucked By Vice Society
1058 890 2762 979 The renewed ccmplaint of John S. Sunner, chief agent of The
787 951 2871 1053 New Tork Society for the Suppression of Vice, against Arthur Schnitzler's
783 1037 2720 1091 novel, Casonovals Honccoming“, published by Simon and Schuster, was
788 1087 2767 1152 dismissed by The Grand Jury of New York County yesterday after it had
784 1149 1643 1226 read and sonsidcred the book.
1050 1225 2835 1305 Sumner charged that the nevel was ##ung published and distrib¬
790 1310 2831 1408 uted in violation of Scotion 1141 of the Pm Code prohibiting the sale
796 1357 1446 1452 of obscnne Iiterature.
1050 1452 2765 1544 An carlier compleint ag inst the bock had bern disniesed on
792 1527 2812 1626 September 25th, 1930 by Magistrate Haurice Gottlich. The opirion of tho
791 1591 2780 1648 Court was delivered after liagistrate Gottlich had rend thu vock itscif
790 1620 2862 1725 and carefully studied briefs submitted by Simon and Schusterts attorncys,
785 1707 2826 1793 Mesers. Grcenbaun, Volff and Ernst. Tue Court heard arguments presented
789 1757 2809 1817 by Nr. Horris L. Ernst and Nr. Nouman Levy, of counsel for the publish¬
787 1811 2820 1892 ers, and studicd a comprchensive memorandum in which werc sct forth rep¬
787 1864 2825 1937 resntative opinions on the book from editors, critics, ministers, edus¬
781 1927 2326 2014 ators, physicinns, and other lenders in the commmity.
1055 2005 1289 2114 In bis
1277 2003 2752 2107 ision, absolving #asanov#'s Homccoming“ from any
787 2075 1311 2166 charge of obsceni
1359 2097 2820 2165 Negistrate Gottlich threu out of Court a1l the com¬
793 2149 1326 2220 plaints fiäcd by :
1311 2154 2772 2225 Smmer. His Honor charecterized Wasenova's Home¬
786 2191 2759 2287 coming“ as an unimpencunble classic of modern literaturc and declared
796 2268 2808 2353 that the bock mst be mensured by the living standards of our oun timc,
787 2326 1881 2395 not by thosc of the Mid-Victorian cra.
1044 2391 2848 2498 Ur. Sumner was not satisficd with the decision in the Court, and
793 2467 2805 2559 lodged repeated complaints at the District Attorncy's office, insisting
799 2532 2717 2595 that the Grand Jury be requested te investigate. The mubers of that
796 2574 2785 2660 body thereupon read tlic book and gesterday it was officially announced
796 2640 2026 2737 that they found no baois for an indictment.
1062 2753 2746 2832 This decision represents the fourth and final legal victory
788 2798 2900 2876 forCasanovals Homccoming“ and the completc vindication of Arthur Schnitz¬
783 2866 2359 2953 1er and his publishers, after a sevn-ycar legal battie.
1056 2950 2868 3041 The publishers anncunged that ###sanovals Homccoming“ is now on
780 3030 2892 3103 sale in bockstores all over the country. Thc book is onc of The Inner Sane¬
796 3097 1736 3184 tum Novels sciling at onc doller.
1045 3182 2765 3271 Among the noted persons who rallicd to the defensc of Arthur
778 3262 2866 3322 Schnitzler and vOnsanovals Homccoming“ were Sinclair Lowis, Rnry L. lcne¬
774 3317 2744 3390 ken, Charles Francis Potter, John Erskinc, Roy V. Hovard, John Cowper
781 3372 2470 3453 Powys, Hcywood Broun and Harry Hansen and scores of others.
