3436 4320
271 180 457 268 30.
489 185 1363 264 Casanovas Heimfahrt
1536 186 1966 284 box 4/10
458 236 1382 308 en enene enee enen ee e e eeeen
525 479 659 551 706
1596 472 2011 550 The Nation
2585 480 3069 559 [Vol. 113, No. 2945
567 612 1776 669 A mingled bravery and sadness possesses him, a confusion
1807 606 3061 663 inevitable was so firm that he never seemed aware of it. His
519 661 1774 721 of sham and an unsparing recognition of his decline. When,
1812 663 3072 712 letters to his father and to his sister when he knew of their
527 703 1786 754 finally, the mandate from Venice arrives, he is outraged at its
1817 711 3074 758 approaching deaths show how stalwart was his soul. What he
531 757 1778 807 humiliating provision; and he formulates a violent revenge on
1819 758 3076 813 had within himself comes out strikingly in his response to hills
534 804 1774 862 men holding him to be no better than a spy. But in the pres¬
1821 805 3068 851 and sea and sky. In describing a night in the Adirondacks he
526 848 1784 894 ence, the palace, of Bragadino—his patron, in reality, was the
1822 851 3076 915 writes his wife:" The streaming moonlight lit up things in a
534 894 1784 937 Senator Bragadin—cramming rolls and butter, eggs and cold
1809 900 3074 956 magical checkered play, and it seemed as if the Gods of all
525 943 1776 1009 meat, into his meager hide, it is clear that his sensibilities, too,
1809 946 3076 990 nature mythologies were holding an indescribable meeting in
530 989 840 1053 are atrophied.
1810 996 2821 1051 my breast with the moral Gods of the inner life.
570 1012 1771 1088 Yet—a Continental pen is writing—there isn't, in Casanova,
1818 1028 3072 1078 was one of the happiest lonesome nights of my existence, and I
527 1079 1774 1126 a shred of moralizing fear; he regrets nothing but the inability
1814 1081 3072 1137 understand1 now what a poet is. He is a person who can feel
525 1128 1778 1189 of the present to play the past. Time, destroying the body, has
1809 1133 3061 1176 the immense complexity of the influences I felt, and make some
525 1174 1787 1236 scarcely touched the vigor of his spirit; even his ambitions, his
1807 1180 3062 1238 partial tracks in them for verbal statement.? In less exalted,
534 1236 1785 1281 ends, are the same as when, a youth in the preliminary orders
1815 1223 3061 1275 more reflective moods the same thought occurs."Scenery
525 1266 1788 1316 of the church, he gathered love notes instead of lire in the alms
1812 1269 3068 1315 seems to wear in one’s consciousness better than any other ele¬
523 1323 1773 1377 bag. That was a generation for a passion as easily gratified as
1810 1317 3076 1367 ment in life. In this year of much solemn and idle meditation,
530 1362 1774 1400 it was roused: the French Revolution was just beyond the moun¬
1814 1367 3067 1411 I have often been surprised to find what a predominant part
530 1405 1779 1470 tains; Buonaparte was nine years old; and a premonition of
1812 1411 3070 1460 in my own spiritual experience it has played, and how it stands
526 1436 1772 1514 tiie cannen which were to end the Venetian Republic, a whole
1807 1460 3071 1519 out as almost the only thing the memory of which I should like
528 1501 1649 1548 civilization, drove life into a futile madness of carnival.
1820 1499 3062 1561 to carry over with me beyond the veil, unamended and unal¬
1263 1548 1734 1615 JosEPH HERGESHEIMER
1821 1552 3071 1598 tered.? There is unconscious self-revelation in the description
1821 1594 3072 1655 of tthe sea all effervescing and sparkling with white caps and
1807 1643 3061 1700 lace, the strong sun lording it in the sky, and hope presiding in
1816 1687 2068 1755 the heart.?
764 1676 1575 1776 William James on Himself
1846 1727 3063 1793 Best of all James loved the scenery and climate of America
515 1766 1770 1825 The Letters of William James. Edited by his son, Henry James.
1817 1786 3070 1839 and found them the embodiment of what America meant to him.
566 1825 1463 1874 The Atlantie Monthly Press. 2 vols. 810.
1814 1825 3073 1878 Writing from the Continent he says: “God bless the American
1816 1877 3067 1919 climate, with its transparent, passionate, impulsive variety and
607 1874 1768 1944 F all ways to write the life of William James this was the
1807 1920 3072 1984 headlong fling. There are deeper, slower tones of earnestness
533 1898 1778 1986 □ best. For the most part his letters tell the story unaided,
1815 1967 3066 2014 and moral gravity here, no doubt, but ours is more like youth
519 1974 1782 2016 bur the editor has with rare art sketched in the background of
1803 2014 3071 2065 and youth’s infinite and touching promise. God bless America
515 2023 1775 2066 biographical fact, interwoven some of the impressions which
1810 2073 3063 2129 in general.“ To his self-exiled brother Henry he writes with
518 2067 1769 2119 his father made on those who knew him best, and put in here
1814 2109 3065 2156 a playful dig at the end: That low West that I’ve so often
526 2109 1774 2169 and there his own appraisals, always with a dignity and re¬
1812 2150 3071 2210 fed on, with a somber but intense crimson vestige smoldering
522 2166 1774 2215 straint that mark his fitness for his task. There are few men
1807 2204 3060 2247 close to the horizon line, eccnomical but profound, and the
530 2212 1783 2264 whose lives can be told by their letters. In the biographies of
1810 2249 3063 2306 western well of sky shading upward from it through infinite
531 2251 1779 2299 men of affairs, chronicle and comment must play the major
1808 2292 3063 2350 shades of transparent luminosity in darkness to the deep blue
527 2300 1777 2355 part. What they think and feel is seldom worth remembering.
1800 2334 3067 2397 darkness overhead. It was purely American. You never see
526 2345 1773 2390 They have their day and cease to be. William James is not
1804 2383 3057 2431 that western sky anywhere else. Solemn and wonderful. I
518 2385 1779 2435 one of these. His life was the life of the mind and of the
1803 2428 3062 2480 should think you'd like to see it again, if only for the sake of
515 2438 1783 2485 spirit; and by the grace of his writing liis mind and his spirit
1810 2476 3069 2532 shuddering at it.“ Stili more playfully he writes his daughter:
527 2481 1784 2535 are bequeathed as a perpetual endowment for mankind. Here
1814 2525 3059 2571 Poverty-stricken this New Hampshire country may be—weak
526 2531 1776 2592 in these letters we have his spontaneous and uncensored ex¬
1813 2570 3069 2612 in a certain sense, shabby, thin, pathetic—say all that, yet, like
531 2575 1771 2635 pression of what he thought and felt and or his ways of feel¬
1818 2610 3073 2663 Jenny,' it kissed me; and it is not vulgar—even H. J. can't
515 2620 1783 2675 ing and thinking. The editor has the courage not to omit wnat
1816 2671 3059 2719 accuse it of that—or of 'stodginess,’ especially at this emaciated
528 2665 1780 2716 may shock timid souls who seek shelter in the ccnventional and
1821 2711 3059 2766 season. It remains pure, and clear and distinguished—Bless it!“
529 2712 1772 2771 the commonplace. He has the reverence to withhold the inti¬
1846 2761 3053 2812 To the famous antithesis between the two brothers these let¬
518 2756 1773 2806 mate letters to Mrs. James. He excludes, tco, those that are
1813 2806 3059 2862 ters add another no less striking. William loved his America
525 2807 1769 2859 “wholly technical or polemic.“ In so far as any division is
1804 2848 3060 2903 as Henry found it alien. The opposition is due not to differ¬
511 2834 1770 2918 possible the record is of Willium James the man rather than
1808 2897 3059 2948 ence in perception but to difference in response.“ How cramped
521 2902 1773 2957 of William James the philosopher. While the letters here
1812 2942 3063 2994 and inferior England scems'’ was William’s greeting to his
526 2957 1771 3001 printed help greatly toward a cioser grasp of James's philo¬
1808 2995 3055 3052 brother on one of his visits to England. America may be
519 2991 1780 3049 sophical attitudes and interests, their note is so dominantly
1804 3037 3070 3082 raw and shrill, but I could never live with this as yeu do. To
530 3037 1767 3089 human that they are packed with intellectual and spiritual re¬
1804 3082 3051 3128 another friend he wrote from England that the English atmos¬
517 3089 1771 3143 freshment for those to whom an appreciation of more formal
1813 3129 3051 3176 phere “will conspire better with my writing tasks, and after
516 3129 970 3186 philosophy is denied.
1808 3175 3060 3227 all it is more congruous with one’s nature and one’s inner
566 3188 1772 3241 James’s interests were so varied and his enthusiasms so eager
1801 3222 3054 3277 ideals'; but he adds:" Still, one loves America above all things,
519 3223 1773 3262 that only by reading all lie wrote can one get the full scope and
1808 3259 3058 3311 for her youth, her greenness, her plasticity, innocence, good
522 3267 1774 3315 fervor of the man. His most perennial quest was in the realm
1813 3309 3050 3370 intentions, friends, everything. Je veux que mes cendres repo¬
521 3315 1772 3362 of religion, which for himself he defined broadly as “a universe
1806 3370 3063 3418 sent sur les bords du Charles, au milieu de ce hon peuple de
518 3365 1763 3420 of spiritual relations surrounding the earthly practical ones.?)
1815 3403 3060 3455 Harvarr Squerre que j'ai tant aimé. That is what I say, and
524 3406 1770 3460 This deep interest in religion naturally enough finds expression
1813 3448 3072 3501 what Napoleon B. would have said, had his life been enriched
516 3455 1781 3500 more in his essays than in his letters, though it is affirmed
1804 3506 2849 3561 by your and my educational and other experiences.)
527 3501 1778 3559 strongly here. One of his tasks in his Gifford Lectures was, as
1859 3543 3051 3613 Not that James did not find plenty to displease him in
515 3546 1767 3593 he puts it, “to make the hearer or reader believe, what I my¬
510 3595 1771 3650 self invincibly do believe, that, although all the special mani¬
1801 3588 3059 3638 America. After a weck of lecturing at Chautauqua he cries
1812 3636 3048 3701 for “anything to break the unlovely level of 10,000 good people.?
515 3641 1764 3696 festations of religion may have been absurd (I mean its creeds
1809 3691 3058 3754 Certain types of his fellow countrymen drew from him scathing
520 3695 1765 3740 and theories), yet the life of it as a whole is mankind’s most
1810 3740 3063 3788 comment. Dur imperialistic enterprise of 1898 die viewed with
516 3725 1775 3802 important function.' One is tempted to quote further, but to
1800 3785 3056 3830 loathing. The Republican nominees of 1900 he called a “com¬
516 3787 1772 3841 quote less than all might be misleading. For the full expression
1796 3835 3054 3879 bination of slime and grit, soap and sand, that ought to scour
519 3840 1759 3905 of James’s religious attitude we must look to his whole re¬
1809 3884 3060 3928 anything away, even the moral sense of the country.“ His in¬
517 3888 1772 3951 sponse to life. The courage with which he faced everything
