3392 4256
265 132 435 217 30
493 129 1299 200 asanovas Heinfahr
1475 119 1959 227 box 4/11
1594 880 2757 938 The book is by a very noted author, regarded as
1546 955 2625 1018 one of the great literary men of the century.
1605 1011 2751 1089 The subject deals with the amours ofa man past
1551 1072 2760 1145 fifty-three years of age, at which period, so states
1559 1137 2760 1201 the book, his energies have waned and decayed.
1560 1192 2757 1260 The book is not to be judged as to its obscenity by
1549 1256 2754 1331 the standard of mid-Victorian days, but its char¬
1552 1316 2767 1381 acter shall be judged by this Court by the standards
1556 1384 2755 1439 prevailing at the present time. Many plays, many
1564 1439 2762 1510 books are before the public today which, if judged
1559 1497 2757 1568 by the old standards, would be barred. The stand¬
1557 1554 2760 1629 ard of life today as to plays and books, and the
1558 1610 2761 1683 very habits ofthe people, has so changed that what
1556 1683 2767 1757 was regarded as obscene and immoral yesterday is
1552 1751 2509 1812 today reckoned as being in proper taste.
1606 1804 2758 1874 The book under review at this time is infinitely
1555 1859 2754 1933 less objectionable than Madeleine“, in which case
1559 1936 2763 2007 the publisher was convicted, but which conviction
1549 1997 2760 2072 was reversed by the Appellate Court. (See Peo. vs.
1561 2036 1836 2126 Brainard).
1605 2103 2760 2175 Counsel on both sides have furnished the Court
1553 2166 2744 2226 with most excellent briefs for and against the ques¬
1554 2240 2759 2306 tion being considered. With these briefs therc has
1552 2287 2751 2368 been submitted to this Court the written opinions
1554 2343 2760 2411 of such writers as Henry L. Mencken, Theodore
1555 2414 2754 2481 Dreiser, Herbert Asbury, Heywood Broun, Dr.
1546 2479 2753 2547 Harry Elmer Barnes, Sinclair Lewis, John Cowper
1546 2533 2764 2610 Powys and others, recognized as leaders in the field
1550 2587 1929 2675 of literary art.
1597 2640 2760 2733 In the field of journalism, I find, among the
1546 2709 2742 2778 documents submitted to me, the opinion of Roy W.
1543 2780 2754 2856 Howard, Chairman of the Board of Scripps-Howard
1542 2848 2756 2917 Newspapers, who says: #t is hard to believe that
1550 2897 2738 2973 any sensible, clean-minded person could find any¬
1543 2976 2747 3040 thing offensive in the book. It is difficult to be¬
1552 3019 2746 3086 lieve that its circulation would be anything other
1541 3092 2751 3152 than a service to art and understanding. Its at¬
1541 3143 2746 3216 tempted suppression is a dangerous challengetothe
1542 3212 2750 3262 literary freedom of America, a challenge which
1554 3269 2771 3359 merits the full attention of the press and warrants
