3392 4256
278 217 472 302 30
488 213 1395 283 Casanovas Heimfahrt
469 258 1401 311 e
1541 201 1990 296 box 4/11
2036 1015 2151 1097 28
1474 1144 2697 1227 it by the beauty of the opposite sex is among the
1483 1217 2702 1291 most beneficient and most productive processes of
1481 1267 1708 1333 nature.?
1534 1305 2705 1388 It is my opinion these books do not impinge upon
1477 1384 1799 1462 those limits.
1527 1465 2693 1528 It appearing to me that the crime mentioned in
1482 1514 2689 1569 the summons and informations herein has not been
1484 1567 2695 1633 committed, and that there is not sufficient cause to
1487 1626 2688 1700 believe the defendants, Thomas Seltzer and Mary
1489 1691 2692 1769 H. Marks, guilty of violating section 1141 of the
1479 1770 2695 1821 Penal Law, the said summons and informations are
1485 1810 2695 1869 hereby dismissed and the defendants are hereby dis¬
1491 1881 2108 1954 charged.“ (Italics ours.)
