3484 4320
309 202 1362 276 30. Casanovas Heinfahr
754 202 2005 330 Lit box 4/10
536 267 611 316 a
440 1290 1517 1396 Arcber Schnitzler und Calanova.
875 1388 1027 1468 Von
1325 1384 1702 1529 Tdand
763 1453 1162 1536 Arthur Kloesser.
427 1542 1681 1603 Jeder Deutsche, der sich heute an die Oeffentlichkeit begibt, wird"#X
362 1602 1572 1648 sich schon seiner Sicherheit wegen vorher peinlichst untersuchen
372 1650 1575 1705 müssen, inwieweit er sich während der vier Kriegsjahre kompro¬
359 1692 1567 1765 mittiert haben könnte. Hat er kein Kriegslied geschrieben, so wird er
358 1748 1564 1798 von den Alldeutschen verurteilt, die jetzt allerdings nicht vie zu
1590 1700 1727 1857 4
367 1796 1558 1867 sagen haben. Hat er einer mit Kling und Klang ausrückenden
359 1844 1561 1904 Truppe unversehens ein Hurra nachgerufen, so wird er von den Pa¬
363 1885 1566 1943 zisisten verdammt, die jetzt ungemein kriegerisch geworden sind. Der
357 1944 1566 1995 Fall Schnitzler liegt im unkloren oder er ist zum mindesten uner¬
356 1989 1569 2047 giebig; denn die Aktivisten von beiden Seiten werden ihm höchstens
362 2041 1565 2112 Passinität oder Indifferenz vorwerfen können. Schnitzler hat im
359 2074 1567 2125 Kriege sein Friedenshandwerk unbekümmert, oder sagen wir, schein¬
357 2135 1560 2187 bar unbekümmert fortgesetzt: er schrieb Komödien und Novellen,
356 2174 1571 2228 so gut er es verstand. Sein Fall oder Nichtfall erinnert mich an
357 2225 1567 2272 den des armen Geigers, der während der großen französischen Revo¬
363 2272 1561 2326 lution vor das Tribunal geschleppt wurde. — Was hast du bis jetzt
361 2324 1573 2374 getrieben? — Ich habe Geige gespielt. — Und was wirst du ferner
367 2369 1568 2423 treihen? — Ich werde Geige spielen. — Man hielt den Mann für
355 2419 1567 2480 unheilbar, aber auch für unschädlich genug, um ihn nicht unter die
369 2454 1555 2512 Guilloline zu stecken. Der wegen mangelnder bürgerlicher Ge¬
371 2508 1552 2562 sinnung Verdächtige, wegen geistiger Unzulänglichkeit Freige
370 2554 1557 2629 sprochene eilte nach Hause, nahm die Geige aus dem Futteral,
369 2600 1555 2669 streichelte sie zärtlich und spielte barauf so schön wie noch nie,
368 2657 1550 2724 spielte darauf eine Phantasie, die weder mit Todesangst oder
368 2697 1571 2752 Guillotine noch mit Königtum oder Jakobinertum irgendetwas zu
370 2758 1555 2806 tun hatte. So wenigstens denke ich mir den Ausgang der Ge¬
362 2801 1566 2870 schichte, die ich offen gestanden vom alten Plötz habe; aber dem kam
370 2840 1563 2917 es wie immer wohl nur darauf an, uns eine besondere franzö¬
366 2903 1564 2985 sische Konstruktion durch einige Wiederholungen ins Gedächtnis zu
360 2946 576 3011 hämmern.
410 3012 1564 3063 Arthur Schnitzler hat eine Novelle geschrichen und gar eine, die
360 3066 1558 3120 den genußgierigsten aller historischen Abenteurer zum Helden ge¬
360 3113 1563 3177 nommen hat: „Casanovas Heimfahrt" (S. Fischer).
367 3160 1565 3205 Schnitzler sch dem erfolgreichsten Frauenjäger, der es wahr¬
371 3206 1553 3258 haftig nicht n g hatte, noch ein letztes Abenteuer vor der Heim¬
369 3261 1560 3318 kehr in seine Vaterstadt; es ist also ein Opfer, es muß ein Dank¬
2029 1259 3387 1321 opfer gewesen sein für Zerstreuung in schweren Zeiten, die ihm 1 erreich
2030 1317 3228 1379 Casanovas Erinnerungen geliefert haben. Dank eines deutschen
3244 1321 3390 1382 Analy
2033 1372 3226 1423 Dichters für pika#te und gar welsche Lektürel Daraus ziehe ich
3239 1367 3343 1422 um
3237 1411 3381 1478 seine
2029 1422 3217 1474 den Cchluß, daß Schnitzler, der nicht Pazifist ist — dazu ist er
3247 1461 3379 1521 es die
2021 1456 3224 1513 nicht kriegerisch genug — sondern nur ein Mann des Friedens
2022 1511 3229 1559 und der Menschlichkeit, an diesen vier Jahren tief gelitten haben
3246 1505 3383 1574 gleich
2023 1560 3199 1606 muß. Und wenn der Dichter vor ein Revolutionstribunal ge¬
3241 1561 3379 1616 schafter
2028 1617 3223 1672 stellt werden sollte, so bitte ich, obgleich ich kein Instrument spiele.
3243 1607 3395 1668 seelisch
3249 1655 3387 1727 können
2025 1655 3221 1704 um die Ehre, neben ihm verhärt zu werden. Wenn die Sorge
2032 1703 3226 1747 um das Schicksal Deutschlands mir die Fähigkeit zur Arbeit wie
3274 1707 3383 1779 Wer
2024 1754 3215 1810 zur Muße nahm, fand ich drei Männer, die sich immer als stark
3232 1754 3394 1819 wird i
2035 1800 3216 1860 genug erwiesen, um mich eine Stunde abzulenken und zu sich zu
3239 1813 3401 1870 ungemy
2037 1841 3225 1908 zwingen: Kant, Goethe und Casanova. Dem Philosophen gelang
3241 1858 3392 1919 wie de
2022 1902 3222 1967 es durch seine kategorische Nötigung zum dauernden Mitrechnen
3235 1898 3380 1970 Mädch
2023 1943 3211 2002 an seinem Denkprozeß, dem Dichter, der in Jahrtausenden dachte.
3239 1953 3392 2012 kluge #
2027 1999 3215 2057 durch seinen Trost an uns Verzweifelnde über das nächste Jahr¬
3235 1993 3394 2069 Oelieb#
2018 2044 3221 2114 hundert hinweg, dem Abenteurer und Lebemann durch seine un¬
3239 2053 3396 2117 und sch
2024 2089 3212 2136 verstellte und unbekümmerbare Tatsächlichkeit. Der dankbare
3230 2095 3378 2154 der er
2026 2147 3212 2199 Schnitzler hat ihm eine sein erfundene Novelle von hoher stilistischer
3232 2143 3382 2207 diegen
2019 2185 3226 2228 Einsicht gewidmet, ein seines Stück deutsches Prosa, eine höchst ge¬
3229 2194 3388 2254 nie zu
2020 2231 3225 2296 diegene und haltbare Vermehrung unserer immer noch nicht sehr
3237 2240 3397 2309 Und d#
2017 2285 3222 2347 reichen Erzählungskunst. Wer kann heute überhaupt noch erzählen?
3235 2292 3382 2350 eigener
2018 2331 3223 2381 Die aristokratische Kunstform der Novelle war durch die natura¬
3234 2325 3390 2399 wird d
3238 2384 3383 2444 einen
2018 2381 3216 2431 listische Verpflichtung zur Beobachtung platt getreten, war durch die
2033 2426 3213 2495 impressionistische zur Interpunktion des Augenblicks aufgelöst wor¬
3238 2432 3378 2496 der glä
2028 2475 3214 2521 den. Der Expressionismus, der gern in exotischen und blut¬
3228 2481 3387 2541 noch ei
2017 2515 3214 2585 rünstigen Visionen ausschweift, stellte sie nur scheinbar wieder her,
3225 2530 3386 2588 Casano
2019 2578 3207 2654 weil er lieber in allen hohen Rauscharten schnaufte und raste, statt
3224 2571 3378 2638 Mensch
2020 2625 3097 2690 zu erzählen, was dem Deutschen immer am schwersten fällt.
3232 2624 3389 2688 nicht ui
3228 2672 3388 2734 Künstle
2062 2672 3216 2742 „In seinem dreiundfünfzigsten Lebensjahre, als Cosanova längst
3232 2720 3389 2784 ist, auf
2029 2727 3217 2783 nicht mehr von der Abenteuerlust der Jugend, sondern von der
3229 2769 3385 2831 mit gec
2019 2774 3226 2826 Ruhelosigkeit nahenden Alters durch die Welt gejagt wurde, fühlte
3223 2815 3382 2873 So erw
2022 2833 3217 2891 er in seiner Seele das Heimweh nach seiner Vaterstadt Venedig
3234 2858 3382 2929 Unabsich
2017 2887 3217 2938 so heftig anwachsen, daß er sie, gleich einem Vogel, der aus
3233 2911 3381 2974 dämmen
2018 2916 3214 2980 luftigen Höhen zum Sterben allmählich noch abwärts steigt, in
3218 2966 3384 3045 melanch
2016 2979 3208 3031 eng und immer enger werdenden Kreisen zu umziehen begann.“
2026 3017 3206 3081 Das ist erzählt, das ist guter Ton, das ist (Haltung, das ist aus¬
2021 3073 3208 3131 reichende und gesunde Atemverteilung. Und vor allem, das ist
2018 3111 3216 3183 weder Kleist noch Tieck nach Cervantes; denn wenn es auch gewisse
2019 3172 3220 3228 biegsam Stilkünstler mit täuschend ähnlichen Nachahmungen ver¬
3347 3169 3382 3221 7
2030 3194 3388 3272 sucht haben, die chronikartige ganz auf Handlung und Tatsache 75. des
2020 3265 3381 3347 gestellte Nüchternheit der alten Meister können wir doch nicht mehr 1 Vietor¬
