3484 4224
304 135 492 221 30
514 148 1437 222 Casanovas Heimfahrt.
489 190 1424 261 San au Ln au
1579 161 1942 250 box 4/1
2468 313 2853 395 Fondé en 1870
2281 352 3129 570 ARGUS de Ia PRESSE
2386 533 2881 627 Voit Tout“
2275 599 3152 685 LES PLUS ANCIENS BUREAUZ U-ExFRAITS DE PRESSE 12
2259 666 3050 750 37. Rue Bergere, PARIS (9e)
2361 853 2813 931 N• DE DEBI
2155 961 2444 1043 Extroil de :—
2507 1025 2742 1104 DEPEADAN
2153 1054 2429 1137 Adresse: =
2794 1075 2965 1149 —
2158 1148 2329 1225 Date: —
2790 1157 2972 1243 — —
2149 1254 2571 1333 Signature
2145 1347 2527 1437 Exposition:
1515 1492 1829 1683 La
1958 1491 2290 1691 Vie
2355 1505 3200 1712 Littérair
3237 1593 3348 1712 e
1373 1736 3397 1847 STEFAN ZWEIG]: OASANOVA (Paris, Victor Attinger). — ARTHUR SOUNTTZLER: LE RETOUR DE
2219 1808 2272 1851 —
1511 1788 2200 1847 SANOVA F( Parls, Victor Attinger).
2255 1799 3407 1879 EMIMANUEL BOVE: UN PENE ET SA FILLE (Parls, Em
1499 1823 1675 1885 Paul)
1738 1835 2628 1897 I. NEMIROVSKY: LE BAL (Paris, Grasset).-
2755 1859 3382 1917 PERIER: NEORERIES(Bruxe
1838 1878 1903 1921 —
1494 1861 1823 1930 Albert Dewit).
1879 1893 3387 1959 MADELEINE OCTAVE MAUS: EVOCATION DE LUCIE C00TURIEN (Parie, Edit
1504 1906 1750 1967 Lemarget).
1790 1919 3365 1999 Mme GEORGES RODENBACH: OONSTANTIN RO BENBAOH (Paris, Editions Cres
1505 1941 1846 2001 PAUL HTMANS
1872 1964 3284 2018 LA VIE INTELLECTUELLE DE 1830 à 1930 (Bruxelles, Hayez). —
1495 1990 3319 2084 PAELIW: NOS ROIS AU SERVIOE DE LA PATRIE (Bruxelles, Office de Publicité).— H.
1502 2022 2744 2094 TER: 1880. GRANDES FIaURES (Bruxelles, Vanderlinden). —
2738 2054 3323 2109 JOSEPH FRANCO: VERS
1492 2053 3348 2155 PENDANCE (Bruxelles, Office de Publicité). — LOUIS BANNEUX: LARDENNE SUPERSTIT
1503 2101 2024 2166 (Bruxelles, Vanderlinden).
2083 2126 3341 2197 MARG AUGIS: LES SEDUCTIONS ARTIFIOIELLES (Bruxelles, C
1498 2138 1834 2188 rie du Canard).
1876 2160 3348 2232 LOUIS WENNEKERS: 8UR LES TRACES DE MERLI! (Bruxelles, Le Thyre
1489 2191 2560 2254 RAOUL HAUTIER: JACOB ET LANGE (Bruxelles).
2606 2211 3381 2266 JEAN DAVRON: DES FLEURS DENRI
1503 2233 3412 2316 UN MUR (Bruxelles, Revue Nationale). — ROBERT DU BOIS DE VROYLANDE: LK OARNAU
1510 2264 2520 2339 DES MUSES (Louvain, Edition des Jeunes Auteurs).
1366 2308 3412 2429 Tanc que s’achéve — péniblement1 belle-mère pour qu’il reçüt de d’ar- Tpassion à la rétrocession du Limb
1357 2362 2063 2428 — l’édit on nouvelle des . Mémoires de
2064 2380 2246 2443 gent 5
2766 2393 3310 2463 et du Euxembourg à la Hollan
1332 2403 2072 2469 Casanov v. publiée par les soing de la
2082 2401 2768 2488 Ou est le temps ou toute bonne mai¬
2779 2435 3288 2492 avoir été, dans la stüte, con
1327 2429 2063 2496 a Sirène „, M. Stefan Zeveig a falt tra¬
2068 2450 2776 2525 son d’édition avait un correcteur qui
2775 2477 3271 2532 de Belgique en Suisse, iI mi
1324 2482 2062 2549 duire en françals, fort bien, ma fol!
2060 2497 2775 2557 se chargeait discrètement de nettoyer
2777 2514 3303 2580 encore, comme chargé daffal
1316 2523 2064 2596 par MM. Alzir Hella et Olivier Bour¬
2065 2536 2629 2608 les textes des auteurs distraits?
2771 2560 3406 2629 tre pays à Athènes. ill repose au
1317 2563 2059 2628 nac, l’admirable, l'tincelante mono¬
2764 2588 3040 2655 de l’Acropole.
2344 2580 2494 2651 4%
1322 2600 2065 2663 graphie qu'il a consacrée naguère au
2781 2614 3378 2698 Constantin Rodenbuch, tres
1317 2645 2054 2700 grand Vénltien. II faut lire son & Casa¬
2095 2621 2758 2701 „ Le Bal v, de Mme I. Nemirovsky,
2763 2667 3418 2740 eponx J’une femme-poête, depl
1329 2681 2037 2742 nova „, Je ne dis pas qu’emporté par
2051 2681 2756 2739 est une äpre, dure et rapide nouvelle
2775 2707 3412 2768 hautement que la Beigique n’edt
1320 2709 2043 2779 son lyrisme évocateur, il n’exagère pas
2063 2720 2766 2795 ou se retrouvent toutes les qualités de
2768 2746 3413 2804 de littérature. Et sahs doute ne c
2050 2752 2601 2816 l'auteur de e David Golder v.
1325 2767 2048 2811 un peu le côté inhumain, purement
2765 2782 3420 2852 dérait-il pas, lui, la littérature con
1315 2797 2055 2858 egotiste du personnage. Mais quel mer¬
2071 2798 2766 2860 Le ménage Kampf a réussi un heu¬
2767 2830 3419 2895 un passe-temps! Son petit-fils d
1307 2843 2044 2888 weilleux portrait! Quelle allüre! Quel
2054 2839 2754 2900 reux coup de bourse qui lui a permis
2772 2863 3411 2941 aider — on sait comment! — à com
1312 2878 2045 2937 art de disperser les lumières et les om¬
2043 2879 2748 2938 de passer, du jour au lendemain, d’une
2766 2897 3024 2962 cette lachne.
1306 2922 2053 2970 bres, de faire salllir les traits caracté¬
2047 2913 2758 2976 médiocrité pénible au luxe écrasant de
3056 2942 3198 3002 4%
2047 2955 2767 3023 la grosse fortune. Enfin, Mme Kampf
1302 2947 2040 3005 ristiques! Casanova, ici, apparait ie
2055 2990 2752 3049 va pouvoir se livrer toute entière à
1312 2986 2050 3041 type ochevé du Dilettante, n’étant ja¬
2784 2980 3421 3054 La brochure de Mine Georges Ro
2756 3028 3413 3092 bach sera rangée parmi les publigat
2046 3036 2756 3090 ses désirs de grandeur! Elle donnera
1315 3042 2035 3088 mais tout à fult professionnel, qu'il
1312 3074 2045 3131 s’agisse d’intrigue, de lettres, de diplo¬
2043 3070 2758 3129 un bal auquel elle invitera deux cents
2767 3069 3417 3135 les; plus intéressantes suscitées pai
2037 3102 2753 3167 personnes qu’elle connaft à peine, et sa
1300 3113 2035 3160 matie, de vol., II a un pied dans tous
2761 3112 3403 3167 Centenaire, tout à côté de celle que
2035 3150 2755 3206 vieille cousine Isabelle, uniquement
1306 3143 2033 3212 des iondes, mais n’apparlient tout à
2761 3144 3386 3209 le ministre Paul Hymans consach
2047 3188 2759 3243 celle-ci, pour qu'elle aille renseigner le
1304 3186 2037 3243 fait à aucun, II ne sert rien, ni per¬
2763 3181 3382 3243 ala Vie Intelleciuelle de 1830 à 19
2045 3223 2750 3284 lendemain la famille et la fasse ainsi
2772 3226 3409 3290 C’est le texte de l'admirable disco
1301 3221 2039 3286 sonne, mais se sert de. tont ei de tous.
2753 3258 3412 3324 qu'il prononça à la récente séance
1306 3266 2027 3321 Sa seule affaire est de vivre et d’ai¬
2046 3262 2749 3321 crever de jalousie et de dépit. Mais
2752 3300 3414 3356 blique des Académies ei qui r#
2038 3298 2753 3361 Mme Kampf compte sans sa fillette, la
1296 3309 2026 3362 mer, d’aimer le plus possible, jusqu'a
2752 3339 3359 3406 avec tant de bonheur l'effort de
2038 3343 2751 3400 maigre et rageuse Antoinette qui, ex¬
1295 3347 2035 3399 T’exaspération, jusqu'à l’épuisement:
2031 3378 2746 3449 elue du bal parce qu'elle n’a que qua¬
2743 3362 3403 3440 gique, depuis cent ans, pour affin
1301 3379 2031 3442 hon pas à la facon de don Juan, qui
2034 3419 2747 3487 torze ans, et surtout parce que sa
2757 3425 3412 3477 dans le monde su personnalité mor
1303 3419 2039 3480 n’aime pas qui hait au contraire la
1302 3459 2746 3517 kemme, et dont la seule joie — joie fu.  mere n’a pas envie de se vieillir en
2750 3454 3415 3522 Plusieurs pages de cet essai magis
2752 3499 3414 3558 sont consacrées an mouvement asch
2030 3497 2758 3557 Terhibant, se renge en jetant toutes les
1294 3497 2029 3555 nebre et démonlaque — est de tromper,
2756 3535 3398 3595 sionnel de nos Lettres. Ce ne sont
2030 3540 2745 3593 invitations dans la Seine. Le soir du
1303 3545 2018 3592 de schluire, de perdre.,, mais à la fa¬
2754 3573 3404 3627 celles ou l’on sent le moins d’ard
2033 3571 2743 3634 Bal, il ne vient personne, personne
1292 3567 2024 3627 gon de Casanova, le seul, l’unique, qui
2743 3601 3403 3668 et de généreux enthousiasme. Et¬
2031 3619 2736 3669 qu'lsabelle. On imagine cette scène
1298 3620 2028 3674 aime pour aimer, tout bonnement, tout
2748 3653 3414 3717 n’est pas M. Paul Hymans non p
2022 3646 2743 3715 tragi-comique, peinte avec le pincesu
1285 3649 2029 3705 simplement, pour goüter du bonheur,
2030 3690 2735 3749 sobrement énergique de l’auteur. Nme
2746 3691 3400 3757 qui estimerait que lo littérature est.
1296 3693 2023 3751 et plus encore Pour en donner,, et qui
2742 3719 3155 3793 agréable passe-temps.!
2029 3727 2734 3795 Némirovsky, certes, ne voit pas la vie
1295 3737 2025 3785 n’eut qu'un seul tort: de tout subor¬
2029 3768 2749 3839 en rose, Mais quels admirables & Fo¬
1285 3769 2023 3825 doitner & te bel, s bien que, Viendtout
3029 3775 3164 3845 4%
2024 3795 2487 3868 rain # elle sait buriner!
1293 3811 2026 3870 à coup, il s’enfonça dans un abomina¬
2791 3810 3401 3886 „ Nos Rois au service de la Patrie
1281 3853 2021 3900 bie desespoir d’on ne le tira que la Joie
2316 3852 2448 3920 *%
2705 3871 3416 3927 de M. L. de Paeuw, directeur gene
1287 3884 2012 3936 d’ecrire ses mémoires, de revivre en¬
2048 3904 3415 3972 M. Gaston-Denys Périer est un apo-1de l’Enseignement. normal au minist
1289 3925 2014 3984 core en les rcontant les délices d’au¬
2009 3940 2740 4007 tre des Noirs au pays des Gentils. C’est
2738 3947 3413 4012 des Sciences et des Arts, est un
1282 3959 1482 4012 trefois
1999 3992 2737 4045 nous qulil entend Convertir, convainere
2736 3987 3353 4047 vrage sérieusement documenté,
1320 3982 2013 4058 L’élileur de u Casallova e de Zweig
2733 4023 3421 4091 avec clarté et agrément, orné de bea
2019 4025 2742 4079 de l’intérêt puissant que présente le né¬
1287 4039 2018 4095 nous donne en méine temps une bonne
2740 4062 3410 4124 portraits photographiques, II expo
2023 4066 2728 4120 gre du point de vie ertistique: sculp¬
1282 4069 2012 4132 traduction, par M. Maurice Rémon, du
2734 4102 3386 4143 nettement, preuves à l’appni. sans
2015 4108 2728 4149 teur, graveur, ouvrier d’art en Afrique:
1874 4122 2006 4167 B
