3436 4256
363 91 1070 124 in this semi-outlawed condition until a
377 115 1063 163 new edition was issued a few weeks ago,
364 146 1058 186 causing Mr. Sumner to return to the
363 176 1066 219 attack. Magistrate Gotlieb’s decision
363 216 1060 252 brings the book temporarily within the
369 240 1060 287 law. regardless of what action a grand
356 276 1069 312 jury may later take. In his decision
364 304 802 346 Magistrate Gotlieb sald:
418 337 1058 378 Counsel for both sides have fur¬
366 356 1067 425 nished the court with most excellent
367 407 1065 452 briefs for and against the question be¬
359 438 1066 484 ing considered With these briefs there
359 479 1059 517 has been submitted to this court the
373 502 1060 553 written opinions of such writers as
359 534 1066 583 Henry L. Mencken, Theodore Dreiser,
355 569 1060 614 Herbert Asbury, Heywood Broun, Dr.
361 605 1055 643 Harry Elmer Barnes, Sinclair Lewis,
350 640 1058 678 John Cowper Powys and others, recog¬
351 662 1053 723 nized as leaders in the fleld of literary
364 694 435 736 art
411 712 1063 776 "In the fleld of journalism I find,
353 752 1063 801 among the documents submitted to me,
361 796 1050 830 the opinion of Roy W. Howard, chair¬
365 821 1053 865 man of the board of Serlpps-Howard
360 858 1055 905 newspapers, who says, It is hard to
351 892 1054 937 beliove that any sensible, clean-minded
351 929 1053 960 person could find anything offensive in
357 958 1054 998 the book, It is difficult to believe that
358 993 1057 1035 its circulation would be anything other
360 1021 1053 1067 than a service to art and understand¬
360 1051 1055 1087 ing. Its attempted suppression is a
353 1082 1054 1134 dangerous challenge to the literary
355 1121 1057 1167 freedom of America, a challenge which
361 1152 1055 1184 merits the full attention of the press
357 1183 1054 1232 and warrants placing the spotlignt of
1365 88 1952 149 HEMSTREE2
1381 137 1938 205 96 WARREN STREET
1416 189 1889 275 NEW FORK CITT
1638 311 1829 384 WORLD
1203 470 1816 554 CASNNO N DSeR
1217 637 1885 727 GETSNCLEINVDIEE
1195 789 1874 857 Magistrate Gotlieb Found
1263 856 1796 940 Nothing Obscene in it
1189 995 1879 1081 1,564 COPIES IMPOUNDED
1181 1119 1872 1203 These Ordered Restored to
1239 1198 1809 1279 Firm, Simon & Schuster
1213 1328 1862 1381 Judging, he said, by something
1181 1369 1855 1431 more modern than the standards of
1177 1415 1849 1469 mid-Victorian days, Magistrate Got¬
1173 1459 1853 1513 lieb in West Side Court yesterday
1170 1493 1861 1553 held Arthur Schnitzler’s Casanova's
1180 1538 1848 1598 Homecoming not obscene and ordered
1181 1579 1857 1632 John S. Sumner of the Soclety for
1168 1627 1854 1686 the Suppression of Vice to return
1181 1670 1853 1724 1,564 seized copies to the publishers,
1171 1717 1549 1768 Simon & Schuster.
1216 1754 1860 1817 The book is not to be judged as
1169 1796 1860 1863 to its obscenity by the standards of
1180 1840 1848 1898 mid-Victorian days,“ Magistrate Got¬
1166 1876 1857 1945 leb sald in ##r opinion, but its
1167 1923 1851 1994 characters shali be Judged by the
1161 1966 1859 2038 standards prevailing at the present
1172 2022 1852 2067 time. Many plays, many books are
1162 2049 1852 2113 before the public today which, if
1165 2090 1857 2158 Judged by the old standards, would
1173 2140 1854 2200 be barred. The standards of life to¬
1163 2181 1843 2236 day as to plays and books and the
1161 2226 1846 2278 very habits of the people, have so
1171 2262 1845 2321 changed that was was regarded as
1162 2300 1852 2378 obscene and immoral yesterday is to¬
1167 2354 1757 2404 day reckoned as in proper taste.“
1196 2392 1838 2452 The summonses on which Magis¬
1154 2435 1839 2496 trate Gotlieb decided were for Rich¬
1155 2469 1849 2528 ard L. Simon and Lawrence W. Hoyt.
1159 2515 1837 2584 sales manager of the firm, charging
1169 2567 1829 2622 them with possessing and selling an
1165 2608 1426 2660 obscene book.
1234 2650 1771 2723 Didn't Shock the Magistrate
1196 2707 1845 2769 The court,“ sald the maglstrate,
1169 2761 1841 2815 Chas had imposed upon it the duty
1163 2779 1829 2851 of reading this book, whlich it has
1155 2841 1834 2894 done carefully, and has come to the
1161 2884 1847 2933 conchusion that the bock is not se
1155 2910 1825 2974 oblectionable and suggestive in char¬
1163 2964 1829 3014 acter as to warrant judicial con¬
1158 2981 1522 3037 demnation thereof.
1215 3016 1834 3075 Counsel on both sides have fur¬
1153 3057 1835 3102 nished the court with most excellent
1161 3103 1835 3141 briefs for and against the question
1151 3133 1837 3175 considered. With these briefs thefe
1155 3160 1836 3205 has been submitted to the court the
1155 3194 1835 3241 written opinions of such writers as
1159 3228 1822 3277 Henry L. Mencken, Tieodore Dreiser,
1147 3242 1825 3301 Herbert Asbury. Heywond Broun, Dr.
1147 3289 1823 3341 Harry Elmer Barnes, Sinclair Lewis,
1144 3322 1816 3377 John Cowper Powys and others, re¬
1154 3353 1824 3413 cognized as leaders in the field of
1143 3387 1380 3432 literary art.
1205 3411 1828 3470 Harry Hansen, literary editor of
1141 3458 1828 3506 the New York World and Harper’s
1143 3492 1829 3532 Magazine, says in an artiele that the
1150 3525 1815 3572 book in question is practically a
1155 3552 1817 3606 tract on the vanity of human wishes.
1250 3593 1726 3649 Finds Nothing Harmful
1184 3627 1827 3687 This court has come to the con¬
1143 3666 1825 3729 clusion thatlche book is not obscene;
1149 3695 1830 3754 that there is nothing within its
1147 3734 1825 3778 covers which tends to impair the
1141 3773 1814 3819 morals of any one reading it and
1141 3809 1821 3857 that process will not be issued for
1139 3829 1727 3882 the arrest of these defendants.“
1179 3867 1825 3917 Mr. Sumner protested that although
1147 3901 1821 3948 the books were in his custody they
1145 3933 1830 3985 were actually under police control
1142 3967 1821 4015 and that he could not return them.
1133 4000 1747 4049 He was oruered to do so anyway.
2386 3537 2430 3577 Ja
2384 3567 2463 3613 ingt
2416 3635 2442 3663 7
2381 3661 2480 3707 ter
2374 3697 2483 3742 Phila
2368 3731 2501 3775 skilled
2374 3766 2534 3807 several
2383 3799 2555 3840 various s
2369 3829 2535 3874 land. N
2369 3864 2615 3901 tune estlmat
2372 3897 2666 3937 his father. He
2735 3928 2765 3971 01
2374 3927 2681 3976 late John Hay,
2378 3962 2777 4006 late William C. Whitn
2370 3997 3025 4054 the Navy during the Cleveland ad¬
2381 4021 2627 4085 ministration.
2852 4056 3055 4092 manA
