3392 4256
529 162 1334 235 asanovas Heimfahr
304 166 1430 274 30   en e den e e e e e e
1549 157 1990 248 box 4/11
1969 931 2074 998 16
1523 1035 2640 1116 that it was his deliberate intention to write a
1511 1101 2217 1164 shocking and salacious book.
1419 1188 2632 1245 Decision of the Court: The Court affirmed the ver¬
1514 1233 2628 1299 dict of a jury on the ground that the New York
1523 1278 2632 1342 Society for the Suppression of Vice did not
1512 1342 2612 1398 have reasonable and probable cause for prose¬
1519 1382 2613 1435 cuting the book. The Court held that the com¬
1511 1433 2626 1480 plainant (Mr. Sumner) had not been Preason¬
1519 1497 2628 1551 able, cautious and prudent'’ in instigating the
1513 1534 2619 1604 eriminal prosecution, and upheld a verdict for
1510 1595 2321 1666 damages against the Vice Society.
1409 1734 2616 1805 Case: People v. Donald Friede and Corici Friede,
1516 1793 2624 1854 Tnc., Court of Special Sessions, City of New
1506 1851 2029 1936 York, April 19, 1929.
1417 1937 2412 1997 Title of Book: The Well of Loneliness“.
1416 2010 2616 2079 Theme: Story of the early childhood and woman¬
1514 2065 2605 2113 hood of a female invert, portraying her sex ex¬
1517 2116 2620 2184 periences and relations with normal men and
1517 2169 1728 2232 women.
1408 2229 2607 2294 Decision of the Court:“This is a criminal prosecu¬
1517 2298 2614 2363 tion and as judges of the facts and the law we
1517 2349 2616 2396 are not called upon, nor is it within our prov¬
1512 2398 2620 2458 ince, to recommend or advise against the read¬
1517 2446 2616 2506 ing of any book. Nor is it within our province
1513 2509 2622 2568 to pass an opinion as to the merits or demerits
1510 2554 2606 2612 thereof, but only as to whether same is in vio¬
1517 2598 2616 2657 lation of the law. The People must establish
1510 2656 2628 2705 that the defendants are guilty of a violation of
1515 2703 2525 2758 Section 1141 beyond a reasonable doubt.
1558 2760 2619 2811 “After a careful reading of the entire book,
1508 2812 2616 2874 we conclude that the book in question is not
1500 2856 2600 2927 in violation of the law and each of the defend¬
1508 2908 1937 2977 ants is acquitted.“
1399 3056 2608 3120 Case: U. S. v. Dennett, 39 Fed. (2d) 564. March
1510 3111 1729 3198 3, 1930.
1403 3194 2391 3284 Title of Book:"The Sex Side of Life.“
1402 3274 2616 3329 Theme: An explanation of sex life in detail, both
1488 3332 2600 3388 physical and emotional, describing the sex or¬
