3484 4224
510 160 1455 222 Casanovas Heimfahrt
1589 150 1994 240 box 4/10
307 153 1430 259 30. SubanmanAn
2742 1216 3434 1292 LA TRIBUNE DE GENEVE
2458 1280 3428 1342 Tet sa mère me semble mienx conduit, plus
686 1311 824 1390 garun
2452 1331 3431 1385 Tachevé dans son dénouement, plus intéressan
1490 1279 2201 1407 VIENT DE PARA.
2279 1289 2402 1430 2
2475 1370 3424 1425 méme au point de vue psychologique, que T’au¬
850 1286 1425 1459 n
2490 1401 3418 1461 tre, celui dont Alain, Tota et Marcel sont le
776 1406 865 1488 8
946 1422 1140 1503 nmumrnmrent
2491 1445 3419 1494 acteurs. Des deux côtés, il y a une manière
2483 1484 3428 1533 de rédemption; et la vocation d’Alain répond
1090 1416 2370 1599 NOTES en MARGE 8
2494 1518 3426 1576 assez bien au revirement de Mmne de Bié
740 1435 956 1604 *
2488 1559 3416 1604 nauge; toutefoit, dans le escond cas, il sem
2486 1590 3424 1651 bie que la solution est un peu brusquée. Elle
1348 1567 1561 1667 des
1891 1571 2218 1698 76
2497 1622 3426 1688 est moins originale aussi, et pour tout dir
2491 1674 3426 1721 c’est l’endroit du livre qui me plaft le moine
2523 1715 3428 1767 Mais cela n’enléve rier à ce roman de ###
1132 1583 2278 1787 LIVRES NOUVEAUX—
2488 1745 3423 1807 valeur. Tentends de sa valéur littéraire. Peut
996 1737 1165 1831 S
2495 1794 3426 1836 être voudra-t-on en tirer des conclusions du
2511 1831 3422 1879 côté des théologiens, qui s’occupent beaucou
1567 1817 2506 1893 bie qui n’inspire pas de pitié, mais du dégodt.
631 1831 1583 1887 Ce qui était perdu, par François Mauriac.
2502 1872 3406 1917 des romans par le temps qui court et qui
1580 1876 2504 1924 Cependant, la lutte qui se livre dans ces ámes
1074 1871 1591 1943 Deux hommes en moi,
665 1877 1093 1939 (Grasset, Paris). —
2502 1896 3426 1964 cherchent quelquefois des argumente apologe
1578 1918 2509 1965 obscures fait resplendir des clartés que Mau¬
670 1908 1372 1977 par Daniel-Rons. (Plon, Paris).
1414 1920 1587 1972 Albert
2497 1930 3419 2006 tiques. Je n’y vois pas d’inconvénient. Cepen
1588 1950 2509 2002 riac, jusquici, avait seulement laissé entre¬
667 1963 1585 2018 Londres n’a rien vu, par Francis Doré.
2497 1963 3422 2026 dant, il ne me paraft pas qu’on puisse infé
1588 1994 2506 2043 voir. C’est Irène de Blénauge, d’abord, l’un
668 1990 1582 2048 (Figuière, Paris). — Proie des femmes, par
2496 2021 3425 2073 rer grand'chose, en faveur de la religion, de
1578 2025 2502 2079 des plus beaux types de stoique que la litté¬
671 2037 1537 2085 Marcel Andrys. (Albin Michel, Paris).
2498 2050 3420 2103 cette sombre histoire. A moins qu’on
1573 2061 2515 2123 rature ait créés. II edt été facile, trop facile,
679 2060 1573 2125 Casanova, par Stefan Zweig. (Attinger,
2512 2083 3416 2141 veuille souligner cette vérité, illustrée p#
1587 2100 2515 2150 d’en faire une sainte; l’auteur en a fait une
678 2109 1123 2167 Paris et Neuchätel).
1145 2102 1576 2175 — Le retour de Casa¬
2510 2129 3425 2181 Mauriac, que le bien pent sortir du mal et que
1577 2140 2508 2194 nietzschéenne, comme s’il se voulait garder
664 2157 1397 2215 nova, par Arthur Schnitzler. (Id).
2502 2158 3414 2223 T’excès mème de la pourriture est un terrea
1574 2176 2502 2236 de recourir aux procédés commodes du roman
2499 2202 3424 2267 propice à la gräce. Pecca fortiter sed fomting
1571 2217 2513 2270 à these. Telle qu'il l’a concue et décrité, cette
671 2202 1582 2263 L’auteur de e Genitrix# et de & Thérèse Des¬
2509 2243 3427 2293 crede! dit un vieil adage. Si Augustin n’ava##
1570 2242 2502 2301 figure est d’une grandeur émouvante et les
643 2250 1584 2301 queyrouxs demeure égal à lui-méme, ce qui
2497 2283 3415 2332 été d’abord un grand pécheur, il n’aurait peut
1579 2288 2497 2347 pages ou, ayant jugé la vie, sans appel pos¬
636 2298 1581 2350 est remarquable, et sans se répéter, ce qui
2502 2306 3400 2371 étre pas été un grand saint. Si Irène avait ét
1578 2328 2506 2376 sible, elle s’approche doucement de la mort, à
641 2322 1586 2384 est plus rare encore. A la série déjà longue de
2500 2348 3411 2408 une bonne paroissie ie et Tota une petite fill
1575 2361 2507 2425 Theure de son choix, touchent aux sommets.
635 2363 1584 2424 grands romans qu’il a signés, il vient d’en
2500 2381 3415 2460 bien sage, évidemment, ce qui était perdt
638 2412 1583 2450 ajouter un qui marque comme une étape nou¬
1609 2409 2510 2466 La mère. d’Hervé n’est pas moins atta¬
2506 2428 3310 2500 n’aurait pas eu besoin d’étre retrouvé.
635 2442 1580 2490 velle de son talent. & Ce qui était perduv est
1586 2440 2518 2498 chante, sinon par elle-méme, — car elle nous
2525 2455 3419 2523 Pour moi, je me satisfais pleinement d
638 2484 1576 2541 un beau livre, ou l’on retrouve, avec l’élé¬
1582 2479 2517 2535 est présentée d’abord comme une vieille fem¬
2508 2504 3422 2562 trouver sous la plume de François Mauria
643 2518 1582 2576 gante sobriété dont Mauriac ne se départ
1582 2520 2514 2572 me assez sotte et encombrante, — du moins
2496 2541 3421 2606 une peinture si forte, une Gude de caractère
638 2562 1580 2610 jamais, cette puissance créatrice, ce don de
1587 2548 2505 2615 parce qu'elle incarne un amour maternel as¬
2499 2592 2763 2648 si poussée.
635 2570 1577 2645 rendre sensibles les drames intérieurs, cette
1586 2596 2507 2645 sez fort pour condamner Jui-mème ses fautes.
2553 2615 3419 2677 II y a deux hommes en chacun de nou#
643 2629 1585 2685 connaissance profonde de la passion, cette op¬
1574 2632 2520 2680 En effet, Mme de Blénauge mère, qui n’avait
2504 2658 3408 2713 Tous, si nous sommes doués d’un peu de re
647 2671 1589 2733 position continuelle, tour à tour sourde ou vio¬
1572 2660 2507 2732 jamais compris sa bru et qui donnait à cette
2505 2690 3410 2748 flexion, nous l’avons pu constater, et les hérd
649 2701 1587 2756 lente, entre la chair et T’esprit, qui caractéri¬
1567 2707 2509 2769 créature supérieure laffligeant spectäcle
2504 2737 3414 2798 de Mauriac eux-mèmes nous ie disent. Cett
1564 2739 2514 2807 d’une dévotion étroite et bornée de bigote, en
640 2734 1380 2812 sent l’cuvre entière de l’écrivain.
2513 2767 3411 2828 mystérieuse coexistence a inspiré à M. Da
1570 2780 2509 2840 arrive, Irène morte, à se reprocher de n’avoir
669 2794 1590 2849 Ici comme ailleurs, les personnages ont
2511 2808 3419 2863 niel-Rops quatre récits qu’il a réunis sous 6
1587 2822 2512 2878 pas su lui montrer ce qu'elle discerne enfin
645 2830 1597 2895 presque tous quelque chose de morbide. Ile
2513 2847 3403 2908 titre commun: e Deux hommes en moi##,
1578 2854 2513 2906 être le vrai visage de la religion. La scène ou
643 2868 1598 2930 sont affligés de tares, ils participent d’une in¬
2498 2895 3238 2943 qui sont tout àd fait remarquables.
1577 2888 2509 2953 se révéle ce nouvel état d’esprit est encore un
648 2911 1590 2959 quiétude malsaine que nous connaissions.
2528 2904 3384 2973 Deux hommes vivent ensemble, loin
1585 2931 2520 3000 de ces sommets auxquels Mauriac atteint avec
652 2942 1594 3001 Hervé de Blénauge, áme médiocre de jouis¬
2491 2958 3416 3027 monde, presque sans contact avec leurs sen
1584 2977 2084 3036 une tranquille audace.
640 2983 1585 3045 seur cul guette avec envie le bonheur d’au¬
2508 2997 3416 3056 blables: ce sont les deux ingénieurs d’un
1605 2998 2509 3057 Alain, le frère de Tota, le frère dont Marcel
639 3016 1595 3079 trui; Marcel Revaux, qui a vécu longtempe
2510 3043 3421 3086 usine électrique, sise en haute montagn
1592 3048 2513 3100 est jaloux, représente lui aussi une victoire
655 3062 1594 3107 aux dépens d’une femme et qu’obsede, dans
2504 3070 3412 3126 L'un, le narrateur, eubit à un tres haut degi
1592 3073 2500 3136 morale, bien que ce soit, à mon sens, une sil¬
647 3097 1596 3154 l’état de mariage, une hantse confinant à la
2506 3117 3410 3164 l’influence de Tautre, qui le domine, qui 1i
1578 3115 2507 3177 houette plus falote, d’un dessin moins ferme.
635 3129 1588 3191 folie; Tota Forcas, la femme de Marcel, qui
2509 3145 3413 3207 impose sa supériorité, mais qui excite pou
1582 3146 2510 3208 IIya, dans le roman, deux drames parallèles,
634 3174 1586 3232 attend d’une aventure sa délivrance et qui
2509 3175 3410 3238 ce motif mème sa colère, presque ea hain
1575 3184 2517 3252 les drames de deux ménages; je ne songe
646 3206 1592 3260 passe ses nuits à danser, tout cela forme une
2508 3222 3416 3280 Une pareille situation est parfaitement cor
1587 3237 2512 3280 noint à les raconter et à les expliquer äci.
643 3247 1592 3299 humanité d’une tragique vérité et d’un mo¬
634 3261 3407 3331 dernisme authentique, une humanité miséra- Mais celui qui se joue entre Hervé, sa femme cevable. Dans les conditions ordinaires de 1
