3436 4320
448 155 1351 235 Casanovas Heimfahrt
1498 153 1929 252 box 4/10
249 172 1363 284 30   ene e e e e e e
2025 660 2207 782 —
1710 750 2586 837 allerdings daran geknüpft: daß nämlich die
1712 824 2581 897 deutschen Wiener Künstler auch künftig
1713 882 2585 939 der slavischen Kunst und Künstlerschaft
1714 917 2582 1003 nicht feindlich gesinnt sein mögen. Um es
1707 989 2584 1051 nur zu sagen: Eine überflüssige Bedingung.
1710 1030 2568 1096 Ein Gegenstück: In Brünn wurde von Chau¬
1717 1075 2570 1150 vinisten das dortige Deutsche Theater für
1715 1122 2580 1182 tschechische Vorstellungen requiriert. Als
1707 1175 2583 1249 es zum Spielen kam, verweigerten die
1704 1211 2568 1291 tschechischen Künstler den Dienst, weil sie
1702 1277 2575 1345 sich zu einer Schädigung ihrer deutschen
1697 1318 2573 1395 Kollegen nicht hergeben wollten. —! Nur
1699 1373 2493 1441 auf solche Art werden wir uns finden!
1642 1481 2264 1590 ACHRICHTEN. 7 K
1692 1569 2628 1670 Komponisten fallen sollen. Bisher wurde zu
1693 1647 2574 1722 gleichen Teilen geteilt. Die Buchmacher be¬
1702 1704 2571 1767 haupten, daß sie diejenigen seien, die das
1698 1742 2563 1814 Hauptverdienst an dem Erfolg eines Wer¬
1688 1790 2570 1869 kes haben. Das stimmt gewiß nicht bezüg¬
1699 1847 2577 1925 lich des „Dreimäderlhauses“ und ähnlicher
1696 1893 2584 1960 Renaissancen, wo allerdings auch der, wel¬
1690 1930 2568 2004 cher heute für den musikalischen Teil
1687 1996 2571 2074 zeichnet, seine künftigen vierzig Prozent
614 1991 1144 2097 15 JANUAR 1910
1691 2043 2571 2098 nicht verdient. Wie wäre es mit einem
952 2029 1467 2132 Der Merker, Wien
1691 2092 2578 2182 Preisprüfungsamt im erwarteten Saatsamm
1690 2133 2096 2220 für schöne Künste?
1044 2237 2308 2361 VON NEUEN BUCHERN UND NOTEN.
794 2334 1669 2410 ARTHUR SCHNITT·ER: CASANOVAS
1682 2341 2567 2434 er entdeckt das Mannigfaltige, indem er
1074 2360 1407 2454 HEFEERT
1679 2398 2567 2478 darin den Gegenstand sucht, den er ent¬
843 2426 1663 2510 Casanovas Liebe ist nicht die griechisch¬
1680 2456 2552 2537 decken will. Die Begierde ist also erwacht,
800 2481 1665 2553 seelische, sie ist rein sinnlich, daher treu¬
1673 2508 2555 2568 aber nicht als Begierde bestimmt; das ist
804 2543 1660 2605 los. Casanova liebt nicht eine, sondern alle,
1668 2559 2551 2626 sie erst im dritten Stadium, wo sie be¬
801 2596 1662 2653 das heißt, er verführt alle. Er ist nämlich
1676 2607 2547 2673 gehrende Begierde ist, während sie im
809 2636 1665 2708 — wie Kierkegaard von Don Juan behaup¬
1671 2650 2555 2720 ersten Stadium als träumende, im zweiten
805 2683 1672 2741 tet — nur im Moment, der Moment aber
1679 2703 2558 2767 als suchende Begierde bestimmt ist. Diese,
810 2742 1672 2797 ist begrifflich gedacht eine Summe von
1676 2756 2549 2817 die suchende, begehrt noch nicht; sie sucht
807 2785 1660 2849 Momenten, und damit haben wir den Ver¬
1681 2802 2545 2871 nur das, was sie begehren kann, begehrt
803 2843 1657 2898 führer. Casanova ist vielleicht (etwas para¬
1680 2857 2548 2925 es aber nicht. Das bezeichnendste Prädikat
801 2877 1668 2962 dox gedacht) mit Papageno zu vergleichen.
1675 2889 2542 2968 für sie ist vielleicht: sie entdeckt. — Der
791 2941 1648 3004 Bei beiden geht die Begierde auf Ent¬
1676 2939 2539 3012 in die Augen am schnellsten fallende Unter¬
799 2984 1658 3062 deckungen aus. Die Freude am Entdecken,
1667 2989 2545 3058 schied ist aber natürlich die Intelligenz.
801 3043 1652 3095 das ist das Pulsierende in ihnen, das ist
1673 3037 2549 3109 Denn sonst könnte ich Casanova eventuell
798 3072 1649 3148 ihre Munterkeit. Wie Papageno (Kierke¬
1676 3099 2546 3155 auch mit dem Kollektivschwiegersohn Her¬
786 3142 1653 3195 gaard) findet Casanova den eigentlichen
1669 3137 2551 3215 kules vergleichen. Aber Casanova ist ein
790 3192 1658 3256 Gegenstand dieser Entdeckung nicht, aber
1661 3201 2549 3283 genialer Verführer, vielleicht von genialer
1606 3267 1719 3361 73
