3484 4320
493 151 1388 230 Casanovas Heimfahrt
1514 150 1967 249 box 4/10
274 148 468 255 30.
467 171 1401 267 Cus einran
2269 495 3235 589 , Duele finden statt. Der Mercaite dei
2019 507 2189 589 —.—
1306 519 1940 592 tul Keehleire... — — — —
2270 566 3236 619 segreti aber lächelt nur geheimnisvoll, bis auch
1301 555 2249 634 Expressionismus und den Kunstformen der deut¬
2279 616 3246 672 seine Stunde schlägt. Diese indiskrete Chronik hat
1310 618 2260 669 schen Literatur reden, wo es zu erkennen gilt, daß
2267 645 3242 715 nämlich ein Priester geschrieben, der vieles wissen
1315 670 2263 720 der deutsche Zusammenbruch sich schon längst in
2269 698 3244 753 konnte; nicht durch des Priesters Willen, karn sie
1310 707 2270 763 dem die Macht besitzenden Teil der deutschen. Li¬
2275 739 3240 795 durch seltsame Umstände in des Krämers Hand.
1308 750 2262 809 teratur angekündigt hat. Es ist eine Literatur des
2273 785 3238 852 Es ist klar, daß die ganze Stadt einhellig des Krä¬
1303 798 2266 867 Zusammenbruchs: eine düstere und traurige und
1150 794 1242 874 F
290 793 1164 890 Sinnlichkelt. Er vergnügt sich mit einem
2266 825 3249 880 mers Geheimnis zu ergründen strebt. Vom Tage,
1317 841 1925 909 nicht sehr würdevolle Literatur.
302 854 1161 930 schönen Mädchen, Prinzessin oder Modistin,
2268 870 3252 950 da das Geheimnis offen liegt, ist auch seine Rille
1338 875 2247 974 „Der Geheimniskrämer“ von Raoul
2266 908 3248 982 ausgespielt. Der Furchtbare ist gestürzt. Auera¬
1165 906 1250 975 u
301 913 1167 981 und denkt zugleich an seine Schrift, die
1593 950 1993 1016 Auernheimer.
2266 961 3251 1018 heimer hat der Geschichte dieses boshaften, bitte¬
306 970 802 1039 Voltaire vernichten soll.
2274 1010 3252 1056 ren Menschen alle disponibeln Humore aufgesetzt.
1341 992 2270 1082 Auernheimer hat vor Jahren eine Novelle
328 993 1179 1087 Durch Schnitzlers Buch geht der Atem
2282 1048 3250 1099 Hätte er an der peinlichen Chronik nicht auch dan
1316 1058 2272 1114 „Laurenz Hallers Praterfahrt“ geschrieben, die
292 1065 1171 1137 der Dichtung. Ein lebendiger Geist und ein
2282 1087 3249 1154 Menschliche teil haben lassen und vieles mit scho
1306 1099 2266 1155 vielleicht die sinnfälligste Charakterstudie des Wie¬
1153 1099 1236 1174 K
302 1118 1166 1180 empfindender Mensch hat es geschrieben.
2286 1130 3248 1186 nender Diskretion erzählt, so würde die Novelle
1309 1144 2277 1205 nertums ist: Ein kleines Kunstwerk. Man wundert
1858 1179 1903 1222 77
288 1169 1173 1233 Man fühlt, die Wehmut eigener Erkenntnis
2279 1173 3252 1238 nicht als ein Teil der ewiggleichen Komödie des
1319 1185 2266 1236 sich eigentlich, daß dieser sorgfältige und geschmack¬
297 1215 1168 1280 hat es zu schreiben mitgeholfen. Marcolina
2281 1214 3258 1272 Lebens wirken. In Anmut erzählen, mit heiterer
1326 1229 2274 1285 volle Novellist nicht bekannter ist. Er erzählt leb¬
2287 1264 3259 1326 Stirne — und wie die alten Italiener — lächelnd,
296 1257 1169 1320 ist seltsam liebesfähig und liebenswert.
1316 1274 2281 1330 hafter, auch routinierter als die meisten seiner
2283 1313 3255 1377 dies wollte Auernheimer, nicht mehr. Aber es ist
1143 1304 1225 1397 C
305 1316 1171 1383 Trotz ihrer stark betonten Beschäftigung
1311 1309 2283 1367 Kollegen; wenige dürften wie er so ausdauernd
2289 1350 2440 1424 genug.
1324 1362 2275 1421 am französischen Roman alles Lernbare gelernt
301 1367 1167 1430 mit Wissenschaften, Mathematik und Phi¬
2336 1388 3262 1475 Die Novelle ist bei S. Fischer (Berlin) er¬
1313 1402 2281 1460 und dem eigenen dienstbar gemacht haben. Seine
302 1406 1173 1468 losophie, ist sie weiß und leicht — schön.
2288 1423 2488 1515 schienen.
1320 1445 2287 1514 neue Novelle erfüllt das novellistische Gesetz ge¬
292 1461 1170 1535 Und dieses Bild ist das Hauptverdienst die¬
2303 1466 3244 1571 „Casanovas Heimfahrt“ von Arthür
1326 1482 2286 1543 radezu in erstaunlicher Weise. Sie hat nämlich
299 1506 1170 1588 ses Buches. Trotzdem wir uns den Stoff
1321 1541 2286 1590 einen „Falken“, an dem nicht nur Heyse, sondern
300 1559 1175 1629 vollkommen assimiliert haben, ist das
1330 1587 2285 1633 auch Keller seine Freude hätte. Der Geheimnis¬
2280 1448 3260 1637 Gie lscheenen.
304 1615 1177 1679 Kunstwerk noch immer virulent, der for¬
1325 1625 2283 1675 krämer bringt eine ganze Kleinstadt in namenlose
2284 1626 3264 1682 jahre, als Casanova längst nicht mehr von der
307 1654 1178 1722 male Ausdruck von tiefer Kraft, dem In¬
1329 1669 2280 1723 Pein, indem er auf den Papieren, aus denen der
2286 1674 3258 1723 Abenteuerlust der Jugend, sondern von der Ruhe¬
301 1698 1180 1767 haltsadäquat. Casanova kehrt als seltsamer
1328 1714 2286 1766 Krämer seine Düten dreht, das Sündenregister der
2288 1710 3261 1765 losigkeit des nahenden Alters durch die Welt ge¬
1324 1749 3283 1822 ganzen Stadt aufwirbelt. Es ist, als ob der Mann jagt wurde,“ packte ihn so heftig das Heimweh
309 1753 1188 1826 Greis, fast immer Greis nur im Spiegel, nach
306 1813 1187 1871 Venedig zurück. Vor seiner Heimfahrt, auf
307 1862 1190 1921 dem Gute seines Freundes, dessen Gattin
303 1901 1183 1969 und Tochter er besessen hat, bei Mantua
304 1956 1182 2020 liebt er als Mann zum letzten Male. Was
303 1996 1188 2071 kommen wird, ist Greisenliebe. Er fühlt
313 2047 1172 2116 sich noch als Jüngling, da er Marcolina um¬
311 2103 1180 2164 armen will. Ebenbürtig fühlt er sich seinem
312 2148 1188 2217 Nebenbuhler und Ebenbilde von dreißig
306 2199 1189 2266 Jahren vorher: Lorenzi. Und wundervoll
314 2249 1178 2307 ist die Szene in Marcolinens Zimmer, da
310 2313 1186 2354 er, an ihrer Brust eingeschlafen, sein Leben
311 2348 1193 2417 träumt, erwachend, den Zug des Ekels in
302 2397 1190 2461 ihren Zügen sieht und nun weiß, daß er
309 2448 1183 2510 Leben nur noch träumen kann, weil es vor¬
318 2488 1191 2559 über ist. Im letzten Aufflackern seiner Kraft,
317 2548 1193 2608 nackt und schlank, ersticht er im Duell im
308 2599 963 2666 morgendlichen Garten Lorenzi.
1200 2613 2069 2708 e#von Edgar Allan Poe neikommneenen
340 2642 1185 2706 „Casanovas Heimfahrt“! Ist es nicht
1202 2693 2075 2746 von Schnitzlers „Dämmerseelen“. On est
318 2698 1181 2756 Schnitzlers Heimfahrt auch? Hätte es nicht
1194 2727 2067 2797 toujours le fils de quelqu' un. Dieser aber
323 2735 1192 2823 Wedekinds Heimfahrt, Strindbergs Geburt
1190 2782 2078 2840 bridgt ein höchst orginelles Temperament
321 2790 713 2859 werden können?
1193 2824 2067 2911 it, eine ungewöhnliche Darstellungskraft
350 2821 1190 2897 Dieses Buch ist schön und tief, duftig und
1191 2864 2074 2949 und ein starkes menschliches Mitleid für
306 2888 1201 2962 stark; es klingt wie ein Scherzo und ist ein
1205 2923 2074 2990 unglückliche Durchschnittsmenschen, die
323 2944 524 3006 Andante.
1209 2990 2077 3044 durch ein unbegreifliches Schicksal, dem sie
342 2970 1022 3052 Ein Dichter hat es geschrieben.
1202 3030 2070 3106 auf phantastische Art verfallen, durchrüttelt
625 3010 1143 3116 Hans Gerhard Schoflz.
1195 3070 2071 3145 und vernichtet werden. Dies Buch ist mehr
1200 3121 1749 3197 als nur eine Talentprobe.
378 3102 1119 3221 DAS „LANDHAUS“ UND SEINE
1227 3157 2074 3251 Anspruchsvoller gibt sich schon Martin
632 3176 882 3251 BUCHER.
345 3220 2075 3303 Mitten im Kriege hat die feine Hand einer Roehl in seinem Novellenband: „Das
1129 3307 1256 3408 74
