3436 4320
1542 215 2007 324 box 4/10
500 231 1366 326 Casanovas Heinfahr
290 221 627 350 30. Cas
1308 268 1436 341 1 1.
900 270 1079 341 S fL
674 275 783 348 IN
561 1032 1285 1153 Di0 Zeit, Wien 401/ 19#
423 1118 1304 1187 arl, De ihin gegibenehschr##
1493 1187 3378 1267 ch zum Sterben nach abwärts steigt".] Olivo, der Wirt, erzählt ihm, und Amaliaen
1322 1207 1488 1299 zallr
2293 1260 3384 1337 bestätigt es ihm, Marcolina habe alle weid¬ Pud
1478 1267 2297 1331 ist noch immer kein sterbender, sondern
1329 1276 1459 1338 Abe
627 1240 1216 1390 Feuikieren., 1010
2295 1295 3390 1376 lichen Tugenden und noch ein paar männliche r es
1331 1310 2302 1373 e# oser Vogel, dem das Alter bloß den Streich
2294 1344 3396 1428 dazu, nur nicht die der Liebe. Sie schlage jedt #
1335 1360 2303 1431 spielt, ihm den bisherigen Liebesruhm, der schon
2296 1395 3405 1465 Werbung aus, so auch die des Leutnan# #ng
488 1373 1243 1487 Casanovas Heimfahrt.
1334 1409 2306 1467 manchen schwarzen Flecken trug, endgültig zu
2297 1458 3384 1524 Lorenzi, der im Hause verkehre und sieerste
1340 1457 2305 1513 beschmutzen. Schnitzler hat keine rechte Liebe zu
369 1452 1337 1554 Arthur Schnitzlers neue Novelle.
3260 1489 3381 1555 wer
2296 1483 3286 1569 seiner Cattin machen wolle. Casanova lernt
1320 1498 2310 1574 der Figur, sie hat ihm nicht viel gesagt, sie hat sich
919 1523 1047 1573 Maeeeiesbeasen
3255 1540 3388 1602 fund
2296 1542 3268 1615 Lorenzi kennen und erblickt in dem schönen
443 1525 1335 1607 „In seinem breiundfunfsasten Lebens¬
1330 1556 2313 1636 ihm nicht aufgedrängt, um durch sie Bedeut¬
3251 1580 3392 1653 sein
2285 1590 3274 1673 Jüngling seine eigene Jugend, so war
352 1572 1342 1660 jahre, als Casanova längst nich mehr von der
1342 1595 2299 1661 sames zu lehren. Sie ist ihm nur ein historisch¬
2285 1639 3383 1719 er, als er noch er war. Ein Ver- ruch
366 1648 1334 1707 Abentenerlust seiner Jugend, sondern von der
1332 1645 2307 1723 legendarischer Behelf für seine eigene maßlose
2294 1695 3378 1771 hältnis dieses Lorenzi mit der Gattin in
358 1695 1336 1775 Ruhelosigkeit nahenden Alters durch die Welt
1336 1696 2307 1770 Ueberschätzung des Rein=Erotischen. Diesen
2292 1740 3281 1812 eines alten und reichen Marchese, der gleich¬
1341 1745 2309 1807 dreiundfünfzigjährigen Casanova, der auf die
371 1749 1339 1804 gejagt wurde, fühlte er in seiner Seele das
2300 1777 3318 1867 falls bei den kleinen Spielabenden im Hause
366 1784 1341 1861 Geimweh nach seiner Vaterstadt Venedig so
1338 1795 2307 1863 Antwort des Senats von Venedig zittert, ob
2297 1830 3276 1888 erscheint, ist auch für jeden weniger scharfen
357 1830 1343 1907 heftig anwachsen, daß er sie gleich einem Vogel,
1336 1842 2300 1918 er heimkehren dürfe oder nicht, trifft in Man¬
3260 1848 3383 1921 34h
2308 1888 3275 1942 Beobachter offensichtlich. In einer Nacht aber,
372 1889 1347 1964 der aus luftigen Höhen zum Sterben allmählich
1330 1886 2305 1952 tua ein alter Bekannter aus den Memoiren,
3268 1891 3385 1959 Ehr
2311 1931 3276 1989 da der verliebte Casanova den Schlaf nicht
370 1942 1348 2011 nach abwärts steigt, in eng und immer enger
1343 1942 2300 2006 dem er vor etwa fünfzehn Jahren großmütig
2304 1982 3276 2047 finden kann und vor Morgengrauen zum
373 1982 1275 2051 werdenden Kreisen zu umziehen begann.“
1336 1974 2304 2050 eine Frau und ein Häckchen Dukaten dazu über¬
3269 1988 3382 2052 keit
2305 2017 3279 2098 Fenster Marcolinens schleicht, öffnet sich dieses,
365 2009 1336 2104 Mit diesem Satz, der für mich zu den schönste:
1340 2031 2308 2104 lassen hatte, und schleppt den Widerstrebenden
3263 2037 3378 2099 Abe
2304 2079 3272 2149 und Lorenzi entsteigt ihm. Halb toll vor Liebe
373 2078 1348 2145 gehört, die ich in deutscher Erzählerkunst ge¬
3266 2089 3379 2151 dab
1337 2084 2309 2150 als Gaft auf sein nahes Besitztum, um ihm zu
2307 2131 3279 2186 und Beschämung sinnt Casanova, sich zu rächen,
374 2128 1341 2193 funden habe, beginnt diese Erzählung, in der
1342 2136 2306 2196 zeigen, wie glücklich er dort durch Casanovas
2295 2158 3382 2242 oder die Waffe, die er nun besitzt, für seine Zen
363 2176 1338 2241 Schnitzler dem großen Abenteurer des Spiels
1335 2174 2304 2243 einstige Großmut mit Frau und Kindern
2304 2218 3395 2287 Lust zu gebrauchen. Die Gelegenheit ist ihm rad
363 2226 1345 2296 und der Liebe gleichsam vor Torschluß noch ein
1337 2221 2316 2301 lebe. Ungern läßt sich Casanova nötigen; bloß
2310 2267 3383 2336 günstig: beim Spiel gewinnt er, währendi trag
364 2272 1342 2335 Erlebnis schenkt, ehe er ihn in die Schmach der
1342 2261 2307 2338 die Erwähnung einer jungen, schönen und
2302 2302 3273 2380 Lorenzi 4000 Dukaten verliert, die er dem
361 2323 1339 2396 Spionagedienste untertauchen läßt, die Casanova
1337 2324 2312 2386 gelehrten Nichte, die im Hause den zudring¬
3269 2329 3390 2395 zah
2298 2363 3284 2438 Marchese schuldig wird. Der Marchese, dem das
366 2372 1341 2431 im Alter dem Senat von Venedig geleistet
3263 2378 3381 2435 kein
1343 2372 2307 2439 lichen Gastfreundes zu finden wäre, bestimmte
2302 2421 3277 2486 Verhältnis seiner Gattin zu Lorenzi bekannt
373 2410 1348 2493 haben soll, um sein Leben in der Vaterstadt zu
1343 2424 2308 2489 ihn schließlich, sich mitschleppen zu lassen. Auf
3262 2427 3334 2482 w
2304 2472 3272 2539 ist, benützt den Anlaß, um Lorenzi zu insul¬
380 2474 1341 2535 Ende fristen zu können. Die Schönheit und
1337 2474 2313 2543 dem ländlichen Gutshof begrüßt ihn Amalia,
2306 2511 3288 2579 tieren, und der Offizier ist ein Verlorener,
377 2515 1345 2582 ruhige Ueberlegenheit dieses ersten Satzes das
1347 2523 2304 2594 die Gattin des Hausherrn, gleich als den ehe¬
3262 2522 3339 2581 18
2303 2556 3285 2633 wenn er nicht bis zum nächsten Morgen seine
3267 2561 3392 2636 Ver
377 2572 1349 2638 freilich in mir Erwartungen erweckt, auf deren
1340 2562 2315 2641 maligen Geliebten und stellt ihm ohne Zögern
2315 2611 3279 2678 Schuld an den Marchese begleichen kann.
3266 2614 3384 2681 lan
370 2616 1345 2669 Erfüllung es Schnitzler offenbar gar nicht ab¬
1347 2621 2308 2687 eine Liebesnacht in Aussicht — für sie ist er
2302 2667 3375 2736 Casanova eilt dem verzweifelt fortstürzenden den
365 2665 1347 2734 gesehen hatte. Das letzte Abeateuer Casanovas
1337 2659 2313 2731 nicht gealtert, sondern trägt noch den Glanz
360 2708 1349 2797 auf seiner Heimfahrt nach Venedig wächst näni¬
2304 2706 3283 2780 Lorenzi nach und stellt ihm die gewonnenen
1341 2718 2312 2783 jener Jugend an sich, die sie vor fünfzehn
383 2759 1340 2816 lich nicht aus seinen bisherigen Abenteuern
2303 2759 3278 2820 4000 Dukaten zur Verfügung, wenn er ihn diese
3257 2759 3380 2835 zähl
1342 2762 2310 2837 Jahren entzückt hat. Aber er hat nur Augen
2304 2809 3286 2878 Nacht in seinem Mantel an seiner Stelle zu
375 2804 1350 2872 heraus, sondern es wächst ihnen zu. Noch eines
1348 2813 2308 2871 für Marcolina, eine junge Dame von er¬
2309 2852 3288 2936 Marcolina lasse. Lorenzi muß einwilligen.
366 2841 1349 2926 zu den anderen, in denen Casanova Casanova
1342 2854 2321 2929 lesenster Schönheit, ganz unwahrscheinlicher
376 2909 1347 2977 ist, ein alternder und doch noch immer der
2311 2899 3286 2976 Casanova reist scheinbar ab, entkleidet sich im
1349 2906 2317 2972 Gelehrsamkeit und Unnahbarkeit. Sie weibt
371 2946 1339 3015 alte, mit einem unsichtbaren Begleiter an der
2299 2954 3285 3030 Wagen, wirft den Mantel Lorenzis um, wird
1349 2956 2313 3027 Philosophie und höhere Mathematik, und
365 3002 1347 3078 Seite, dem leisen Grauen des Erotikers Arthur
2306 2996 3285 3059 von Marcolina eingelassen, erlebt und bereitet
1348 3012 2306 3073 Casanova, der glänzende, geistsprühende und
378 3055 1189 3131 Schnitzler vor dem eigenen Altwerden.
2316 3046 3284 3122 unerhörte Wonnen. Vor Morgengrauen will er
1345 3056 2317 3140 gewiß nicht ungebildete Plauderer, zieht im
2302 3096 3284 3162 sich wegschleichen, aber er versäumt den Augen¬
1346 3114 2317 3177 gelehrten Wortgefecht mit ihr stets den für¬
451 3103 1350 3177 Nach jenem ersten Satz aber müßte man
2302 3148 3284 3213 blick, und im Dämmer des Morgens erkennt
1341 3149 2312 3212 zeren. Die vorsichtigsten erotischen An¬
376 3155 1350 3223 glauben, daß es sich Schnitzler um eine Synthese
2308 3199 3280 3251 ihn Marcolina. Nichts als Ekel vor dem
1345 3195 2314 3272 näherungsversuche erwecken ihren Wider¬
368 3218 1343 3280 des Lebens Casanovas handle, daß er ihn von
2316 3242 3284 3308 lüsternen Greis malt sich in ihren entsetzten
1342 3236 2313 3311 willen, und wenn ihm vor Leidenschaft in ihrer
369 3250 1351 3332 den Geistern seiner Vergangenheit das letzte
2309 3290 3287 3352 Blicken; er entflieht, aber draußen erwartet
1340 3295 2315 3373 Nähe die Sinne zu schwinden drohen, bemerkt
373 3309 1351 3375 Stückchen Weges in die Vaterstadt zurück wollte
365 3339 3297 3423 führen lassen. Daß Casanova der Vogel sei, derl er in ihrem Auge den Ausdruck des Elels. ihn Lorenzi mit dem Degen in der Hand: Nur!
