3484 4320
357 97 1083 192 eie nee en
358 145 1401 221 Zerrbild seiner früheres schwankenden, aher eben¬
362 185 1400 263 mäßigen, haltungsbewußten Gestalter Und merk¬
1948 173 2877 279 Casanovas Heimfahrt
2993 180 3367 279 box 4/1
1733 170 2531 300 30. Casanovas 4u
358 215 1413 326 würdig: Schnitzler hat so sehr den Blick auf seine
357 258 1415 350 eigene Welt und auf die historische des Casanora
355 308 1415 394 gerichtet, daß er beide nicht gestaltet, sondern als Vor¬
371 347 1414 415 aussetzung darbrinat. Was wär dieser gealterte Lieb¬
369 386 1422 463 haber, wenn er nicht in die Ahnenreihe der Schnitzler¬
368 414 1433 506 schen Menschen gehörte und nicht den Namen Casa¬
365 464 1423 540 nova trüge? Ein peinlicher Greis ein alberner
358 491 1424 601 Poseur, ein widerlicher Lüstline ein schamloser Er¬
373 548 1426 625 presser, ein uninteressanter Mörder. Aber von
366 589 1420 667 Schnitzlers Vergangenheit und von Casanovas Ueber¬
373 623 1430 716 lieferung her beginnt er sich zu beleben, sich zu diffe¬
366 660 1416 748 renzieren und zusammenzuschließen. Die Sprache
375 716 1400 789 Novelle, in ihrer Gepflegtheit und anmutig
375 740 1399 836 Schnelle scheinbar neben dem Gegenstande herlaufer.
377 776 1405 866 verbindet sich mit ihm, trägt ihn fort und schmil
368 809 1414 905 ihn, schöpferisch geworden an ilter eigenen Tradi
378 858 1428 948 tion, zum Kunstwerke aus selbständiger Kraft um.
374 909 1435 997 Die machtlos gewordene Welt der Oberflächlichkeit
374 958 1438 1034 wird zeugend, indem sie sich verdammt und erlischt,
372 985 1448 1080 indem sie sich ein Denkmal setzt. Als Schnitzler zum
381 1018 1450 1098 Historiker seiner selbst wurde, gab er ein Sinnbild
383 1069 1434 1150 seiner Bedeutung für die Gegenwart: seine Werke sind
389 1109 1443 1191 die seelische Geschichte des vorkriegerischen Wiens.
394 1145 1434 1227 Und als er Casanova zum Symbol dieser Vergangen.
388 1184 1439 1277 heit wählte, gab er zu daß diese Welt untergehen
390 1222 1444 1310 mußte, weil sie nur sinnlich erregt war, und ohne
396 1260 1454 1373 geistige Gegenkräfte sich nicht Dauer, Grenzen und
393 1309 1441 1388 Umriß schaffen konnte. Der Geist erhöht sich, die
393 1353 1444 1417 Sinnlichkeit erniedrigt sich mit fortschreitender Zeit.
930 1391 1458 1459 sie ist der Rückzug der
385 1400 869 1485 Casanopas Heimfahrt
385 1426 1450 1520 Wiener Literatur aus der Zeit in die Geschichte, das
390 1470 1448 1559 Ende eines Weges, der Abstieg der Schatten in eine
390 1504 1459 1590 verblaßte, verborgene Welt. Ist sie auch der Anfang
402 1553 1453 1633 und der Aufstieg eines anderen, sichtbaren, diesseitigen
387 1613 624 1700 Reiches?
1009 1618 1419 1714 Kerbert Thering.
427 1737 1171 1860 Wien, I., Conte.e.-Peen
900 1805 1174 1902 31054. 19
500 1840 1301 2033 enig Liche. Badegen
1583 2002 3404 2071 desillusioniert, ein Sucher und Finder subtiler Nuancen schleppt Olivio den Chevalie
1619 2055 3396 2111 letter Differenziertheiten. Und Casanova? Ein bald! De. sträubt sich ers doch di
804 2017 1291 2158 Feuilleton.
1617 2096 3408 2161 pfiffig verschlagener, bald roh zugreifender Wüstling und wunderschönen Nichte Oli#o##
2784 2142 3395 2213 samkeit wie Tugend schürte
1604 2150 2807 2216 Lültling, dem der Weg nichts, das Ziel alles ist, den nur
735 2169 1353 2272 Casanovas Heimfahrt.
2792 2191 3406 2259 rung zeuen, lustvollen Erleb
1612 2179 2812 2257 wildes Begehren erhitzt, nie mildes Gefühl erwärmt.
1623 2238 3291 2295 Einer, der immer nur nehmen, nie geben will. Die beiden gekoinmen, tritt ihm A
728 2230 1504 2345 tur Schnitlers neue Ryvelie. —
1609 2292 3240 2347 haben nichts miteinander gemein und Schnitzler fühlte die Gelieb#e von dan
842 2299 1244 2387 Von Ernst Goty.
1625 2322 3198 2395 dies im Schreiben mehr und mehr, rückte immer ent= nicht g#altest, für
537 2354 1631 2443 „In seinem dreiundfünfzigsten Lebensjahre, als Ca¬
1626 2382 3169 2437 schiedener von seinem Helden ab und was wir als viel wonnigsten Erinn
2786 2433 3141 2492 sie gleich diese Na
458 2421 1628 2489 sanova längst nicht mehr von der Abenteuerlust seiner
1622 2433 2795 2492 deutiges Bekenntnisbuch zu lesen begannen, enthüllt sich
447 2464 1622 2532 Jugend, sondern von der Ruhelosigkeit nahenden Alters
1615 2471 3137 2559 als eine Novelle, die zu den vielen Abenteuern Casanovas aber sieht nur
448 2521 1626 2576 durch die Welt gejagt wurde, fühlte er in seiner Seele das
2782 2521 3159 2591 mit dem wohlger
1622 2526 2146 2606 ein neues hinzudichtet.
453 2565 1627 2638 Heimweh nach seiner Vaterstadt Venedig so heftig anwach¬
2788 2569 3205 2645 führers, versucht er
1706 2572 2799 2634 Als eine Novelle freilich, wie es ihrer heute
458 2615 1636 2685 sen, daß er sie gleich einem Vogel, der aus luftigen Höhen
2798 2618 3409 2683 brennt er alle Rareten
1617 2628 2817 2694 nicht viele gibt. Jede ihrer Seiten spricht von
440 2663 1629 2744 zum Sterben allmählich nach abwärts steigt, in eng und
1622 2654 3385 2727 reichem, meisterlichem Können, zeigt ein Künstlertum, in sieht in ihren Augen
451 2709 1625 2777 immer enger werdenden Kreisen zu umziehen begann.“
1616 2705 3379 2779 dessen reifen Sommer sich noch kein Herbstfaden stahl. 19. Ekel vor seiner
456 2759 1623 2821 Mit diesem Satz, der gewiß zu den allerschönsten der deut¬
1622 2744 3392 2829 In edel geläuterter Sprache sind Bilder, Szenen, Farben Er ist entsetzt, verzweifelt.
456 2805 1626 2884 schen Erzählerkunst gehört, hebt die Novelle an, in der
1618 2814 3351 2874 und Stimmungen mit einer Technik zum Ganzen gereiht, völliges Versagen seines
458 2852 3412 2933 Schnitzler uns das letzte Liebeserlehnis Casanovas schil= ineinander verschlungen, die so vollendet ist, daß man sie glauben, sinnt auf neu Sch##
451 2931 2817 2975 dert. Doch die Erwartungen, die dieser Satz, die schon dernicht mehr merkt. Episches und Lyrisches, sinnliche
2802 2908 3450 2995 bare zu besiegen, und ##t.
456 2960 3392 3013 Titel weckt, wachsen weit über das Interesse an der Gestalt Schwüle und blendende Geistigkeit fließt, von einer flieht, in den Garten hinun
454 3002 3408 3061 des abenteuerlichen Helden hinaus. Unwillkürlich wird weichen, anmutigen Hand beherrscht, zu entzückender Har= weiterzugrübeln. Da entsteig
460 3047 1631 3114 dieser zum Symhol des Erotikers Artur Schnitzler, und
1633 3046 3411 3129 monie zusammen. Und von dramatischem Puls belebt, Leutnant Lorenzi, den Casch
457 3093 1631 3155 noch ehe man recht zu lesen begonnen, erhofft man irgend¬
2794 3101 3390 3152 her kennengelernt hat, ein
1623 3101 2800 3156 tollen die Geschehnisse mit der gleichen wirrsäligen Hast,
459 3137 1623 3205 wie ein von wehmütigen Herbstschauern durchwehtes
2794 3126 3404 3217 und leichtsinnig, wie er sell
1622 3145 2811 3211 der gleichen wechselvollen Buntheit vorüber, wie einst das
2787 3184 3416 3261 Der hatte die Nacht bei der
453 3191 1631 3256 Capriccio über das so oft angeschlagene Thema vom „Ein¬
1630 3192 2804 3266 Dasein jenes Lebensvirtuosen, bis es an die bittere Weg¬
459 3235 1629 3298 samen Weg“, den wir alle allein gehen müssen, ein Schnitz¬
2795 3236 3414 3307 bei der Casanova nicht ein
1633 3245 2796 3308 scheide des nahenden Alters. der drohenden Vergessenheit,
2792 3286 3403 3364 konnte. Außer sich vor Zor
449 3278 1637 3350 lersches Abschiedslied an das Leben, dem die Frauen so
1626 3293 2803 3371 der drückenden Armut geriet, an der Casanova Rast hält,
2796 3336 3410 3394 auf Rache. Der Zufall des ##
444 3341 2331 3405 viel lockenden Glanz, der Tod so geheimnisvolles Grauen da Schnitzlers Erzählung einsetzt.
2796 3384 3403 3454 Hilfe. Lorenzi verliert all
463 3391 672 3461 gibt..
1705 3374 2805 3453 Der müde gewordene Casanova erhoffi in Mantua
2795 3435 3406 3490 Marchese, der es die längst
1628 3427 2813 3498 den endlichen Bescheid des Senats, der ihm die Rückkehr
544 3414 1638 3512 Man hofft vergebens. Und so gewiß Schnitzler den
2795 3472 3409 3548 der Leutnant ihn mit seiner
1621 3485 2809 3540 nach Venedio ermöglicht, das er nicht mehr gesehen, seit
458 3483 1625 3549 von Glück, Lust und Gefahr bunt umschimmerten Aben¬
2799 3517 3410 3592 schlägt ihm die Stunde der
1632 3525 2802 3586 er dort die Bleikammern in verwegener Flucht verlassen.
452 3533 1634 3597 teurer, den im vollen Sonnenglanz des scheidenden Som¬
2798 3566 3410 3649 Offizier aufs schwerste und d
1635 3567 2808 3648 Da begegnet ihm ein längst vergessener Bekannter. In
457 3582 1635 3655 mers der Reif winterlicher Resignation befällt, für einen
2787 3618 3380 3679 ist, wenn er seine Schuld n
1624 3607 2809 3691 besseren Zeiten hatte er dem einst die Tochter seiner Ge¬
462 3626 1633 3691 gleichgestimmten Gefährten hielt, für das passende Gefäß
2797 3669 3409 3733 schleicht Casanova dem verst
1626 3677 2804 3735 liebten angehängt und hundertfünfzig Deikaten geschenkt,
447 3680 1625 3743 des eigenen Liebesempfindens, des eigenen Entsagungs¬
2796 3710 3408 3775 zynischer Unbarmherzigkeit h
1627 3726 2804 3781 mit denen Olivo seinen ländlichen Hausstand begründete.
463 3719 1633 3795 schmerzes, so gewiß erkannte er selbst bald den Mißgriff
2786 3755 3423 3838 vor und bietet ihm die viert
454 3768 2809 3844 und sah den Abgrund, der ihn von jenem trennt. Denn Daß Casanova sich den Dank der jungen Braut so ein¬
450 3819 3412 3877 Schnitzler ist Erotiker, ist Anatol, Stefan Sala und Georg heimste, wie es eben seine Art war, erfuhr der Ehemann retten können. Doch als Ges
454 3870 3409 3932 Wergenthin, ist philosophisch=melancholischer Genießer, nie, und in seinem Hause, dessen Wohlstand gedieh, blieb Lorenzis Mantel nachts in
463 3904 3410 3976 reflektierender Schwärmer und Schwelger, ist zärtlich leiser der Name des hochherzigen, vornehmen Freundes ein Lorenzi muß auf den schurk
463 3965 3414 4027 Versteher, ist sanft, weise, ein wenig müde, ein bißchen stets dankbar geehrter. In der Freude des Wiedersehens paar Stunden später steigt
2473 4020 2557 4091 *
2910 4084 3415 4153 vorgetäuscht hat, durch
2897 4110 3398 4182 den Irua nicht merkt
