3436 4224
572 29 916 97 afeses Drne 11
1280 76 1339 132 88
479 76 1161 149 Geetel Harvey and Thomas Nasne
1268 123 1361 178 88
465 122 817 190 Belhnan’s Songs
476 169 976 235 Laughter from a Clond
469 224 1109 279 Mary, Mary', Quite Contrarz
1281 259 1346 316 89
466 261 721 319 Definitions
462 309 1147 355 M. Loisy and the New Testament
1273 356 1357 403 90
474 359 995 426 Spring Announcements
462 410 811 471 New Novels:
1263 455 1349 514 91
509 461 863 524 Fiery Particles
1266 504 1355 557 91
506 508 905 564 The Other End
1267 549 1354 610 91
514 551 997 614 The Walbury Case
1263 600 1346 659 91
511 589 1110 653 Men, Maids, and Mustard-Pot
470 648 879 719 Correspondence:
1271 697 1341 755 91
531 697 990 756 “ God Save the King
496 754 1235 812 American Biblical Rescarch i Ar¬
549 793 701 846 menia
503 831 909 888 Fishing in Homer
1263 878 1341 932 92
505 873 1014 936 The Writing of Historz.
1267 922 1344 980 92
507 921 1027 980 Blackbirds and Mistletoe
502 967 938 1030 "A Study of Kant“
508 1015 972 1072 The Word“ Streat“
506 1060 1073 1112 Hazlitt Relics at Maidstone
503 1104 946 1159 Aeronautieal History
502 1152 966 1210 Jane Welsh Carlyle
1262 1193 1345 1246 92
514 1190 770 1261 " Fingland“
1272 1245 1344 1292 92
507 1239 703 1302 Indexes
1270 1285 1350 1353 92
508 1279 870 1346 Richard Corbet
1265 1340 1355 1406 92
464 1342 986 1404 New Foreign Books
467 1400 1271 1443 Annotated List of New Books and
488 1437 709 1498 Reprints
1051 1432 1359 1500 93, 94, 95, 96
715 1444 787 1489 *
1269 1483 1354 1550 96
457 1479 848 1549 Notes on Sales
1263 1545 1355 1601 96
1213 1543 1260 1602 *
454 1543 1185 1602 * The Times? Chess Column
455 1628 1340 1673 INDEX TO PUBLISHIERS’ANNOUNCEMENTS.
797 1670 881 1711 PAGE
1239 1671 1331 1713 PAGE
936 1693 1110 1733 Macmillan
474 1686 739 1734 Allen and Unwin
739 1700 868 1740 . 88
1223 1701 1264 1740 **
1268 1706 1326 1732 84
470 1724 724 1762 Blackwell, Basil
943 1695 1175 1759 Mills and Boon
1282 1728 1316 1755 91
465 1749 726 1776 Cape, Jonathan
928 1738 1259 1788 Parsons, Leonard
936 1772 1211 1807 Probsthain and Co.
464 1774 755 1815 Chatto and Windus
769 1750 877 1809 : 34
782 1787 882 1836 89
938 1797 1175 1828 Richards, Grant
487 1799 598 1829 Cpilins
478 1808 634 1852 Constable
933 1808 1260 1857 Routiedge and Sons
1267 1789 1324 1853 80
823 1844 882 1873 90
938 1847 1272 1882 Smith, W. H., and Sons
482 1838 662 1880 Heinemann
1282 1848 1326 1876 84
822 1869 879 1902 86
938 1861 1155 1901 Werner Laurie
1278 1872 1325 1900 90
471 1854 814 1909 Hodge, W., and Co.
809 1881 873 1928 87
472 1892 654 1929 Lane, John
931 1891 1329 1936 Whitaker and Sons. 91
1257 1917 1326 1953 —
601 1967 1205 2032 The average weekly Net Sale of
593 2008 1244 2087 The Literary Supplememt
747 2075 1060 2130 last month was
717 2121 1083 2181 20,634 COPIES.
767 2213 1052 2281 The Times
521 2260 1252 2342 LITERARY SUPPLEMENT
493 2347 1282 2392 Published every Thursday, may be ordered
599 2379 1199 2437 through any newsagent, price 6d.
559 2421 1231 2482 POSTAL SUBSCRIPTION RATES.
668 2463 1318 2527 Vear. 6 months. 3 months. Single copy.
471 2479 964 2557 Inland or „0s. 0d. 158. 0d.
999 2506 1127 2561 78. 6d.
1186 2509 1274 2558 70.
469 2522 618 2565 Abroad
507 2541 1327 2609 Chequcs and Pestal Orders should be mad.
456 2581 1315 2638 payable to“The Times Publishing Co., Ltd.,?
475 2617 955 2681 and cressed“ Coutts & Co.
622 2686 1173 2739 ADVERTISEMENT RATES.
462 2730 1336 2783 Advertisements are inserted at 30/- an inch and
662 2762 1140 2810 pro rata (125 a column).
462 2793 1323 2840 Further particulars on application to the Adver¬
472 2829 1320 2875 tisement Manager,* The Times Literary Supple¬
471 2874 1296 2921 ment, Printing House-square, London, E.C.4.
504 2961 1339 3018 The island of Madeira has just been cele¬
452 3001 1332 3061 brating the fifth centenary of its discovery by
461 3061 1334 3100 Zarco, and the Junta Geral, or County Coun¬
451 3089 1336 3144 eil, decided as part of the commemoration
463 3129 1329 3173 upon the publication of an Elucidario
459 3166 1328 3218 Madeirense, in encyelopedie form, of whlich
457 3208 1340 3256 the first volume (A-]) has now appeared
453 3235 1319 3295 (Funchal, Tipogrosio Esperança, 20 escudos);
453 3283 1339 3341 it is hoped that the second and concluding
452 3324 1329 3372 volume will be issued in the early summner.
460 3366 1333 3414 The editors. Padre Fernando Augusto da
462 3405 1336 3456 Silva and Carlos Azevedo de Menezes, have
466 3444 1331 3491 Spared no pains to make their work com¬
458 3482 1334 3532 plete: there are careful and apparently ex¬
449 3519 1334 3572 haustive artieles on all the distriets and
460 3550 1337 3611 scenery of the island, its history, indus¬
460 3598 1324 3652 tries, fauna and Hora, and its distin¬
452 3629 1325 3690 guished sons; the bibliographical refer¬
462 3675 1326 3723 ences are also claborate and wide. Recent
456 3715 1333 3765 events are not neglected. and the story of the
447 3756 1326 3793 two bombarchments of Funchal by the Germans
444 3793 1338 3848 is more fully told here than elsewhere, in
455 3835 1329 3876 additionto à more general account of the part
445 3869 1057 3940 plaged by Madeira in the war.
1378 70 2256 129 players, or even a knot of pilgrimis on their
1383 122 2248 178 way fromthe Three Kings of Cologne t0 St.
1382 158 2254 219 James of Compostella¬its crawling vorage
1374 222 2263 267 past the simmer-palaces of the Venctian
1379 265 2259 317 nobility that lined the reed-fringed banks
1380 306 2258 362 of the Brenta. To have put out to sea to
1378 348 2255 412 seckacity, to be passing as in dream throngh
1378 394 2247 453 streets of water that washed against marble,
1381 440 2250 499 to know that this was by common consent
1381 471 2260 534 the new* Sybaris of Europe“ whiere night
1384 537 2257 589 was as day and the domino ruled for Six
1377 567 2252 621 months out of the twelve, was to feel already¬
1373 621 2246 674 that revolution of values, that thrill of dis¬
1368 664 2247 741 guise which makes the quintessence of
1374 712 1578 770 Carnival.
1415 748 2251 811 The whole antique façade of the Venetian
1374 804 2253 851 State as it had stood in the days of the
1369 844 2245 903 Republic’s vigour and glory was still dis¬
1371 894 2244 956 played to the eyes of the curions visitor.
1375 949 2257 995 Even the quizzical glance of Goethe, as late
1377 985 2251 1048 as 1786, lost a little of its sharpness when he
1378 1038 2248 1083 saw the Doge and his train disembark from
1367 1075 2262 1142 their barges of State for the High Mass at
1394 1122 1639 1180 St. Justina.
1468 1147 2255 1210 First the full violet dresses of the Savii sthe¬
1426 1206 2252 1246 Sages entrusted with the ministerial port¬
1432 1244 2249 1290 folios], next the ample red robes ofthe Senators
1438 1281 2261 1339 are unfolded upon the pavement, and lastly
1440 1327 2254 1366 when the old Doge, adorned with his golden
1427 1362 2250 1413 Phrygian cap, in his long golden fular and his
1441 1402 2256 1440 ermine cloak, steps out of the vessel—when ali
1434 1439 2259 1485 this, I say, takes place in a little square before
1428 1480 2247 1524 the portal of a church, one feels as if one were
1431 1517 2251 1574 looking at an old worked tapesiry, exccedingly
1445 1558 1967 1622 well designed and coloured.
1381 1584 2253 1662 In these shoes and robes had stepped the
1371 1649 2249 1709 men under whose rule the Republie had
1369 1684 2253 1754 planted the Lion on the cities of Dalmatia,
1376 1744 2245 1795 dug its claws into the ferra #ima of the Piave
1368 1778 2251 1852 and Adige provinces, filled the Adriatie and
1382 1831 2244 1893 the Mediterranean with its commerce, sent
1373 1891 2241 1941 the long lines of its caravans far into Asin,
1379 1922 2248 1989 sacked Constantinople to wrest from its own
1374 1978 2242 2023 suzerain, the Roman Emperor, a quarter of
1369 2007 2244 2083 his domain, and stood growling at bay in the
1370 2062 2248 2121 end before infuriated Europe leagued against
1373 2102 2255 2156 it at Cambray. The Lion’s wings were
1370 2151 2237 2203 clipped now, and other policies prevailed.
1402 2204 2243 2249 To encourage idleness and luxury in the
1365 2244 2243 2309 nobility, says Addison agreeably,“to
1372 2288 2241 2339 cherish ignorance and licentiousness in the
1396 2338 2246 2392 lergy, to keep alive a continual faction in
1370 2383 2243 2436 the common people.. to breed dissen¬
1369 2430 2233 2487 sions among the nobles of the Terra Firma,?
1374 2484 2242 2539 such are become #the refined parts of
1378 2523 2240 2571 Venetian wisdom.? The Doge might still
1374 2568 2242 2629 be clothed in the mystic dignity that made
1365 2608 2248 2660 him, as it were, both Prince and Pontiff—.
1370 2664 2247 2716 in both völes the audacious double of the
1366 2695 2236 2763 Emperor at Byzantium. He might still, go
1358 2752 2237 2804 forth on Ascension Day in the gilt and
1362 2797 2239 2848 carpeted Bucentaur (if the weather forecast
1364 2843 2238 2881 made it safe) to wed his Adriatie bride:
1368 2886 2241 2943 Desponsamus te, mare, in signum veri per¬
1357 2928 2231 2994 petuique domintt. He might still be attended
1371 2984 2236 3029 with canopy and lights, let loose the flight of
1360 3025 2239 3076 doves on Palmn Sunday from his balcony, andi,
1357 3068 2244 3119 like the Pope, wash the feet of twelve poor
1362 3117 2232 3166 fishermen. What lag beneath the sumptuons
1363 3167 2240 3226 pageoutry? Himself the mere instrument of
1360 3205 2232 3265 the Ducal Councillors set to guard him, he
1416 3287 2237 3330 *MEMOIRES DE JacovEs CAsANova. (Tome
1368 3312 2081 3369 Premier. Paris; Editions de la Sirenc.)
1397 3355 2240 3418 Tun Munoins or JacovEs CAsANovA. (Two
1361 3401 2084 3440 volumes. Navarre Society. 43 38. net)
1408 3430 2143 3470 CASANOvA, AnVENTURER AND LovEk.
1357 3436 2238 3510 JosErn LE GRAs. Translated by FRANCIS STEUART.
1368 3497 1851 3551 (John Lane. 12s. 6d. net.)
1393 3523 2238 3576 CASANovA's Honzconrse. By Akrnen Schyirz¬
1346 3544 2230 3624 Een. Translated by Enzx and Crban Patz.
1351 3594 1814 3668 4Brentano. 78. 6d. net.)
1393 3633 2228 3693 Fovk CouEpiks. By CakLo GoLbost. Edited by
1353 3679 2121 3718 Ciirrokn Bax. (Cecil Palmer 258. uct.)
1399 3708 2235 3754 Tuk Lian. Bv Canto Gorposl. Translated by
1357 3745 2239 3807 Gaack Lovar Fnasen. (Selwen and Blonnt.
1360 3777 1493 3821 78. 6d.
1495 3776 1603 3825 net.)
2015 3792 2236 3861 Byr CakLo
1396 3800 2007 3856 Tar Goon-Honornen Labiks.
1359 3846 2244 3909 Gorpoyf. Translated br RiehARb ALbisGroN.
1340 3872 1881 3936 (Beaumont Press. 25s. uct.)
2284 93 3154 139 admissions boughit br gold. In thie Schate
2279 127 3155 181 there is voting on a grave affair of State.
2277 160 3155 228 The great gaming house, the Ridlotto, mlist
2285 212 3157 276 be closed. and several noble croupiers will
2276 262 3152 320 lose a prized position. In the Collegio the
2278 298 3160 352 Sages debate administration. The Arny.
2281 352 3157 401 with an Austrian martinet in command.
2276 398 3153 461 makes a better show of uniforms than of
2283 445 3163 493 weapons. Suits of armour, old swords,
2287 489 3151 547 obsolete firelocks, enemmber the arsenals;
2275 536 3166 594 but at least the Republie has the secret of
2274 578 3161 632 an imperishable biscuit, a specimen of
2292 626 3157 673 whlich, dating from 1669, was dug up intact
2277 670 3157 725 in 1821. Nothing coulel be more resplendent
2289 722 3166 774 thau the Admirals, in their full-bottomed
2287 763 3161 820 wigs, long trains, laced coats and velvet
2273 812 3150 863 breeches; but at thie great arsenal, a Freuch
2281 855 3154 919 traveller notes, the shipwrights amuse thein¬
2288 904 3027 963 selves nearly all day without working.
2313 946 3147 1008 But men, whetherthey work or play, mnust be
2272 994 3160 1045 governed; and, as in past centuries, the real
2282 1040 3149 1086 Power over Venice was wielded still by those
2275 1079 3165 1151 formidable appendices to the Constitution,
2283 1131 3151 1176 che Ten und the Thrce. h. Cnmeil of Ten,
2274 1171 3149 1225 originally appointed after the great Tiepoline
2277 1229 3158 1284 conspiracy of the fourteenth century to
2279 1265 3158 1303 watch over the safety of the State, now
2277 1319 3155 1373 wrestled in secret with an infinity of affairs;
2286 1356 3154 1401 with the problem of preserving a perfect
2275 1397 3147 1461 neutrality, with the riddle of reviving by
2281 1444 3150 1506 alternate doses of protection and freedom
2270 1496 3154 1539 a moribund trade that nothing could save
2272 1539 3146 1599 after thie fatal discovery of the Cape route;
2285 1584 3155 1652 and then (by way of relief), with the pro¬
2279 1634 3149 1683 priety of allowing only black gondolas as a
2279 1673 3156 1737 check on extravagance; with the diameter
2278 1725 3159 1786 of skirts; or with the drafting of a decree
2273 1769 3145 1833 of expulsion against a certain actress who
2276 1813 3154 1869 was responsible for the foreign ambassadors'
2276 1865 3146 1919 wasting too much of their time. Even
2270 1906 3150 1959 more industrious, emblazoned with an even
2268 1957 3145 2011 more flamboyant secrecy, were the labours
2275 2000 3144 2060 of the Three Inquisitors of State. In the
2278 2048 3148 2101 Palace, beneath the leads where their prisoners
2280 2098 3157 2151 were lodged, they sat, the Red Conncillor
3176 2089 3321 2148 one 0
3178 2134 3321 2193 throug
2271 2133 3145 2193 between thetwe Blacks, and considered in an
3168 2185 3314 2236 fact t
2274 2194 3155 2244 atmosphere of close mystery how to stop the
2275 2228 3141 2283 abominable language of the boatmen; what
3162 2224 3319 2290 if enz
3173 2277 3315 2328 were 1
2270 2283 3124 2337 action to take on the report of“ our familiar,
3275 2327 3309 2380 1
2278 2320 3141 2376 the Abate A. P., that a philosophie dictionary
3168 2321 3260 2376 Sure
2265 2374 3149 2421 in French was on sale in a bookshop near
3168 2370 3201 2424 1
3172 2412 3204 2461 1
2264 2424 3141 2467 San Samuele; whether or not Signor Piero
2275 2462 3142 2517 Antonio Gratarol, Secretary to the Senate,
2264 2502 3140 2558 had been lampooned in Connt Carlo Gozzi’s
2266 2553 3144 2608 comedy II Droghe d’Amore; and, if so,
2268 2605 3149 2658 whiether, in view of the affection felt for the
2269 2642 3146 2691 playwright by Signora Catarina Dolfin¬
2278 2690 3133 2741 Tron, the wite of the Procuratore di San
2261 2726 3148 2785 Marco, it mighé not be wisest to let that
3170 2722 3298 2787 again
3172 2778 3313 2835 eighite
2261 2773 3148 2838 hothead Gratarol do something foolish that
2275 2829 3149 2884 would allow the Tribunal to proceed against
2256 2861 3140 2935 him rather than thie other. Laws became a
3162 2872 3206 2918 1
2271 2921 3149 2982 mockery if they could be broken without
2274 2964 3143 3016 somebody being punished. In the good old
2276 3007 3143 3067 days there had been less roundabout methods
3170 3010 3312 3070 and no
2273 3055 3139 3107 for the disposal of nuisances; indeed one
3164 3054 3313 3113 epoch,
3177 3095 3315 3160 If wei
2275 3103 3139 3167 understood that still in that cupboard up¬
2270 3137 2402 3197 stairs
2549 3145 3137 3211 but no one knew the right
3172 3152 3298 3203 whio
3172 3194 3319 3255 accenti
2779 3195 3147 3254 there should be
2262 3187 2714 3255 dose äny longer
3161 3236 3315 3297 dles ins
2264 3237 3142 3284 a minute, though, somewhere in the files.
3159 3286 3318 3342 suite d
2262 3285 3143 3334 One had last made an attempt of the kind
2259 3334 3143 3384 in 1767 when that man was giving so much
3169 3332 3318 3384 this ph
2271 3378 3138 3431 trouble in the Balkans. From the doors
3172 3376 3315 3437 in M. 0
3169 3424 3315 3480 tion to
2263 3425 3139 3488 that closed in these dread deliberations
2263 3462 3137 3536 there flappedi forth to execute the decrees
3222 3471 3317 3521 ition
3172 3484 3206 3531 C
2253 3511 3135 3572 the funereal silhouette of the Captain of the
3172 3513 3317 3571 publish
3173 3565 3316 3615 an“ in
2264 3551 3141 3625 Archers, Cristofolo Cristofoli—that terrible
3172 3599 3310 3661 script i
2256 3592 3141 3668 Messer Grande, the shadow of whose hooked
2261 3653 3136 3710 nose and sable cloak was enough to quell a
2265 3697 3127 3764 riot on tlie Piazza, and to set the whole
2254 3741 3129 3810 brotherhood of rogues, quacks and masons
2262 3779 2476 3846 shivering.
3155 3788 3202 3842 I
2304 3823 3124 3884 The hundred eyes of Messer Grande,
3152 3831 3312 3888 of von
2256 3876 3327 3957 the gliding police-gondola of his allies, the version
3189 79 3291 138 pupj
