3436 4224
478 116 1346 200 asanovas Heimfahrt
1500 121 1941 218 box 4/10
251 126 1395 250 30 C e aha
941 767 2134 915 CASANOVAS HOMECOMING
1127 903 1958 1012 By ARTHUR SCHNITZLER
1001 1100 2181 1202 ASANOVA, the most piquant figure of a piquant century.
1031 1167 2193 1248 the man of the thousand amours and thousand escapades,
995 1199 2181 1284 needs no restoration. In the twelve volumes of his
875 1257 2197 1339 Memoirs he has left perhaps the completest, frankest acconnt
873 1311 2189 1394 that a person has ever written of himself, and certainly, as
868 1366 2189 1424 Arthur Symons says, Lthe most valuable document which we
870 1421 2181 1489 possess on the society of the eighteenth century. A scholar, an
871 1458 2181 1536 adventurer, perhaps a Cabalist, a busy stirrer in politics, a
868 1509 2185 1568 gamester, one'born for the fairer sex,' as he tells us, and born
868 1550 2184 1605 also to be a vagabond; this man who is remembered now for
868 1586 2189 1664 his written acconnt of his own life, was that rarest kind of
868 1650 2181 1723 autobiographer, one who did not live to write, but wrote because
869 1680 2182 1761 he had lived.? Casanova, therefore, needs no restoration cover¬
859 1741 2177 1816 ing the period of his Memoirs: Arthur Schnitzler, however, has
859 1784 2177 1869 gone on with him after the Memoirs stop; he has complefed him
852 1830 1173 1897 in this novel.
934 1875 2176 1955 The great Viennese reader of character has given us an imag¬
853 1942 2177 2011 inative portrait of Casanova as he figures in one last imaginary
855 1988 2184 2057 amorous intrigue. Casanova now Stands complete. No one hut
861 2027 2169 2110 Arthur Schnitzler could have drawn this subtle portrait of a
853 2091 2177 2164 man of another peried, at the“dangerous age'’ in a man’s life,
855 2124 2169 2188 no one but a writer with Schnitzler’s combination of fine old¬
863 2165 2167 2256 world culture, exquisite, faultless artistry. and wizardlike insiglit
857 2210 1390 2281 into the human psyche.
852 2254 1642 2334 The Neie Vork Erening Post says:
943 2311 2157 2390 *His story is written in the strie of the eighteenth cen¬
858 2365 2164 2448 tury and reminds one of ihe best originals, even surpasses
846 2409 1629 2466 them in brilliance of technique.??
919 2464 2155 2541 The eighteenth centurv quality has been preserved in the
852 2504 2163 2559 translation of the accomplished translators, Eden and Cedar
858 2539 2154 2631 Paul.“ know of no other such unsparing self-fagellation,?
843 2602 2168 2668 the New Vork Erening Post goes on to say. “no other such in¬
842 2648 2176 2729 stance of merciless soul vivisection, no such confession as this
844 2684 1319 2749 novel of Schnitzler's.“
848 2734 1288 2806 Heyiood Bronn:
922 2760 1546 2866 “1 glorions piece of work.“
846 2827 1265 2899 Cerl Von Doren:
958 2869 1876 2959 The best novel published in America in 1921.5
817 3087 2194 3177 THOMAS SELTZER
813 3162 2196 3257 FIVE WEST FIFTIETH STREET, NEW YORK
1909 3237 2066 3278 —.——
1999 3245 2133 3321 ere nenensenen
2475 885 2877 1016 CASANOMAS
2495 1017 2870 1114 HoNECONNC
2546 1204 2822 1285 ARTHUR
2499 1271 2833 1360 SCHNTTZLER
2604 2224 2703 2347 S
2459 3148 2826 3240 THOMAS
2441 3229 2821 3301 SELTZER
