3484 4320
322 163 500 263 30
542 162 1439 237 Casanovas Heimfahrt
1571 160 2023 255 box 4/10
502 183 1444 261 Ca aan  . a an un  an  Ga
1115 803 2034 879 96 Mniinimiminmnnmmmmmmnnnmmmmmnnmm Literarische ?
1125 892 2019 960 am Ende in einer Anmerkung noch ausdrücklich
1124 952 2037 1013 versichert, frei erfunden hat, und darüber geht 1
1135 999 2008 1055 die Anbefangenheit, die so einer italienischen Re¬ 1
1132 1046 2039 1107 naissancenovelle eigen sein könnte, in die Brüche.
1133 1085 1983 1160 Im Florenz und Neapel des Mittelalters mag
1124 1146 1978 1194 es nichts so Unerbörtes gewesen sein, ein drei¬
1124 1182 1991 1236 zehnjähriges Mädchen, wie dieser Casanova es
1135 1227 1985 1282 vor unsern Augen tut, mit dem Atem der Gier
1136 1269 1984 1325 und Leidenschaft zu vergiften — in der Sprache
1138 1303 1994 1371 unsrer Tage, von einem Dichter unsrer Zeit
1130 1350 1991 1415 vorgetragen, der doch gewiß nicht mit einem
1128 1402 1986 1447 Pornographen verwechselt sein möchte, muß es
1142 1446 2004 1492 als Frivolität wirken, vor der man nichts andres
1127 1502 1982 1546 als Ekel empfinden kann. Entlarvt mag dieser
1141 1536 1983 1598 hündische Zynismus eines armen und leeren
1132 1567 1983 1634 Lebens auch bei Schnitzler werden, verabscheut
1128 1617 1971 1680 oder verworfen wird er nicht. Und das ist die
1125 1665 1956 1736 faule Stelle dieser Frucht, die erst ihr Gehäus
1131 1712 1642 1784 und dann sie selbst zerfrißt.
1167 1774 1980 1860 —in Ding oder ein Mensch, sie seien nochsso
1128 1819 2003 1896 Carg verleumdet — eines Tags ersteht ihnen
1134 1884 1999 1948 ihr Retter und Vergelter. Seit Arzeiten ist
1127 1923 2031 1991 sich das Sprichwort aller Völker über nichts so “
1140 1977 1990 2028 einig wie über die Bosheit und Gefährlichkeit
1135 2029 1975 2073 der Schwiegermutter, und unsre Witzblätter kön¬
1131 2060 1980 2110 nen es sich bis auf den heutigen Tag nicht ver¬
1974 2069 2050 2127 K
1133 2105 1970 2157 sagen, diese Volksweisheit zum Behagen ihrer
1979 2116 2078 2168 ge.
1987 2157 2079 2207 telt
1142 2152 1971 2204 Leser breit und platt auszumünzen. Da kommt
1133 2197 1967 2251 Johanna Wolf, die Ostpreußin oder, wenn
1978 2183 2116 2256 Prod
1985 2235 2124 2300 man e
1139 2245 1968 2302 man für die Sechzigjährige lieber ihre neue Hei¬
1130 2285 1970 2342 mat gelten lassen will, die Hamburgerin, die¬
1989 2288 2146 2344 steller:
1132 2322 1971 2378 selbe, deren Art und Kunst uns kürzlich Peter
1988 2333 2710 2386 len, d. h. unverg#
1132 2373 1971 2429 Petersen skizziert hat (Februarheft 1918), und
1977 2363 2827 2435 schenken will. Das tut Graf Ed. von Keyser¬
1133 2413 1931 2476 bricht für die „Schwiegermütter¬ —
1975 2415 2825 2480 ling in seinem Buche „Fürstinnen= (Ber¬
1137 2446 1969 2517 so heißt ihr neuestes bei Cotta erschienenes Buch
1975 2461 2821 2524 lin, S. Fischer). Der „Inhalt= ist mit wenigen
1177 2506 1973 2565 — nicht eine, nein, gleich sechs Lanzen in Ge¬
1987 2506 2829 2551 Worten berichtet: Eine kleine Prinzessin erlebt
1131 2545 1973 2610 stalt von kleinen Geschichten, die alle auf eine
1976 2552 2831 2620 ihre erste Liebesenttäuschung, zwei andre gehen
1150 2588 1971 2656 Ehrenrettung, eine Reinwaschung, eine Verherr¬
1970 2599 2834 2646 in die Ehe, gehorsam und phrasenlos, wie es
1135 2627 1972 2692 lichung dieser vielverkannten und vielgescholtenen
1980 2639 2834 2701 in diesen Kreisen Brauch und Herkommen ist;
1128 2685 1973 2739 Menschenklasse ausgehen. Johanna Wolf hat
1983 2688 2829 2730 über einen abligen Herrn kommt an der Schwelle
1135 2730 2832 2784 Tieferes und Kunstvolleres geschrieben aber des Alters noch einmal ein tiefes, echtes Lie¬
1140 2770 1977 2823 kaum etwas, was so rein und unverfälscht, so
1975 2767 2817 2822 besgefühl, aber die Parze schneidet ihm den
1129 2811 1977 2870 voll und saftig aus dem geläuterten Volksgefühl
1983 2820 2818 2868 späten Trieb des Herzens unbarmherzig entzwei.
1129 2865 1981 2915 emporquillt und von einer so gesunden, geraden
1978 2860 2826 2917 Wie simpel, wie alltäglich scheint das! Aber
1141 2899 1975 2959 und tapferen Lebensanschauung erfüllt wäre.
1980 2902 2817 2957 wie vornehm, wie unterhaltsam und wie an¬
1141 2944 1976 2990 Manchmal, wie in der Erzählung von Brita
1969 2948 2815 3013 regend ist es erzählt! Kopf, Herz und Gemüt
1139 2992 1970 3049 Gehlsen, der entschlossenen Holmsmüllerin, die
1975 2995 2817 3041 kommen gleicherweise auf ihre Rechnung, und
1129 3035 1973 3090 ihrem Sohn und der anfangs gar nicht gern
1983 3038 2827 3091 ein Klang zittert nach, der lange noch ein inni¬
1132 3077 1969 3134 gesehenen Schwiegertochter mit heilsamem Lachen
1977 3088 2830 3144 ges Wohlbehagen in uns zurückläßt. Außerdem
1133 3125 1968 3186 über eine gefährliche Fußangel ihres Glücks hin¬
1984 3127 2819 3190 empfehlen wir von Keyserling noch die Novellen¬
1136 3166 1970 3220 weghilft, geht es wohl etwas bäuerlich derb
1982 3175 2817 3217 bücher „Im Winkel= und =Am Süd¬
1135 3213 1972 3264 dabei zu; manchmal, wie in der Geschichte von
1983 3209 2821 3277 hang= (ebenda), beide nicht stark in der Hand¬
1135 3258 1973 3307 der Totengräberin Dorothea Zinn, die mit ihrem
1988 3259 2822 3330 lung, aber desto bezwingender in ihrer zarten
1137 3302 1970 3352 Spaten lebt und stirbt und dem in mehr als
1976 3301 2764 3385 verschleierten Stimmung, ihrem Lebensduft.
1141 3346 1973 3403 einer Beziehung unsicher auf den Füßen stehen¬
1140 3393 1969 3445 den Schwiegersohn schließlich sogar das Fried¬
1966 3363 2835 3462 QDeter Altenberg ist nicht mehr — kurz
1137 3446 2825 3476 hofsamt abnimmt, wird mit etwas billigen, ka= 4 gesagt. Doch eigentlich, müßte man sich
1138 3466 2826 3535 lenderhaften Mitteln gearbeitet — was tut's! bei ihm nicht noch viel kürzer ausdrücken?
1138 3520 2330 3596 Im Grunde haben wir hier durchweg prächtige, Etwa so: P. A. †.
