3436 4256
405 148 802 222 ESTABLISHED 1881
2808 184 3237 281 box 4/10
1768 198 2656 267 Casanovas Heimfahrt
903 177 1107 285 1923
396 198 888 306 From IAAb
1554 200 2066 317 30. Cenune
2113 239 2210 300 13
2337 236 2672 306 Tbralr.
2221 245 2310 305 A2 2
954 275 1125 349 —2.
451 277 946 366 The Independent
421 340 871 429 New York City
482 425 914 659 Suem
1393 567 2064 653 THE INDEPENDENT
2805 576 2922 652 27
538 671 2911 730 angle, an angle attained with effort and same theme in the same paragraph pro- mark that it isn't the kind of book
537 718 1337 773 lost with ease, demanding indeed a cer¬
1330 723 2907 790 vokes a much better pleasantry in the young people used to be encouraged
541 776 1341 824 tain frequency of readjustment. But
1346 770 2134 831 suggestion that Americans after pro¬
2127 776 2909 829 to read, when there were young people.
546 803 1334 852 this adjustment once achieved or re¬
1342 813 2134 869 hibition should return the Statue of
2120 814 2914 879 And as it is a fine work of art, it may
552 848 1340 901 achieved, there is much to like and
1338 850 2123 900 Liberty to the French, “a vicious race
2122 859 2913 922 safely be permitted to vie with the in¬
556 884 1335 942 value in the book. On the fitting atti¬
1345 894 2121 938 abandoned to the culture of the vine.?
2112 901 2918 963 creasing stream of new novels which
540 931 1337 988 tude of the traveler or fereigner Mr.
1340 934 2119 987 But he rises sometimes to what is al¬
2124 947 2915 1016 have little but their vulgarity and in¬
548 974 1340 1040 Chesterton is singularly gracious, apt,
1347 978 2117 1028 most poetry, to what indeed would be
2127 981 2919 1045 decency to charm with. Casanova is
550 1020 1344 1075 and wise. He sums up the whole mat¬
1342 1020 2127 1075 quite poetry if the jingle of the cas¬
2120 1025 2908 1090 as brilliant, as demoniacal, as real, in
550 1054 1342 1127 ter with felicity in his reminder to the
1339 1063 2125 1124 tanets of his quips and antitheses gave
2111 1076 2905 1132 #these pages as in the Memoirs.?
547 1104 1353 1163 conventional Englishman who cries
1336 1102 2121 1160 us leave to mark its concords with an
2117 1106 2918 1182 Schnitzler has not risked having him
554 1128 1342 1202 out of everything foreign "this is
1338 1142 2118 1189 undivided ear. In industrial Manches¬
2118 1151 2921 1208 tell his own story; but as he appears
545 1183 1345 1245 passing strange' that #it was no in¬
1336 1182 2121 1232 ter all is grime and despair; “only (he
2124 1195 2915 1255 here in the third person there is no
549 1221 1337 1282 considerable Englishman who appended
1335 1218 2123 1283 adds), leoking up, between two black
2116 1241 2919 1300 doubt of his identity; rather, we feel
541 1267 1350 1337 to it the answer, And therefore as
1347 1266 2124 1319 chimneys and a telegraph pole, I saw
2116 1279 2919 1348 a clearer light thrown upon it from the
552 1312 1349 1368 a stranger give it welcome.?“ He re¬
1341 1322 2115 1371 vastand far and faint, as the first men
2112 1332 2918 1383 outside. The Memoirs'’ are famous
539 1350 1342 1405 marks keenly: The foreigner com¬
1335 1346 2114 1417 sau it, the silver pattern of the
2113 1368 2919 1429 for their frank self-revelation; but
549 1384 1337 1446 monly sees some feature that he thinks
1757 1392 2094 1462 O. W. FIRKINS
1334 1390 1537 1464 Flough.“
2107 1408 2916 1475 they do not always reveal what their
546 1430 1334 1478 fantastic without seeing the feature
2117 1448 2909 1516 author intended. Schnitzler here pre¬
543 1473 1343 1528 that balances it.' There is no dearth
1338 1472 2124 1564 Studies in Individualism
2126 1493 2918 1565 sents the adventurer spinning his yarn
539 1520 1342 1570 of insight. He says with entire truth
2122 1548 2922 1606 to a group of friendly listeners who
1339 1541 1981 1603 CASANOVA'S HONECOMING
2016 1542 2122 1607 FENr
550 1563 1342 1616 that the Americans “worship success in
1408 1594 2117 1653 Schnitzler. New Yorkg Thomas Seltser.
2132 1589 2918 1639 have begged for his account of certain
543 1602 1343 1660 the abstract' (italics mine), and with
2119 1635 2907 1674 famous adventures: Romancing free¬
1342 1622 2130 1693 PilaNron. By Gerhart Haup#.Trans¬
539 1643 1339 1698 real, though partial, truth that for the
1413 1675 2119 1734 lated by Bayard Quincy Morgan. New
2119 1668 2920 1733 ly, he was hardly conscious when he
539 1682 1351 1738 American, business is romance. He is
1422 1712 1870 1774 Tork: B. W. Huebsch.
2114 1713 2920 1786 was lying either on a small scale or a
546 1730 1346 1781 admirably perceptive in his suggestion
1339 1736 2113 1817 Tur Goose May. By Jacob Wassermann.
2116 1750 2917 1816 large, being equally delighted with his
552 1765 1341 1820 hat the American habit of measuring
1420 1791 2129 1852 Authorized Translation by Allen W.
2120 1804 2908 1869 own conceits and with the pleasure he
546 1824 1349 1869 everything in dollars proceeds less from
1406 1828 2119 1903 Porterfield. New York: Harcourt,
2125 1847 2922 1900 was giving to his auditors.? The pres¬
536 1847 1351 1909 a love of dollars than a love of meas¬
1415 1855 1838 1938 Brace and Company.
2112 1888 2921 1939 ent narrative shows Casanova only in¬
542 1886 1348 1944 urement. His kindness is quite inef¬
1360 1903 2125 1980 TERE are three notable studies in
2124 1932 2918 1980 cidentally as he sees himself, and pri¬
537 1934 1334 1996 fable when he allows us to think that
1345 1967 2124 2027 11 individualism, its irony, its pathos,
2120 1972 2923 2025 marily as God or the devil made him.
548 1983 1337 2036 Baltimore and Philadelphia exhale tra¬
1346 2000 2120 2062 erits tragedy. Its romance and its
540 2018 1337 2074 ditions like cities of the Mediterranean:
2123 2018 2925 2077 In such light no romance remains to#
1337 2059 2119 2109 divinity are for other hands or other
2118 2062 2901 2116 him beyond a vestige of the crude sex¬
541 2059 1335 2109 and his charity, in its inclusion of
1338 2102 2114 2161 moods. These three great Teutonic
2125 2102 2908 2168 glamour of his youth. He is still a
540 2101 1348 2166 American reporters, fairly riseslto the
1341 2143 2114 2193 story tellers are almost contemporaries.
551 2139 1251 2189 level of the Sermon on the Mount.
2119 2145 2913 2207 roving male, capable of conquests
1340 2180 2123 2249 But Hauptmann and Schnitzler were
590 2186 1340 2249 There are times when his penetra¬
2114 2184 2923 2257 though his power wanes. And almost
1334 2226 2119 2294 prodigies in tlie eighties and nineties,
543 2222 1340 2284 tipc-goes far without quite going to the
2126 2233 2914 2285 without pity or scruple in the attain¬
1347 2272 2126 2325 while Wassermann, author of twenty
539 2269 1342 2323 terminel. He ic much impressed by a
2116 2272 2928 2341 ment of his end. Once, under the
1342 2309 2122 2366 novels, has found his larger audience
540 2306 1337 2380 störy of an American lady who rose
2117 2316 2908 2379 mournful eye of the betrayed Marco¬
538 2355 1347 2416 from a sick-bed to hear Mrs.) Asquith
1346 2356 2125 2401 very recently. This is partly account¬
2113 2354 2922 2421 lina, he tastes an instant of retribu¬
540 2398 1349 2451 lecture. Mr. Chesterton ist shrewd
1336 2397 2130 2459 able to the fagt that Schnitzler and
2123 2401 2915 2459 tion: " Beneath this gaze, which to
539 2432 1336 2490 enough to see Mrs. Asquith is not the
1334 2441 2125 2500 Hauptmann were first men of the
2121 2448 2913 2501 Casanova’s extreme torment, awakened
539 2486 1334 2531 real inducement; it is rising)from the
1345 2477 2124 2533 theatre. There, as brilliant young icon¬
2107 2486 2913 2538 for a brief space all that was still good
546 2522 1340 2566 sick-bed that is the inducement; and it
1343 2532 2119 2585 oclasts, they first won acceptance; and
2128 2535 2910 2590 in him,he turned away.' But his next
541 2559 1338 2620 is the inducement largely beeause it is
1343 2571 2117 2635 they carried to the novel something of
2116 2564 2916 2631 act is to slay without a qualm or a re¬
547 2611 1333 2667 also the objection. Again, de is more
1335 2614 2120 2668 the compactness and saliency which
2128 2611 2913 2675 gret the youth from whom he has vilely
541 2650 1341 2703 than half right in saying that the act
1332 2645 2118 2715 are indispensable to a play. As nov¬
2122 2663 2919 2701 böugnt his hour of pleasure. And so
547 2685 1344 2740 sprang from the charagteristically
1335 2704 2915 2759 elists, they are not always brief, but he departs cynically for the Venice
1338 2747 2120 2803 their tendency is to work on a cong
2123 2750 2906 2803 from which he has been exiled in bis
552 2769 1340 2826 own sake. What he fails tt see, how¬
1342 2781 2113 2846 fined, or clearly defined, scale. The tyb
2126 2778 2912 2846 prime, and where, in becoming a polfce
551 2819 1345 2868 ever, is that the Americani lady’s love
1339 2830 2121 2895 books we have here, Casanovas Hopie¬
2113 2833 2904 2885 spy, he now leaves himself scarcely a
545 2860 1336 2919 of excitement is hardly more serious
1339 2866 2119 2927 coming,' and“ Phantom,' are (the first¬
2126 2873 2905 2925 shred of that tinsel glamor wherewith
541 2906 1338 2959 than her devction to Mrs. Asquith. It
1344 2907 2108 2962 named especially) episodic, notepic.
2117 2914 2911 2969 his fancy has so persistently invested
543 2948 1346 2998 is all a game-less excitement in the
1335 2958 2120 3017 Each of them offers a powerfuldistilla¬
2116 2956 2913 3018 his divers knaverics. A tale of old,
552 2986 1337 3039 strict sense than a jovihl concerted
1350 3002 2124 3046 tion in a small vessel of crystal. The
2117 3004 2917 3062 and of all time; for every Broadway
540 3024 1344 3074 gusto. Americans possess the sense of
1348 3046 2125 3095 two Wassermann novels which we now
2120 3041 2909 3099 and Main Street has its incomplete un¬
552 3073 1340 3123 multitude, and crave the gense of mag¬
1337 3083 2126 3143 have in English,“ The World’s Illu¬
2126 3073 2926 3152 storied Casanova, and will have to the
552 3111 1329 3159 nitude, and, naturally enodgh, wherever
1335 3123 2124 3197 sion'' and“ The Goose Man,'’ are upon
2126 3134 2554 3187 end of the chapter.
555 3153 1332 3206 competition or congregation takes
2148 3156 2922 3229 As for its tone and manner, however,
1348 3161 2051 3236 the larger, almost the heroic scale.
543 3198 1334 3259 place, they use their sensg of multitude
1375 3216 2123 3269 Schnitzler, Viennese observer of the
2120 3215 2914 3271 whatever of modern irony or modern
554 3237 1340 3284 to reenforce their sense pf magnitude.
1341 3256 2114 3317 human comedy, has not infrequently
2118 3258 2912 3310 moralizing may lurk behind,“Casa¬
549 3267 1332 3333 They like to improvise, td manufacture,
1341 3300 2118 3349 (as in the playDoctor Bernhardi*)
2120 3300 2911 3370 nova’s Homecoming' is faithful to the
1348 3342 2118 3397 given grave attention to some timely
2114 3343 2920 3403 eighteenth century standard. Every¬
558 3361 1337 3423 the lecture room or théatre, as they
1334 3385 2114 3440 problem or crux of individual or social
2126 3388 2917 3444 thing meets the eye, and calls for
552 3403 1340 3470 carry the race-course &r ball-ground
1339 3429 2127 3491 conduct. But the present theme gives
2127 3435 2909 3486 straightforward acceptance. Haupt¬
549 3437 1015 3498 into the stock market.
1336 3472 2116 3519 scope for his freer and more charac¬
2119 3462 2917 3531 mann's“ Phantom,' though happily the
582 3464 1335 3541 Mr. Chesterton's stale is hardly
1341 3515 2115 3564 teristic vein. He is less interested in
2124 3517 2915 3570 lingo does not appear, belongs to an
552 3517 1337 3586 altered; it is brilliant, itlis extreme, it
2117 3564 2908 3614 age, even a moment, which thinks (or
1349 3562 2117 3612 the problems than the phenomena of
556 3573 1338 3625 is monotonous, it is stimtlant and irri¬
1345 3605 2116 3661 character. And in Casanova he has
2122 3599 2907 3661 tries not to think), more or less in
541 3609 1338 3680 tant at once, though it tases far less
1336 3638 2115 3696 found a subject supremely to his taste.
2109 3630 2918 3709 terms of reaction and inhibition, re¬
544 3659 1332 3709 than it enlivens. One wonders how a
1341 3687 2118 3734 If the book could be taken by itself,
2125 3675 2913 3742 pression and the subconscious ego and
549 3704 1332 3765 style so stereotyped can act as the
1337 3729 2128 3788 it might be taken as a cold-blooded
2123 3719 2914 3792 so on. So at least I am informed by
547 3726 1333 3795 mouthpiece of a nature sotspontaneous,
1339 3777 2125 3828 and noncommittal portrait of the sen¬
2121 3771 2912 3833 the publisher in a vastly learned blurb.
541 3782 1344 3835 and can actually be schoolel in no small
2124 3809 2912 3879 I confess that, not having read the
1346 3811 2122 3870 sualist-egotist in his later phase. But
543 3814 1335 3887 measure to receive and tiansmit that
1339 3859 2121 3910 it has the solidest possible base, being
2123 3857 2917 3901 blurb first, I read the book with hardly,
554 3865 1342 3924 spontaneity. There are#the usual
1333 3901 2119 3946 merely and professedly a dramatic pro¬
2124 3898 2901 3967 even, a subconscious realization of its
550 3910 1338 3961 pleasantries. He stoops totthe rather
1338 3938 2124 3999 jection of the Casanova of the“ Mem¬
2121 3945 2895 4005 place in current “psychoanalytical'
552 3939 1344 4013 dull joke that America, always an
1352 3982 2132 4035 oirs'’ in his senescent period. Having
2117 3983 2911 4045 literature. I took it be an extraordi¬
549 3985 1340 4046 asylum, has put on, since päohibition,
560 4017 2902 4093 the aspect of a lunatic asylumk but the said this, we need hardlybother to re- narily revealing study of the insignifi¬
1568 4106 1796 4191 4 Ch
