3484 4256
555 143 1319 213 Casanovas Heimfa
336 140 1468 243 30 S e en uen ee e een
505 337 769 429 Record
515 406 992 496 Colunbia 8 C
498 717 1117 799 The Earth Told Me“
496 789 1145 858 BY THAMES WILLIAMSON
414 822 1213 926 Casanova’s Homccoring
511 890 1100 961 BY ARTHUR SCHNITZLER
645 933 995 1007 Red Snow
530 977 1088 1049 BY F. WRIGHT MOXLEY
436 1022 1191 1097 Simon & Shuster. New York. 81 euch
462 1075 1248 1127 NHE CRISIS in the book world has
405 1122 1253 1193 P taxed the ingenuity of publishers who
487 1154 1245 1216 have been contending with the high
381 1182 1245 1253 cost of labor und of paper as well as with
383 1223 1248 1290 the competition of reprints. Large produc¬
380 1269 1242 1324 tion is not possible without a demand, and
376 1305 1252 1367 readers of books are not as easily influenced
372 1345 1250 1404 by advertising as the rest of the nation.
388 1390 1252 1444 In order to tap new fields and stimulate
389 1431 1247 1466 the demand, the Inner Sanctum novels are
388 1465 1250 1501 now published in paper covers, the size and
380 1506 1244 1555 quality of paper and print being in no way
386 1538 1233 1588 inferior to formerly more expensive books.
377 1568 1260 1634 Apart from Schnitzler’s clever novel based
383 1617 1245 1664 on an episods of the life of Casanova,
383 1650 1245 1704 which is a reprint of a book now unob¬
391 1684 1247 1746 tainable, all of the books offered in this
381 1734 1000 1779 series are new to the public.
422 1762 1240 1822 Red Snow“ is the imaginative story of
385 1801 1238 1866 the last human being. We are in August,
376 1831 1239 1886 1935, and a red snow covers America and
381 1878 1243 1935 Europe. Then follows the cessation of
377 1927 1232 1973 births, years of horror, madness, massacres
379 1960 1239 2022 and conflicts of all kinds. At the end only
385 1999 841 2045 one man is left alive.
420 2017 1240 2076 In The Earth Told Me,“ Mr. Williamson
374 2068 1238 2120 has written a novel of Northwestern Alaska,
376 2112 1238 2160 in which he duplicates his achievement of
387 2151 1242 2198 Hunky' which brought him fame in the
377 2192 1238 2237 last year. His main characters are again
374 2222 1238 2275 of the primitive type, so difficult to repro¬
378 2269 1233 2307 duce with any accuracy and real under¬
386 2294 1237 2342 standing before our eyes. The herder of
383 2332 1238 2390 reindeer, his wife and the third person
378 2364 1242 2438 stand in powerful light on the simple basis
376 2415 742 2463 of Mother Earth.
420 2426 1244 2490 These books are uniform in size, smart
382 2483 1227 2536 in appearance, and can be easily bound in
381 2516 1240 2586 different colors for those who like the so¬
382 2569 1030 2630 phistication of distinctive shelves.
662 2589 1199 2646 GEORGE RAFFALOVICH.
504 2975 1137 3083 Post Cincinnati o
735 3074 968 3160 21930
380 3253 764 3338 Each for §1
438 3320 1091 3388 T0 THEIR series of books which
410 3352 1086 3429 may be bought for s1 each Simon &
408 3400 952 3456 Schuster have added these:
433 3458 1092 3526 TCASANOVA’S HOMECOMING,“
400 3500 1083 3557 by Arthur Schnitzler, an exquisltely
370 3529 1080 3600 Tironic observation of the great lover
377 3581 1065 3648 in his advanced years. When thei
376 3621 1071 3680 story first appeared in English in
375 3653 1064 3715 1921 it was adored by the critics (in¬
378 3687 1051 3756 cluding Heywood Broun) and sup¬
369 3700 824 3783 pressed by the prudes.
1594 141 2028 231 box 4/11
1466 387 2060 479 NENS Neuark M J
1648 545 1869 629 13 1950
2489 639 3120 709 HEMSTREET
2520 689 3075 766 96 WARREN STREET
1481 692 2070 773 Schnitzler Masterpiece
2552 741 3050 823 NEW YORK CITY
1634 753 1929 827 Reprinted
1448 798 2137 870 It will be good news to many readers
1427 837 2140 888 that in the new serles called The
2582 850 2975 922 930 K V SUN
1427 872 2143 930 Inner Sanctum Novels,“ handsomelg¬
1420 911 2138 967 bound in bristol board and inexpen¬
1427 946 2144 992 sively sold, will appear not only new
1432 978 2152 1032 books, but some of older date that have
2451 964 3060 1052 B00K NOT OBSCENE
1418 1006 2120 1079 continued to hold their popularity.
1459 1040 2154 1102 The first of these reprints is one of
2400 1059 3117 1140 Magistrate Gotlieb Dismisses
1418 1065 2155 1132 Arthur Schnitzer’s humorous master¬
1428 1111 2150 1166 Plece. Casanova’s Homecoming“ (Simon
2438 1117 3072 1182 Charge Against Publisher.
1420 1151 2154 1202 & Schuster). This book was, originally
1429 1179 2151 1238 published in an English translation in
2430 1188 3111 1249 Declaring that “the standard of
1429 1216 2157 1267 1921. and was suppressed. Its reap¬
2402 1244 3099 1290 life today as to plays and books, and
1438 1248 2164 1308 pearance at the present time affords
2392 1274 3105 1328 the very habits of the people, has so
1437 1273 2161 1339 opportunity for reading a bock which
2400 1311 3103 1357 changed that what was regarded as
1436 1313 2151 1381 may possibly be regarded as Immoral.
2394 1342 3092 1407 obscene and immoral yesterday is to¬
1427 1351 2164 1403 hut which is undoubtedly an adrolt hit
2398 1392 3094 1433 day reckoned as being in proper
1426 1390 2151 1449 of story-telling—a first-rate yarn 0“
2398 1421 3098 1479 taste,“ Magistrate Maurice Gotlieb
1435 1417 2151 1478 high humorous quallty. In it the cele¬
2402 1458 3101 1516 In the West Side Court today dis¬
1434 1458 2155 1512 brated Casanova is riore Casanovis!
1428 1506 1903 1551 than ever Casanova was.
2403 1497 3104 1553 missed summonses against members
2406 1540 3095 1586 of the firm of Simon & Schuster,
2392 1569 3095 1624 Jublishers of Casanova’s Home
2402 1609 3104 1678 Coming,“ by Arthur Schnitzler,
2393 1642 3089 1698 brought by John S. Sumner, secre¬
2404 1686 3104 1752 tary of the New York Society for
2396 1727 2888 1778 the Suppression of Vice.
2421 1745 3099 1815 Sumner was ordered to retern to
2388 1805 3108 1860 the publishers 1,564 copies of the
2384 1836 3101 1888 book which were seized by him on
2389 1879 3104 1931 August 8. This court has come to
2387 1911 3106 1970 the conclusion that the book in ques¬
2398 1947 3108 1995 tion is not obscene,“ sald Magistrate
2395 1979 3093 2040 Gotlieb, "that there is nothing with¬
2387 2029 3102 2080 in its covers which tends to impalr.
2390 2059 3092 2103 the morals of any one reading it,
2387 2093 3104 2155 and that process will not be issued
2391 2133 3088 2177 for the arrest of these defendants.“
2391 2174 3103 2235 The defendants, Richard L. Simon
2381 2222 3090 2268 and Albert Hoyt, sales manager,
2397 2259 3095 2320 were charged with publishing and
2370 2282 2896 2345 selling an obscene book.
1347 2591 1699 2678 Chroniels
1347 2640 1955 2737 San Francisco cal
1470 2713 1848 2816 SEP i 4 1330
2229 2839 2630 3002 FOR
1674 2926 2154 3007 WINIS
1490 3050 1557 3107 8
1567 3056 2664 3145 DOORWOKVuS
1880 3140 2045 3207 anteentenen
2327 3140 2500 3189 Sn
2332 3182 2500 3217 S D
1387 3207 2655 3253 BOSTON TALKS BACK Ocensorship, Boston is not alone and
1995 3241 2654 3302 never has been. In fact, there is
1354 3246 1984 3323 The troublesome Mr. Sumner's
1989 3280 2648 3322 no place in the land where the
1312 3305 1983 3369 recent interference with the pub¬
1995 3316 2659 3369 censorlous attitude does not creep
1997 3354 2650 3400 out with alarming regularity, It
1311 3344 1987 3409 lication in New Vork of a reprint
2008 3390 2663 3448 may seem silly to get wrought up
1324 3392 1990 3440 of Schnitzler’s story, Casanova's
2005 3430 2657 3466 over as trivial a book as Casanova's
1324 3426 1987 3476 Homecomung,“ prompts the liter¬
1318 3464 1982 3520 ary editor of the Boston Transcript
1996 3466 2661 3520 Homecoming, but it is not the book
1325 3503 1980 3547 to observe that, “though Boston has
1997 3497 2664 3550 that counts; it is the fact that al¬
2003 3546 2659 3586 most any book, no matter how seri¬
1320 3540 1987 3585 had more than its share of trouble
1996 3572 2677 3630 ous or how trivial, can be interfered
1316 3575 1982 3632 with the censor since Jason Frank¬
2006 3614 2663 3660 with at the pleasure of the watch¬
1313 3612 1979 3659 lin Chase passed on, there has
2005 3639 2664 3696 and-warders, that annoys us. The
1322 3649 1981 3711 thankfully been no one person to
1996 3683 2668 3742 extra-legal tinkering of the Sum¬
1312 3678 1975 3738 start trouble on his own,“ and that
2000 3729 2666 3768 ners and Chases is an evil thing
1317 3726 1979 3768 the uncomfortak’e distiriction of
1993 3760 2676 3820 and should be flayed whenever it
1315 3759 1991 3814 possessing an “#ustanding Com¬
1315 3798 2303 3850 stock“ must be borne by New occurg.“ Stet!
1318 3835 1993 3892 Vork, sophisticated New York,
2027 3853 2660 3916 James Whitcomb Riley’s letters,
1319 3869 1992 3918 which has so enjoyed poking fun at
1999 3914 2671 3959 edited by William Lyon Phelps, are
1321 3907 1987 3960 poor benighted Boston.“ He ob¬
1313 3928 2556 4005 zerves further that, in troublesome to be published next month.
