3436 4256
2600 254 3013 332 17 February, 1923
1594 250 2147 342 THE FREEMAN
727 273 846 339 524
1881 351 3017 417 most definers, I am driven to adopt both methods and to
726 373 1867 441 hard, gemlike Hame, to maintain that ecstasy is to be
1888 409 3027 470 insist that, whatever else poetry may lack, it must have
720 422 1850 490 a ##lecess in life. Has the reader ever seriously
1874 469 3026 527 its roots in ecstasy, that it differs from pedestrian prose
718 471 1860 522 reflected that“to flit from flower to flower,' far from
1882 511 3017 573 in the lift, the exaltation, the moment of rapture. This
725 521 1860 593 being the manifestation of a trivial and degraded
1894 567 3024 628 lift'' may be inherent in its subject; it may be evoked
734 580 1872 637 character, is to reveal a vitality, a patience, an almost
1890 631 3023 682 by the intensity of a communicated emotion or by a com¬
731 641 1866 697 austere intensity in tlie pursuit of perfection which
1890 673 3025 731 bination of verbal precision and musical passion. It
719 680 1858 732 can, which ought to be, admired? Most of us, let us
1891 719 3018 777 starts, as Mr. Robert Frost has said,“with a lump in the
731 735 1866 792 admit frankiy, are not quite up to it. We are no of
1889 766 3026 846 throat, a homesickness or a love-sickness. It is an effort
727 782 1863 838 ihe blood of the martyrs. Trained in the naive tradi¬
1879 824 3021 887 to find fulfilment. A complete poem is one where an
724 833 1864 887 tions of the “prep’’ school and the Junior “prom,' we
1888 889 3016 941 emotion has found its thought—and the thought has
720 885 1866 940 lapse, almost before we are aware of it, into a cult of
1891 944 3023 993 found the words.“ It may have its basis in an idea,
720 929 1867 1007 monogomy which may or may not be noble but #sch
1892 982 3018 1034 but it must reach out to something more. This some¬
722 987 1865 1044 is certainly unimaginative. It is not so with that
1890 1025 3030 1086 thing more is what seems to be lacking, not only in the
730 1041 1879 1089 unconquerable idcalist, Don Juan. For others, more
1890 1089 3034 1142 cerebral lines of Miss Moore, but in the work of an
730 1091 1866 1155 happily constituted, the villa and the flivver; for him
1890 1126 3035 1188 entire unorganized though recognizable group. Although
729 1145 1866 1191 the open road, the waste land, the pathless sea and the
1894 1184 3028 1256 its products may be diverse, its hall-marks are identical:
731 1197 1861 1269 lonely horizon. In journeyings often, in perils in the
1895 1234 3031 1291 intellectual dexterity, technical preciosity and, as Mr.
728 1249 1867 1300 city, in perils arong false brethren, in weariness and
1884 1289 3022 1355 Aldington has pointed out, a tone that alternates between
728 1313 1867 1367 painfulness, in watchings often, in hunger and in
1891 1341 3027 1390 obscurity and condescension. In a provocatively con¬
739 1349 1869 1409 thirst; baffled by a thousand disillusions, he fares on
1880 1390 3020 1456 troversial review of Mr. Waldo Frank’s “City Block,“
743 1411 1869 1469 with a stern ardour, an invincible belief that some¬
1884 1441 3038 1501 Mr. Kenneth Burke illuminates our indecision from a
740 1456 1879 1513 where exists the Ideal, and in this faith he lives and
1894 1494 3023 1543 somewhat more acute angle.“If we have to choose be¬
739 1504 1869 1565 dies. Old age is, of course, the only tragedy that can
1898 1565 3034 1613 tween an artist who is passionless and clever, and an
736 1569 1862 1628 come to darken this sublime adventure of the senses,
1899 1598 3023 1658 artist who is tumultuous and non-clever  the former,?
726 1623 1874 1675 and before that inevitable Visitant, there is, unfor¬
1896 1654 2872 1721 concludes Mr. Burke, “would be nearer to art.“
739 1656 1870 1719 tunately, culy one thing to be said to his soul by this
1941 1701 3036 1753 If one is prepared to grant this, if there can be a poetry
734 1725 1876 1790 martyr of the Ideal:  Fool, would'st thou live for
1905 1763 3040 1814 without passion—and one could as easily imagine a music
739 1764 898 1844 ever ?°
1908 1807 3038 1865 without sound—Miss Moore’s achieves a special sort of
1372 1808 1829 1888 Curnazar Waldhr.
1905 1855 3037 1912 distinction. Hers is no loose structure of fortunate or
1906 1902 3043 1959 faltering phrases; the form of her expression is as hard
1057 1904 1570 1987 POETRY OR WIT:
1890 1955 3038 2015 as the contours of her thought. But the critical faculty
734 1973 1880 2037 Wuy, it has been asked by others besides Mr. Richard
1889 2001 3039 2078 predominates. If, for example, one compares liss
743 2031 1871 2081 Aldington, is the writing of Marianne Moore so gener¬
1890 2075 3041 2125 Moore’s poem to George Moore with her prose diagnosis
733 2078 1869 2130 ally absent from most anthologies of contemporary
1897 2117 3048 2182 of the same subject, one finds it difficult to understand
737 2123 1870 2185 American poetry? Why has she had to wait more than
1909 2157 3040 2212 why this analyst writes so little in what seems to be her
742 2173 1868 2246 eight years for the publication of her first volume, and
1901 2206 3035 2277 native medium. Nothing short of a perversity of choice
748 2230 1882 2286 why, even then, has it been necessary for a few friends
1891 2267 3038 2330 explains the selection of the form of poetry for subjects
735 2273 1876 2351 to “pirate' her work and bring out her one volume in
1892 2312 3043 2378 and titles like Pedantic Literalist, In This Age of
733 2339 1880 2403 England? Why have critics applauded creations of far
1902 2371 3046 2433 Hard Trying Nonchalance is Good And—. Such
749 2372 1873 2440 less originality while remaining silent—in these days of
1903 2415 3043 2470 stanzas establish a mood of critical, half-scornful clever¬
737 2437 1874 2480 howling controversy they could scarcely plead ignorance—
1906 2464 3043 2524 ness. But do they furnish a poetic communication?
744 2482 1873 2547 concerning an idiom as unique, however difficult, as hers?
1901 2518 3047 2579 Arethey, to ask the question which prompted this inquiry,
741 2536 1874 2606 There are, doubtless, several contradictory answers to
1902 2575 3042 2639 related by anything more than their apparel to poetry?
739 2599 1880 2662 these questions. My own prejudiced conclusion is that,
1897 2628 3046 2677 In spite of his admiration for Miss Moore’s recondite
741 2642 1870 2704 while Miss Moore has elected to offer her highly intel¬
1900 2687 3052 2733 brilliance, at least one reader is compelled to answer in
739 2690 1876 2744 lectualized dissertations in the form of poetry, she is not,
1904 2732 2190 2795 the negative.
745 2740 1885 2799 in spite of the pattern of her lines, a poet. It is not to
2552 2763 2998 2845 Louxs UNTERMEYER.
741 2797 1876 2853 be inferred from this dogmatic finality, that I do not ad¬
748 2845 1884 2905 mire Miss Moore’s acidulous and astringent quality. On
2190 2881 2762 2954 A GREAT PREACHER.
739 2893 1874 2955 the contrary, all of her work displays a surface of flicker¬
1906 2949 3044 2997 Purpir-ORAroky as an art seems in the United States to
750 2938 1886 3009 ing irony, a nimble sophistication beneath which glitter
1915 2990 3049 3038 have grown out of fashion; either it is not cultivated or
741 3000 1880 3065 the depths of a cool and continually critical mind. Hers
1912 3046 3054 3102 it is not popular. That there is an interest, however, in
739 3066 1889 3123 is witticism of a strange genre; but it remains witticism.
1913 3093 3042 3156 the orators of the past, is shown by the frequent appear¬
749 3107 1878 3168 It is the critic and the wit rather than the poet who can
1919 3154 3047 3213 ances of compilations of ancient and modern eloquence.
756 3154 1706 3234 combine words and ideas in such a pattern as:
1929 3199 3046 3252 Of the French orators of the pulpit, Bossuet seems to be
833 3240 1823 3300 There is a great amount of poetry in unconscious
1914 3248 3047 3321 the best remembered, but one finds an occasional refer¬
853 3277 1469 3340 Fastidiousness. Certain Ming
1916 3299 3046 3360 ence to both Fénélon and Bourdaloue. The title of this
906 3323 1819 3389 Products, imperial floor-coverings of coach
1921 3353 3045 3412 book“ should have been,  Bourdaloue and the Court of
844 3371 1817 3447 Wheel yellow, are well enough in their way but I
1916 3400 3053 3459 Louis XIV, for Dr. Reville gives us a clearly sketched
972 3423 1387 3481 have seen something
1912 3454 3046 3511 background of conditions in that brilliant, vicious and
933 3468 1380 3531 That I like better—a
1913 3503 3049 3556 constantly interesting coterie at Versailles, which the
979 3507 1797 3566 Mere childish attempt to make an imper¬
1922 3559 2702 3608 Duke de St. Simon has made immortal.
1058 3562 1690 3625 fectly ballasted animal stand up,
976 3603 1650 3672 A determinate ditto to make a pup
1952 3612 3047 3669 There are two questions which often occur to casual
1046 3656 1568 3725 Eat his meat on the plate.
1912 3659 3052 3719 readers of the Duke de St. Simon and of the“Letters of
1911 3721 3042 3767 Madame De Sévigné.? Did Bourdaloue and the court¬
791 3721 1880 3793 I see that I have involved myself in the snares of that
1913 3769 3046 3824 preachers compromise in their discourses before the Sun
758 3776 1885 3850 tangled problem which concerns a definition of poetry.
1919 3817 3053 3867 King, the autocrat, the Prince who never neglected daily
751 3829 1884 3884 The effort to fix this fluctuant power in a phrase usually
1913 3864 3053 3919 Mass but who for many years publicly kept mistress after
758 3879 1884 3954 ends either in a hopelessly vatic gesture or a reckless
1950 3920 3052 3991 1Herald of Christ, Louis Bourdaloue, S.J., King of Preachers and
759 3927 1884 3991 leaping from one generality to another, In common with
1919 3980 3050 4030 Preacher of Kings. A Portrait.“ John C. Reville. New York: Schwartz,
1925 4010 2350 4070 Kirwin & Fauss. Sr.55.
784 4017 1772 4061 1 Poems.“ Marianne Moore. London: The Egoist Press.
