3392 4256
260 209 432 290 30
1506 192 1966 288 box 4/11
493 200 1351 278 asanovas Heinfahrt
1571 1023 1674 1102 27
1023 1134 2226 1215 Bros., 192 App. Div. 816). In that case the pub¬
1026 1197 2216 1283 lication in question was a book entitled Made¬
1027 1249 2219 1327 leine', It was alleged to be an autobiography by
1013 1330 2231 1383 an anonymous author of a public prostitute. The
1015 1389 2220 1453 Appellate Division, holding the book not violative
1026 1451 2228 1523 of Section 1141, did so, although it declared the
1024 1506 2224 1566 book served ne useful purpose and taught no moral
1007 1577 2221 1658 lesson. The court speaking through Justice Smith,
1012 1635 2208 1710 said:“ can see no useful purpose in the publica¬
1005 1698 2220 1771 tion of the book, I cannot agree that it has any
1014 1745 1574 1815 moral lesson to teach.)
1061 1811 2216 1891 I hare read seith sedulous care“Casanord’s
1014 1886 2216 1952 Homecoming'“ Women in Love' and a“ Young
1015 1933 2207 2009 Girl’s Diary'. Folloring thetest laid doin bythe
1008 1998 2211 2058 cases in this state, both as to manner of judhing
1009 2062 2207 2113 publications und as to the meaning of the statute, I
1007 2131 2203 2192 do not sind angthing in these books ichich may be
1004 2185 2204 2241 considered obscene, leied, lascirious, filthy, indecent
1002 2241 2204 2315 or disgusting. On the contrary, I find that each of
1013 2304 2201 2354 them is d distinct contribution to the literature of
1015 2361 2208 2435 the present day. Euch of the books deals with one
1005 2440 2216 2499 or dnother of the phuses of present thought. They
1006 2486 2196 2559 are not wbritten in a manner that would incite im¬
1000 2548 2209 2611 pure imagination und lustful desire in the reader of
1008 2598 1542 2682 ordinarg intelligence.
1041 2663 2200 2718 Pornographie tides should be stemmed, but dis¬
1001 2734 2207 2782 tinction must be drawn between that which is
1005 2787 2190 2841 merely obsence and that which the higher courts'
1006 2850 2206 2912 tests allow and sanction. It has been said, with
1001 2920 2200 2983 some justice, that the policy of pouncing upon
1003 2972 2194 3043 books too frank for contemporary taste, without re¬
990 3032 2199 3099 gard to the motive or purpose for which they were
1001 3092 2204 3145 written, or the use to which they are to be put, is
990 3150 2188 3207 objectionable and should be curbed. As the emi¬
995 3218 2192 3284 nent publisher, Mr. Henry Holt, in a letter in the
994 3273 2198 3336 New York Times, on May 30, 1922, well says: “The
988 3337 2189 3414 family requires that the sexual passion be kept
1000 3393 2223 3484 within limits. Within those limits, the rousing of
