3392 4256
1533 156 1976 248 box 4/11
938 163 1325 236 Heimfahr
505 180 939 243 Casanovas
284 175 1414 277 30 S  ee e e ck e e e
1492 894 1598 988 15
1006 1022 2170 1115 The illiberality of opinion in obscenity matters of
948 1104 2160 1168 years ago is no longer reflected in recent cases. A
954 1171 2151 1230 thing deemed indecent years ago is generally ac¬
952 1218 2166 1276 cepted today as decent. Witness the change in
957 1274 2155 1333 bathing suits. Only within the last ten years have
948 1336 2160 1403 women been allowed in New York to bathe with
954 1400 2158 1466 bare legs and in one-piece bathing suits. In 1907
958 1463 2153 1521 the New England Watch and Ward Society pre¬
961 1526 2161 1579 vented Mary Garden from appearing in Richard
957 1581 2168 1651 Strauss’s celebrated opera Salome.? Today the
958 1651 2162 1711 opera is in the repertoire of every reputable opera
947 1708 2173 1771 company. A few years ago the present edition of
955 1769 2167 1845 Earl Carroll’s Vanities'' would have shocked the
959 1827 2167 1879 community. Yet, within the last few weeks, the
961 1887 2167 1954 Vanities“ were completely exonerated by a Grand
948 1943 1624 2016 Jury in New York County.
1001 1999 2166 2077 As indicative of the rapidity with which the atti¬
960 2069 2170 2124 tude of the community changes on this subject, we
957 2139 2162 2197 shall analyze some of the recent cases on obscenity.
963 2207 2173 2279 Case: People v. Broinard, 192 App. Div. 816,
1054 2272 1397 2354 July 9, 1920.
955 2349 1646 2430 Title of Book: Madeleine“
954 2421 2161 2501 Theme: An autobiography of a prostitute, abound¬
1067 2488 2164 2549 ing in detail and revealing with particularity
1060 2537 2171 2610 the physical and financial difficulties attend¬
1051 2589 1659 2670 ant upon her livelihood.
957 2660 2170 2727 Decision of the Court: The Appellate Division held
1059 2716 2170 2766 the book did not violate the statute, though the
1059 2781 2163 2832 Court said:" can see no useful purpose in
1061 2823 2168 2885 the publication of the book, I cannot agree
1061 2875 1974 2950 that it has any moral lesson to teach.)
931 3031 2160 3115 Case: Halsey v. Neie York Society, 234 N. V. 1,
1058 3097 1424 3174 July 12, 1922.
965 3173 2014 3251 Title of Book: Mademoiselle de Maupin“.
963 3247 2173 3324 Theme: Details of the passionate love affairs of
1065 3308 2169 3373 two women, one of whom is disguised as a man,
1059 3359 2169 3430 written by an author who stated in his preface
