3436 4320
1580 251 2022 339 box 4/10
316 259 1440 330 30. Casanovas Heinfahrt
1288 307 1441 362 enen 1
636 693 1575 817 schnitt Su#er Mitcheilungen Wien.
817 767 889 830 0
674 809 774 881 Ee
1105 911 1559 990 - In der Erzählung Cafa¬
791 945 1567 1032 #novas beimlahrii Ariur A
789 989 1559 1071 ganzi seinem Fac#wasser. Paul Schrecken¬
787 1041 1551 1107 sbach hat einen Lebenstoman aus der
792 1074 1558 1145 Reformationszeit geschaffen: Michael
796 1112 1555 1185 Mepenburg: Cirölische Heimatkunft ent¬
784 1137 1569 1225 saltet Hans Schrott=Fiechtl in seinen,
784 1192 1560 1261 Komanen: Der Bauer auf der Stang'l.
761 1282 1211 1364 und Wettertennen.
1248 1771 1842 1847 und Inselligenz=Biare
1256 1863 2223 1913 Heimfahrt“ (soeben bei S. Fischer, Berlin. erschienen).
1252 1899 2217 1945 Man wird sie viel lesen. Casanovas Name verbürgt
1247 1943 2226 1979 Erotik. Auch Schnitzler verbürgt sie. Die Novelle ist
1246 1968 2223 2016 in noch klassisizierenderem Stil und mit noch größerem
1246 2002 2220 2049 Gefallen an Sexualpsychologte geschrieben als die letzte
1252 2032 2229 2077 Erzählung Schnitzlers „Doktor Grädler, Badearzt“, in
1259 2075 2221 2123 der beides elen Rinlich wie erfolgreich war. Nicht
1257 2105 2220 2151 Sinnlichkett, sondern Geilheit ist ihr Inhalt. Fatl,
1260 2131 2225 2185 weil ihn ein gewisser Geist umfunkelt, ihn zu erheben
1252 2172 2222 2217 schein“, Sogar eine gewisse Melencholie. Das groß¬
1245 2201 2227 2260 artige Abenteurerleben, zusammengepreßt in ein Ab¬
1255 2233 2228 2271 schiedserlebnis, entbüllt seine klägliche Leere. Dennoch
1260 2269 2223 2321 satal auch durch das Bekenntnis, das hindurchschim¬
1250 2305 2220 2351 mert: Sorge um das Glück pbysischer Genußtauglich¬
1260 2336 2218 2384 keit im Alter. Das Ressentiment in den Armen des
2018 2359 2231 2419 ##end und
1255 2374 1973 2423 Mädchens: „War er nicht ein Gott —?
1253 2397 2228 2447 Alter nur eine Fabel, von Menschen erfungen?“ Ein
1261 2427 2238 2491 Ressentiment das in der Anspannung. Erregung des
1253 2473 2232 2531 Gesechtes wiederkehrt: „Bin ich nicht ein Gott? Wir
1251 2504 2230 2554 belde nicht Götter?“ Eigentlich lächerlich. Der ver¬
1257 2527 2234 2585 kalkende Meister der Liebessviele imponiert sich bedürf¬
1253 2574 2220 2621 lig selbst. — Das Fatalste bleibt jedoch, zu sehen, wie
1253 2597 2231 2661 Schnitzler, ein Dichter von überlegener Kultiviertbeit,
1265 2645 2213 2704 Verfasser so lebendiger Zuruse, wie sie in seinem
1264 2674 2226 2722 „Grünen Kakadn“, seinem „Jungen Medardus“ stehen.
1265 2712 2216 2764 den engen Kreis erotischer Problematik nicht durch¬
1261 2733 2231 2790 zubrechen ermag und sich nicht scheut, heute mit
1263 2784 2219 2825 Casanova herbstlich zu erglühen, wie er einst mit Ana¬
1265 2810 2220 2858 tol avrilhafte Triebe tellte. Um es banal zu sagen:
1266 2847 2215 2895 die Welt hat ändere Sorgen. Sie verzichtet zwar nicht
1268 2881 2222 2919 auf den unverwüstlichen Eros, aber die Zeit fordert
1261 2915 2226 2961 von Dichtern ein anderes sittliches Pathos, als es ge¬
1260 2941 2225 2991 sellschaftliche Lieblinge von der Art Casanovas wecken.
355 2939 1011 3055 Fraskturter Nachrichten,
1265 2982 2230 3023 ##e kennzeichnend, daß Schnitler endlich an diesen
1010 2963 1218 3045 E7.1318
1256 3015 2214 3057 #o##leinden Hochstapler. Frauenhelden und Ppahlhans
402 3020 995 3124 und Intelligenis Tatt
1259 3043 2224 3098 gelangen mußte! Casanova war die versonisizierte
1266 3086 2217 3124 Gier. Die Unersättlichkeit im Lieben wie im Essen
1250 3108 2220 3167 Gllehrt Schnidler an der Gestalt hervor. Ausgezeichnet.
467 3085 928 3169 Frankturt a. M.
1265 3140 2231 3189 Der Blick der Gierigen ist diebisch, er stieblt, was ihnen
1277 3181 2219 3231 gefällt, und ihnen gefällt, was ihnen das Leben ange¬
351 3155 1265 3239 Casanovas Heimfahrt. Alt, schäbig geworden, aber
1272 3213 2230 3252 nehm zu machen verspricht. Der Gedanke der Gie¬
301 3213 1264 3269 toch immer lüstern, erlebt Casanova noch einmal eine
1266 3245 2236 3298 rigen ist Verrat, denn er kennt keln Idaul und nichts
297 3252 1260 3307 Tlebesnacht. Er ist unterwegs nach Venedig, seiner
1268 3286 2231 3328 Gemeines und wird stets Persönliches der Sache über¬
310 3292 1268 3338 Heimatstadt. Bei Maniua geschieht's, auf einem Land¬
1277 3317 2223 3363 ordnen. Die Casanovas waren die Drohnen der Ge¬
317 3318 1258 3371 gut. Seine versönlichen Künste sind ziemlich ver¬
1270 3351 2223 3401 sellschaft, aber um ihrer Eleganz und Unverschämthett
320 3353 1259 3414 braucht, sein Ruhm ist verblaßt, kein Verführerzauber
1277 3384 2226 3437 willen sehr bevorzugt. — ohne sich auf das Grotische
324 3389 1266 3440 wirkt nicht mehr wie einst. Verkleidet als ein anderer
1271 3417 2224 3462 allein zu beschränken. Das neunzeynte Jahrhundert
316 3415 1262 3471 dringt Casanova in das Zimmer des begebrten Mäd¬
1270 3446 2226 3504 hat sie ebenso gertebt wie das achtzehnte, ja es behan¬
311 3455 1267 3500 chens, im Mantel des jungen Lentnants Lorenzt. Ein
1277 3487 2226 3539 delte sie in seiner demokratischen Vorliebe nicht mehr
321 3483 1265 3546 schustiger Handel. Lorenzi verkauft seine Geliebte, um
1281 3508 2234 3569 als Außenseiter, und wenn sie auch nicht aufhörten,
311 3517 1267 3585 eine Spielschuld bezahlen zu können. Aber am Mor¬
1281 3556 2227 3598 Schmarotzer zu sein, wurden sie oft doch reich. Ein
326 3556 1261 3613 gen versucht er seine Ehre zu rächen, indem er Casanova
1282 3586 2228 3638 Schilderer obysiologischer Typen wie Schnitzler mußte
321 3595 1262 3640 anklauert und zum Duell zwingt. Casanova schleicht
1279 3619 2237 3676 schließlich auf den Giermenschen stoßen. Seine ge¬
325 3626 1259 3676 sich, einen Degen in der Hand, nur mit dem Mantel
1282 3648 2231 3701 schmäcklerische Neigung führte ihn zu dem historischen
325 3655 1271 3710 bekindet (wie Monna Vanna), von dem im Dunkel
1277 3691 2226 3737 Vorläufer Casanova. Seine Gebundenheit hinderte
318 3700 1267 3747 betrogenen Mädchen, das ihn beim ersten Dämmer¬
1273 3726 2233 3774 ihn, über das Sexnalsvielerische hinauszugreifen. Er
323 3727 1262 3782 strahl voll Grauen erkannt hat. Zweikampf zwischen
1270 3759 2226 3814 weist sich damit selbst seine Stelle in der Literatur des
324 3761 1272 3812 zwei nackten Männern im anbrechenden Tag, eine
1278 3792 2224 3833 vergangenen Regimes zu. Alles, Psychologie, Erfin¬
321 3800 1269 3843 kühne Szene. Lorenzi fällt. Casanova flieht nach
315 3837 2240 3899 Venedig, wo er als Svion sich verliert. — Das ist, im  dung, Stil, so anmutig, zugesvitzt, glänzend sie diesmal
2061 3856 2209 3901 C. H.
326 3867 1864 3919 Umriß. Arthur Schnitzlers neue Novelle: „Gasanonas; sein mögen, sind Vergangenheit.
2068 3887 2262 3947 es
1728 3936 2269 4018 IUImzüne Kahlen.Tnanéofntol
2304 416 3177 511 Berliner Borsen Courier, Berlin
2528 480 2966 579 Nurgenensgabe
2306 575 2559 658 ZEDLETAN
2465 709 3255 812 Casanovas Heimfahrt?).
2383 765 2902 853 Man hat Arthur Schuitzl
2757 791 3358 869 während des Krieges
2344 839 3364 902 vorgeworsen, daß er sich durch kein Weltereignis aus
2344 862 3363 948 der Pflege seiner Motive hat scheuchen lassen. Daß
2341 900 3379 985 für ihn die Prohleme der Menschheit mit der Behand¬
2343 948 3380 1025 lung der Geschlechterbeziehungen erschöpft seien, und#
2337 985 3362 1066 daß dieses Problem von ihm noch eingeengt und ver¬
2332 1028 3367 1106 kleinert würde. Dieser Vorwurf ist falsch und richtig.
2340 1075 3359 1153 Er ist falsch, soweit man die Motive füc ihre man¬
2328 1098 3363 1200 gelnde Aktualität verantwortlich machte, er ist richtig,
2332 1156 3357 1245 oweit man die Motive selbst auf ihre Erschöpfung hin
2330 1191 2493 1248 ansah.
2387 1219 3367 1311 Daß Schnitzker während des Krieges sich seine
2330 1261 3355 1352 Welt bewahrt hat, daß er sich abschloß und in seine
2328 1301 3352 1389 empfindlichen Bezirke keinen lauten Ton ließ, ist ein
2318 1364 3354 1434 Lob seiner künstlerischen Ehrlichkeit., Während Hugo
2319 1395 3347 1469 von Hofmannsthal und Hermann Bahr den Geist des
2316 1429 3346 1502 alten Oesterreich heraufbeschworer um die Gefahren
2326 1481 3344 1544 des neuen zu umnebeln, vertrat Schnitzler ohne Pose
2323 1521 3341 1582 und Akzentuierung=das alte Wien. Das Wien vor
2319 1543 3344 1625 dem Kriege in seinen närrisch=melancholischen Heiter¬
2326 1599 3351 1669 keit, in seiner Lebensfreude ohne Tiefe, in seiner sinn¬
2317 1633 3356 1706 lich verwischten Geistigkeit, in seiner Grazie, seiner
2316 1683 3345 1748 Humanität und menschlichen Kultur. Er blieb, wie
2321 1718 3343 1792 diese Stadt noch bis in das Frühjahr dieses Jahres
2320 1757 3338 1832 hinein geblieben war: fremd den Anfordeungen einer
2318 1796 3338 1874 heroisch=tumultuarischen Zeit, fremd allen Erschütte¬
2316 1851 3341 1908 rungen und elementaren Entladungen. Wie man in
2317 1880 3340 1948 Wien nach 1914 noch wie in einer neutralen Stadt
2299 1919 3344 1993 leben konnte, durfte man sich auch in Schnitzlers
2303 1961 3332 2021 Reich wie in einem neutralen geistigen Staate nieder¬
2300 1987 3331 2070 lassen. Aber wie Wien schließlich doch zusammen¬
2307 2044 3332 2112 brach, weil selbst seine Elastiität vor dem ungeheuren
2304 2091 3326 2145 Schicksal zerriß, mußte Schnitzlers Welt in sich zu¬
2297 2115 3343 2194 sammensinken, weil ihre Sinnbilder die Kraft ver¬
2297 2155 3327 2239 loren. Auch die gewaltigste Zeit hätte sie nicht um¬
2323 2209 3331 2282 geworfen, wenn sie nicht selbst ihr Schwergewicht ab¬
2372 2251 3333 2320 seben hätten. Schnitzlers Motive gaben keine
2316 2283 3334 2367 Kunstwerke mehr her,dund die Zeit überwand nur,
2300 2328 2969 2383 was sich selbst überwünden hatte.
2357 2370 3315 2435 So setzt die Novelle „Casanovas Heim¬
2291 2390 3316 2478 fahrt“ einen Schlußpunkt hinter eine Entwicklung
2292 2447 3329 2517 und nimmt im Thema des gealterten Abenteurers und
2291 2485 3324 2566 Liebhabers Abschied von einer sianlichen Welt weh¬
2293 2520 3325 2596 mütigen Sviels und nachdenklicher Lust. Der Casa¬
2292 2562 3327 2657 nova der Memoiren konnte den Dichter Schnipler
2373 2624 2686 2694 9 #4
2229 2656 3275 2743 nicht festhalten. Seine Erlebnisse waren zu stürmisch,
2232 2697 3277 2785 seine Gefahren zu vehement, seine Erotik zu phan¬
2228 2734 3276 2812 #tastisch, seine Gaunereien zu geistg beschwingt. Der
2231 2767 3282 2851 müde Cajanara, der erniedrigte, fluckernde, grinsende,
2224 2804 3281 2908 jdessen Cynismus keine Steigerung des Lebens mehr
2232 2859 3272 2924 war, sondern seine Niederziehung, dessen Wollüste Be¬
2233 2890 3293 2983 trug, und dessen Geist Schauspielerei wurde, gab ihm
2232 2938 3288 3015 ein von eigener Bitterkeit betontes, von eigener Furcht
2269 2973 3287 3055 vergrößertes und von eigener Erkenntnis distanziertes
2271 3017 3283 3103 Zerrbild seiner früheren schwankenden, aber eben¬
2255 3054 3287 3140 mäßigen, haltungsbewußten Gestalten. Und merk¬
2241 3095 3285 3190 würdig: Schnitzler hat so sehr den Blick auf seine
2236 3130 3289 3245 eigene Welt und auf die historische des Casanova
2254 3180 3290 3267 gerichtet, daß er beide nicht gestaltet, sondern als Vor¬
2260 3216 3292 3293 aussetzung darbringt. Was wäre dieser gealterte Lieb¬
2263 3271 3294 3335 haber, wenn er nicht in die Ahnenreihe der Schnitzler¬
2260 3300 3297 3387 schen Menschen gehörte und nicht den Namen Casa¬
2557 3330 3291 3401 Ein peinlicher Greis, ein alberner
2273 3369 2529 3424 nova trüge?
2267 3376 3296 3453 Poseur, ein widerlicher Lüstling, ein schamloser Er¬
2266 3422 3288 3509 presser, ein uninteressanter Mörder. Aber von
2275 3452 3295 3536 Schnitzlers Vergangenheit und von Casanovas Ueber¬
2264 3499 3296 3573 lieferung her beginnt er sich zu beleben, sich zu diffe¬
2272 3541 3222 3625 renzieren und zusammenzuschließen. Die Sprache
2267 3575 3252 3655 Novelle, in ihrer Gepflegtheit und anmutig
2267 3620 3269 3697 Schnelle scheinbar neben dem Gegenstande herlaufer.
2276 3663 3279 3743 verbindet sich mit ihm, trägt ihn fort und schmil
2276 3695 3287 3786 ihn, schöpferisch geworden an ilter eigenen Tradi
2273 3744 3304 3818 tion, zum Kunstwerke aus selbständiger Kraft um.
2280 3792 3311 3866 Die machtlos gewordene Welt der Oberflächlichkeit
2279 3833 3303 3912 wird zeugend, indem sie sich verdammt und erlischt,
2279 3855 3304 3946 indem sie sich ein Denkmal setzt. Als Schnitzler zum
2277 3904 3304 3991 Historiker seiner selbst wurde, gab er ein Sinnbild
2286 3937 3303 4018 seiner Bedeutung für die Gegenwart: seine Werke sind
2288 3978 3307 4060 die seelische Geschichte des vorkriegerischen Wiens.
2287 4020 3312 4100 Unz als er Casanova zum Symbol dieser Vergangen¬
2284 4056 3305 4151 heit wählte, gab er zu, daß diese Welt untergehen
2289 4105 3314 4192 mußte, weil sie nur sinnlich erregt war, und ohne
2286 4137 3316 4238 geistige Gegenkräfte sich nicht Dauer, Grenzen und
2777 4176 3322 4236 Der Geist erhöht sich, die
