3392 4256
473 162 1387 231 Casanovas Heimfahrt
260 162 1385 275 30  en en en e ecte ente en
1523 156 1957 247 box 4/11
1994 929 2075 1014 12
1830 1156 2211 1234 POINT II.
1482 1259 2640 1357 As far back as 1922 a complaint
1432 1335 2640 1414 against Casanova’s Homecoming'' was
1438 1404 2632 1464 dismissed by Magistrate Simpson, who
1431 1466 2634 1518 held that the book was a distinct contri¬
1427 1532 2633 1590 bution to the literature of the present
1433 1583 1639 1654 day'.
1483 1701 2626 1758 Nearly a decade ago the same complainant en¬
1425 1762 2640 1840 deavored to suppress the same book. At that time
1435 1821 2645 1884 Columbia University and the educators of the land
1434 1882 2641 1942 had not yet fully adopted the book as part of our
1426 1944 2635 2003 public educational system, but even then the court
1438 2011 2644 2073 held that the book was not obscene. (See opinion
1433 2063 2623 2127 of Magistrate Simpson in People v. Seitzer, N. V.
1435 2134 2648 2202 L. J., September 30, 1922, copy of opinion being
1434 2185 1862 2257 appended hereto.)
1474 2244 2623 2328 Not content with this adjudication, the complain¬
1421 2317 2633 2378 ant took the matter to the Grand Jury and an in¬
1429 2373 2632 2434 dietment was found. A demurrer to the indict¬
1426 2422 2638 2487 ment was overruled in 1924, but the key to the
1439 2503 2632 2564 present case is to be found in that part of the
1432 2551 2640 2607 Court’s denial of the demurrer in which the Court
1424 2628 2638 2683 stated that Moral standards of thought are not
1753 2667 1807 2716 *
1811 2669 1876 2720 *
1429 2669 1660 2736 of statie
1872 2676 2645 2763 nature.' People v. Seltzer, 203
1428 2724 1960 2802 N. Y. Supp. 809, 814.
1482 2785 2628 2882 This prohietie remark proved to be true within
1425 2846 2631 2930 two years. In 1926 the prosecution of“Casanova’s
1432 2910 2634 2994 Homecoming'’ was dropped by the District Attor¬
1434 2972 2070 3048 ney of New York County.
1482 3029 2621 3088 Would the administration of justice have the
1429 3098 2620 3159 community believe that the District Attorney com¬
1431 3155 2630 3226 promises crimes? Was there a deal that if Seltzer,
1427 3221 2643 3275 thethen publisher, agreed not to publish the book,
1417 3273 2335 3357 his past crime would be overlooked?
