3484 4256
326 137 1446 203 30. Casanovas Heinfahrt
1590 134 2010 226 box 4/11
519 174 1453 227 e
1648 396 1923 503 Tribune
1631 475 2038 577 Tulsa okia
640 595 794 675 News
1674 655 2054 746 AUG 311930
616 657 1289 767 san Francisco calte
2060 715 2366 793 101
682 789 1043 884 AUG 5 01930
1655 786 2266 928 Casanova Fray
631 875 1221 1016 Schnitzler in
1643 892 2263 1026 Recalls Bates
710 973 1310 1146 Worthy Norel
1689 1014 2305 1142 Recent Tirade
619 1110 1278 1182 ·CASANOVA'S HOMECOMING,“ by Arthur
699 1161 730 1187 hn
730 1161 1289 1226 itzler: Simon & Schuster, Iher New
634 1171 789 1233 TörkT 31
1613 1154 2296 1267 Would Suppress
633 1213 1287 1280 For a long time we have been
594 1240 1276 1309 chanting the praises of Herr Schnitz¬
1617 1224 2283 1338 Great Book of Century
594 1282 1279 1352 ler and this is a good opportunity
592 1323 1277 1389 to sing a few more notes in the
592 1367 1251 1423 same key and on the same theme.
1634 1349 2289 1425 NEW YORK—U. —As though to
634 1396 1276 1465 As ever, his prosc is remarkable
1600 1407 2285 1459 supply another chapter to Ernest
587 1417 1289 1514 for its smooth, beautifully finished
1598 1434 2284 1497 Sutherland Bates' This Land of
595 1481 1272 1548 quality and his narrative for its di¬
1607 1481 2300 1530 Liberty.“ New Fork authorities have
584 1508 1128 1572 rect, interest-holding strain.
1607 1511 2288 1563 begun a fight to suppress a repub¬
1606 1554 2296 1606 lication of one of the trulz great
614 1546 1273 1616 Here he tells the story of the re¬
1597 1579 2040 1643 books of the century.
2057 1592 2295 1641 Casanova's
602 1583 1280 1647 tur of the greatest romancer of
1608 1622 2275 1696 Homecoming, by Arthur Schnitz¬
596 1620 1261 1685 them all to Venice. Casanova is 53—
1600 1647 1685 1699 ler.
587 1658 1269 1728 and Herr Schnitzler makes the most
1621 1675 2279 1736 Bates’ volume, published by Har¬
581 1697 1281 1781 of the tragedy, for it is a tragedy,
1603 1729 2268 1785 per’s, is an intemperate tirade
594 1735 1050 1809 as we weigh the novel.
1593 1768 2273 1825 against what he terms the tyranny
1600 1802 2269 1849 to which most Americans uncom¬
1594 1823 2270 1895 plainingly assent. He finds—lib¬
1595 1866 2287 1932 erty giving way to restriction in
1595 1907 2284 1963 every field—in the courts—the
1596 1947 2217 2000 press, the right of free speech.
1619 1982 2279 2026 The following chapter headings
1599 2020 2275 2071 well indicate the content of the vol¬
1595 2041 2270 2110 ume: Twisting the Constitution's
1587 2070 2278 2151 Tail:“ From the Third to the Nth
1597 2127 2270 2182 Degree: How We have Improved on
1591 2153 1769 2205 Prussia;
1812 2172 2261 2214 Intoxicated Temper¬
2108 2200 2152 2229 1
1591 2198 2267 2259 ance:“ Comstock Stalks, and
1590 2224 2064 2286 Education in Bondage.“
1633 2244 2281 2320 This Land of Liberty' is so vi¬
1579 2289 2263 2357 cious a denunciation that the cause
1590 2331 2274 2407 of liberalism might well be injured
1579 2373 1651 2420 by
1667 2380 2276 2438 the overstatement of which
1589 2417 2275 2475 Bates is quite possibly guilty. Still,
1588 2447 2260 2505 the prosecution against-the Schnitz¬
1578 2477 2262 2540 ler book is so illustrative of the
1579 2516 2271 2576 prudery, the chronic hysteria,
428 2500 742 2586 Argonkut
1574 2550 2272 2618 against which he rails that his
554 2565 908 2644 Aus 30-30
1584 2592 1991 2647 words gain emphasis.
1618 2631 2278 2682 It was in 1921 that“ Casanova's
1578 2670 2261 2711 Homecoming“ was first printed in
429 2647 1080 2727 Schnitzler’s Casanova
1580 2704 2266 2741 English. Atrthat time it was hailed
427 2722 1119 2765 SANorA'’s Honesourgu. Br Arthur Schnitz¬
1577 2734 2267 2794 into a magistrate's court and a
411 2759 1122 2799 ler. Jew Vork: Simon & Schuster; 81.00.
1578 2772 2259 2824 compromise vas reached—the then
408 2772 1139 2843 Schmitzler has written muu' novels in
1571 2811 2252 2863 publisher agreeing to withdraw the
384 2833 1133 2893 which hie has pecred deeply into the dark
1569 2848 2257 2903 book as soon as he disposed of the
377 2873 1132 2929 places and sub-cellars of men's souls.
1561 2876 1840 2927 first edition.
1629 2902 2179 2972 Casanova’s Homecoming“
386 2903 1138 2968 There is a fascinating, highly polished
1571 2951 2261 3007 scribes an imaginary event in the
374 2967 1131 3025 finishto all his work, which in itsclf is
1571 2981 2260 3042 life of the greatest adventurer of
377 2996 1138 3058 often strong enough to carry the mind
1573 3022 2260 3075 them all when he has reached the
374 3041 1129 3099 past incidents and situations that far ex¬
1578 3058 2251 3111 age of 53 and is returning to Venicc.
372 3091 1133 3135 ceed the broad limits the present genera¬
1564 3097 2256 3152 There occurs a hideous seduction
381 3131 1130 3187 tion accords a writer. Casanova's Home¬
1565 3137 2261 3191 but the scene—to which the moral
1560 3168 2255 3220 agents apparently object so stren¬
370 3164 1141 3223 coming' is no exception tosthese general
1575 3207 2254 3259 nously—is by mo means glorified
381 3206 1145 3267 characteristics of Schnitzler’s work. In
1569 3234 2260 3297 eroticism; rather it is a poignant
389 3250 1145 3303 one respect this book is an even more
1573 3277 2156 3343 tragedy of advancing old age.
374 3302 1134 3343 merciless vivisection of the human heart,
380 3344 1138 3385 a franker confession of the sordid motives
392 3374 1107 3424 hat sway like the tides im men’s souls.
425 3400 1164 3486 There is a louch of-degeneracy in théf
401 3458 1151 3530 Casanoyaof Schitzler's mungination, a
1159 3463 1898 3523 the lonz list of books br the Viennese
396 3517 1137 3570 mudlr flaw in the ier erystals of bis
1151 3511 1898 3568 master that they have issned. It is inter¬
406 3556 1130 3608 selfishness and sensunlitg. The author’s
1147 3559 1905 3607 esting to note that they consider this 81.00
401 3590 1137 3650 fronr accehtuates this flaw in the storg
1155 3598 1908 3665 edttien of the book as something in a
396 3629 1135 3694 Pof the last intrigue-the hnal disillusion¬
1153 3638 1895 3698 serious vein. Perhaps the world is in¬
396 3683 1037 3736 ment of the great Italian amorist.
1148 3682 1910 3745 elined to take the intrigues of the great
424 3720 1137 3780 In republishing“ Casanova’s Homccom¬
1154 3728 1907 3793 Italian lover more seriously than he did
408 3752 1313 3817 ing. Which üirst appeared in English in himself.
389 3799 1154 3872 1921, Sunon & Schuster hare rommled omt
1409 3801 1867 3881 Wukaros H. Ba#wen.
2695 1227 3076 1309 Daily News
2681 1292 3152 1371 St Paul Minn
2725 1385 3145 1510 SER T 1930
2733 1582 3108 1671 Casanova
2626 1665 3268 1744 CASANOVA'S HOMECOM-
2587 1718 3282 1802 ING. By Artbur SchnitzlerSimon
2597 1771 2928 1844 8 Jehutter. FI.
2619 1824 3268 1898 YT WOULD seem almost inevitable
2638 1887 3262 1934 that any novel based upon the
2590 1921 3270 1965 life of Casanova would recreate a
2589 1951 3279 2012 Casanova in the full fire of his
2597 2003 3281 2068 youth. Schnitzler's Casanova is an
2603 2030 2831 2086 inspiration.
2622 2066 3271 2122 The great lover is 53 here, and
2591 2104 3269 2160 has fallen upon evil days. After
2585 2145 3264 2197 years of exile, penniless and shabhy,
2591 2180 3264 2235 he is humbly begging the privilee
2590 2222 3264 2273 of return to his native Venice, yet
2599 2252 3263 2307 pathetically endeavoring to keep up
2597 2303 3261 2341 the swashbuckling pose of the Casa¬
2594 2327 3267 2388 nova all Italy once knew. No longer
2605 2359 3263 2418 attractive to the women he desires,
2595 2399 2717 2450 and
2732 2399 2788 2444 hi
2891 2403 3273 2456 heart knowing it
2602 2439 2765 2484 well eno
2987 2438 3274 2495 refuses to ac¬
2697 2475 2796 2529 ledge
3012 2480 3263 2530 hat he is an
2768 2545 2843 2593 isod
2998 2539 3263 2598 ain pursuit of
2875 2586 2919 2629 n
3009 2590 3273 2636 e impersonal
2968 2623 3275 2673 disgust at his
3007 2664 3259 2711 the ghastly
3046 2699 3267 2754 s a literary
2603 2734 2653 2779 ger
2927 2732 3160 2784 te brilliance.
2778 2769 2892 2815 a new
2716 2767 2766 2812 18
2636 2769 2671 2814 T
2962 2773 3255 2817 pular edition of
2851 2805 2972 2852 ublishe
2592 2804 2824 2849 a novel first
2991 2807 3255 2856 in English in
2591 2845 3266 2887 1921. News that the indefatigable
2592 2884 3262 2917 John S. Sumner already is trying to
2592 2917 3266 2967 have it suppressed will give it added
2587 2955 3257 3000 zest for the reader whio missed it
3044 2990 3221 3054 —A. C. S.
2584 2988 2876 3040 the first time.
