3484 4256
506 146 1412 214 Casanovas Heimfahrt
1567 141 1993 232 box 4/10
310 134 547 225 30
751 185 1415 255 S   er
689 303 1826 383 ohne viel klassizistischen Schliff, aber von lebendiger Natur¬
586 353 723 426 listik.
727 406 1800 468 . (Ein neuer Schnitzler.] „In seinem dreiundfünfzigste
591 436 1807 504 Lebensjahre“ — so beginnt Schnitzlers neuesie Novelle, die, be
604 488 1816 534 Fischer erschienen, den Titel „Casanoras Heimfahrt“ trägt. De¬
590 527 1820 585 Autor sellst kommentiert in einem Nachworte seine Erzählung
596 571 1814 605 dahin, daß sie im algemeinen frei erfunden, und nur in ge¬
603 607 1816 659 wissen Tetails an hisorisce Taten, besonders den „Erin#
601 644 1822 679 rungen“ Casanoras entrommen, angelehnt sei. Schnitzler ist jegzt
602 688 1832 738 annchernd so alt wie sein Cajanrva, und dieser Uimstand mag
592 718 1823 773 viel dazu keitregen, daß der Tichter in die Novelte eine Fülle
591 762 1827 798 dessen hineinlegt, was nur der große Seelenarzt zu vergeden hat,
597 798 1823 838 der steis mit den Cestalten, die er schafft, zumindest mit den
600 838 1815 888 Hauptsiguren, fühlt und empfindet. Mehr als ein Jahrzehnt ist
592 887 1820 931 verstricken, seit ich in jugendlichem Ungestüm und jugendlicher
599 920 1817 969 Kühnheit eine Studie über Artur Schnitzler veröffentlichte. Neben
599 954 1811 1003 der erfrischenden Naivität der Jugend verblüfst mich an diesem
587 992 1818 1046 Büchlein gegenwärtig am meisten die Keckheit, die dazu gehörte,
595 1032 1811 1077 es zu schreiben. Es ist aber vielleicht für Schnitzlers Tätigkei!
589 1080 1813 1120 und Wertung symptomatisch, daß man ihm als Neunzehnjähriger
598 1114 1811 1157 kaum wesentlich anders gegenülersteht als in den Dreißigern.
600 1151 1815 1201 Und so kinnte ich nach der Lektüre von „Cojanovas Heimfahrt“
591 1187 1794 1237 gereu dasselle Urteil über den Verfasser fällen, das ich domal¬
589 1223 1796 1274 nach eirgebendem Sirtirm seiner bis dehin erschierenen Wirl
1327 1257 1816 1317 ist reich an sprachlcher
586 1267 1315 1313 forwulierte. „Casereras Heinsebit“
590 1301 1823 1356 Schörheiten rrunkt in wurderlar setten Farlen, die nament¬
597 1334 1827 1395 lich bei Milierschilderurcen harmonisch zu köstlicken Gemilder
589 1374 1815 1415 verschmelzen. Die üppige Pantasie des Dichters lebt sich, obwol!
595 1423 1808 1469 in einen geschicktlich treuen Nahwen eingeenat. dennoch nach alle“
592 1451 1808 1506 Richtungen aus. Die Leichnung derraktere, durchte#
588 1504 1804 1549 pfrckolreische Arbeit von feinster Präzision, ist eckter Schnitzle¬
595 1535 1801 1579 Die an sich dürftige Hardlung geminnt durch straffe Durck¬
579 1572 1804 1619 führung und konsequente Vetonung des Kernes das Ansehe:
597 1616 1810 1669 eines bis in die kleinste Einzelbeit ausgeseilten dramatischen
584 1643 1818 1709 Entwurfes. Ich kann mir diese Casanova=Novelle sehr gut ale
579 1671 1913 1743 ein Theaterstück von stärkster Wirkung vorstellen. Man wird L
594 1752 1896 1840 J.#-###
653 1821 1657 1938 u. deld. pe an bewande
668 1882 1174 2022 Warn# 6e10n
544 2078 1395 2180 — — — —  — — ——
1229 2134 1549 2230 4-01 9-8
952 2290 1327 2391 Milirgs-Zeitur
585 2380 1693 2464 F. G nerer S#uitzler.] „In seinem dreiundfünszigsten
506 2439 1704 2502 el#rflie“ — #cles neueste Novel.e, die, bei
506 2479 1701 2545 isc#r #rclenen, den Titel „Casancras Aeimsehrt“ trügt. Ter
509 2521 1711 2585 ###er#est iemmentiert in einem Nachworte seine Erzohiung
526 2560 1703 2615 hin, deß sie im el.gen einen frei erfunden, und nur in ge¬
525 2594 1709 2659 sten####s an hif brische Taten, lesonders den „Crinne¬
524 2636 1694 2699 #ucer" Colerries entreumen, angeiehnt sei. Schnitzler ist jetzt
553 2688 1710 2734 ###erid so olt wie iemn Casanrva, und dieser Uimstand mag
549 2720 1696 2772 tezu leitregen, deß der Tichter in die Novel.e eine Fülle
466 2751 1703 2810 deßen hineimert, nas nur der große Seelenarit zu vergeden hat,
476 2789 1701 2857 deßestets mit den Gestalten, die er schafft, zumindest mit den
472 2837 1702 2883 Herrtsteuren fühlt und empfindet. Mehr als ein Jahrzehnt ist
468 2867 1703 2936 verstric en, seit ich in jugendlichem Ungestüm und jugerdlicher
474 2912 1702 2964 Kühnheit eine Studie über Artur Schnitzler veröffentlichte. Neber
466 2945 1708 3011 der erfrischenden Naivität der Jugend verblüfft mich an diesem
476 2996 1698 3047 Büchlein gegenwärtig am meisten die Keckheit, die dozu gehörte,
468 3022 1707 3082 es zu schreilen. Es ist aber vielleicht für Schnitzlers Tatigkeit
470 3061 1703 3110 und Wertung srmptomatisch, daß man ihm als Neunzebnjshriger
467 3099 1705 3153 karm wesentlich anders gegenülerstelt als in den Dreiß gern.
467 3142 1683 3192 Und so kinrte ich nach der Lektüre von „Ca anoras Heimfahr!“
470 3182 1697 3237 gereu desselle Urteil über den Verfasser füllen, das ich demali
477 3214 1688 3276 rech eirgelertem Stutium seiner bis dahin erschienenen Werk
480 3255 1695 3320 foinrlierte. „Caseroras Heimsehit“ ist reich an spracklicher
479 3291 1707 3355 Schirkener, rernki in nunderlar setten Farlen, die nament¬
468 3325 1700 3389 lich dei Mlierschilderungen harmonisch zu köstlichen Gemülber
476 3379 1707 3426 berich melzen. Die üppige Pbantasie des Tichters lebt sich, obnol!
481 3412 1677 3462 in einen geschicktlich treuen Rahmen eingeen“ dennoch nach alle“
827 3446 1692 3505 Die Zeichnung der C# aktere, durchwegs
481 3460 828 3516 Ricktnger ens.
466 3493 1696 3557 ##deiressche #rleit von seinster Präziste; ist eckter Schnitzle“.
692 3526 1691 3584 d dürftige Handlung gewinnt durch straffe Durch¬
472 3560 1695 3618 fehrung und konsequente Vetonung des Kernes das Anseher
473 3595 1690 3659 eines bis in die kleinste Einzelheit ausgefeilten dramatischen
469 3651 1701 3696 Enworses. Ich kann mir diese Casanova=Novelle sehr gut ale
476 3688 1729 3750 eim Theaterstück von stärkster Wirkung vorstellen. Man wird
819 3730 1386 3813 euse Meillage-Zeitung
1527 3778 1644 3869 —4—
470 3815 1326 3909 Schnitler für seine jüngste Gabe — ershatz
471 3834 1709 3962 rar gemacht — herzlichen Tank wissen. 1. ####! Zeit
2246 1296 2534 1393 4.-OEZ IA 8
2454 1409 3023 1512 Bsnes Wiener Jourhal Wier
2627 1545 3092 1622 n
2438 1549 2934 1718 Feuilleton.
2707 1694 2756 1739 —
2088 1727 3291 1813 Eine neue Erzählung Artur Schnitzlers.
2063 1812 3285 1887 „Casanovas Heimfahrt“ (S. Fischers Verlag, Berlin),
3294 1838 3381 1889 ma
2610 1871 2737 1944 Von
2425 1927 2941 2011 Hermann Menkes.
2164 1997 3379 2079 Ein Leben bis zum Rand gefüllt mit allen Köstlichkeiten, K##
2042 2049 3378 2135 jede Stunde von Liebe, Abenteuern und Glück umschimmert, und Vo
2040 2102 3351 2178 nun das nahende Alter, Einsamkeit, Vergessenheit, Armut: ansso
2049 2151 3387 2225 dieser Wende voll von Bitternissen zeigt uns Schnitzler den be- der
2053 2207 3299 2264 rühmten Abenteurer in seiner Novelle „Casanovas Heimfahrt“
2049 2244 3389 2326 Die Jugend ist vorbei, aber er will daran nicht glauben. In den
2042 2293 3388 2358 seinem alternden Herzen zucken noch einmal die Leidenschaften Go
2050 2344 3386 2411 auf, brennt das Begehren nach Schönheit; noch ist der Horizont #uoc
2044 2392 3370 2461 dieses verlöschenden Daseins vergoldet. Nur die Sehnsucht nach eit
2046 2440 3362 2515 seiner Heimatstadt Venedig, deren Bleikammern er einst in einer ##
2048 2480 3308 2560 verwegenen Flucht entkam, umweht Casanova wie herbstliche
2053 2536 2237 2609 Schauer.
2171 2577 3379 2656 Viel von psychologischem und dichterischem Reiz birgt die mit
2057 2640 3370 2705 Lebenswende des Mannes zu kühleren, besonneren Tagen. Es seit
2054 2694 3307 2759 ist ein Moment zwischen zwei ineinandergreifenden, sich be¬
2057 2729 3363 2808 fehdenden Seelenlagen. Das gefährliche Alter um die Fünfzig M
2050 2792 3321 2868 heium, von dem Goethe mit liebenswürdiger Ironie gesprochen;
2056 2849 3372 2907 ein noch aufglühender Herbst mit allem Schmerz einer drängenden bri
2052 2897 3332 2955 Resignation. Kaum ein anderer konnte dem Dichter ein solches
2042 2950 3319 3000 Objekt psychologischer Feinkunst werden wie der alternde Liebes¬
2052 2974 3306 3030 held, nichts dem Meister der erotischen Finesse zur Darstellung
2058 3026 3299 3084 so viele Möglichkeiten bieten, als Casanovas Lebensabend.
2049 3096 3370 3147 Schnitzler gibt hier eines seiner delikatesten, reifsten, von Dust#
2057 3118 3381 3186 und Süße erfüllten Werke, Kunst für raffinierte Feinschmecker. ein
2048 3168 3381 3239 Die Erzählung beginnt mit kühlen, verhaltenen Akzenten, um a
2049 3216 3204 3280 wie mit Vollkönen einer berauschenden Musik auszuklingen.
2169 3280 3334 3335 Dreiundfünftig Lebensjahre zählt Casanova und er steht vor
2056 3326 3374 3391 einem Abend, über den die Schleier der Vergessenheit sich herab= wäl
2041 3379 3381 3457 zusenlen beginnen. Er will nach Venedig zurückkehren, und von Na#
