3436 4256
321 139 514 222 30
566 135 1395 219 asanovas Heimfahr
1599 143 2016 254 box 4/11
515 162 1476 246 daur
511 720 1271 801 Redaktion, Administration, Druckerei:
513 780 1286 859 I., Schubertring, Fichtegasse Nr. 9—11.
1945 732 2513 863 Neue
683 856 1112 935 Telephon-Nummern:
959 917 1204 983 U-18-5-95.
583 898 818 980 Redaktion
588 956 915 1039 Administration
950 970 1209 1034 U-17-0-35.
583 1007 1215 1083 Inseratenabteilung U-17-4-41.
525 1089 1272 1184 Geschäftsstelle für die Czechoslowakische
789 1153 1013 1209 Republik:
2502 1154 3195 1263 esse
532 1180 1257 1252 Prag, XII., Orlicka 4. Tel. Nr. 542-41.
642 1242 1169 1300 Administration für die Slowakel:
576 1282 1218 1358 M. Weiss, Bratislawa, Fischerlorgasse 3.
3252 1297 3416 1386 Für die
510 1340 1281 1422 Strassenverkauf durch die Kolporteure
3256 1368 3416 1436 Verschl
1983 1307 2506 1453 Abendblatt.
522 1413 1288 1485 der Firma Goldschmiedt, I., Wollzeile 11.
569 1537 1065 1642 Nr. 23673
1691 1547 2779 1661 Wien, Samstag, den 9. August
582 1694 1666 1744 Im redaktionellen Teil (Kleine Chronik, Lokalbericht, Theater¬
519 1736 1678 1789 nachrichten, Seonomist) enthaltene entgeltliche Mitteilungen sind
522 1771 1318 1815 durch ein vorgesetztes E (E) kenntlich gemacht.
948 1892 1234 1962 Origimal
1899 1775 3148 1978 Der mißliebige
3258 1764 3406 1994 Fr
645 1938 1611 2088 rof. Junkers
2178 2018 3409 2118 Der Kampf um den Antrag Herri
598 2068 1590 2143 Gasbadeöfen und Automaten
813 2125 1374 2187 genlessen Weitruf.
2446 2137 2840 2232 Wien, 9. August.
634 2165 1537 2250 Bezug durch die Installationsgeschäfte.
2845 2158 3411 2238 Einrichtung vor, die durchaus
890 2221 1286 2277 Generalvertretung.
1752 2196 2838 2287 Man sollte meinen, daß der Weltkrieg mit seinen furcht¬
2850 2214 3405 2289 und die mit ähnlichen Inst
534 2237 1642 2321 REIBFRGER & Co., Wien, VII. Kandlgasse 37
1681 2266 2838 2334 baren Opfern an Blut und Gut eine genug eindrucksvolle
2849 2263 3393 2324 Denn es sollte etwas ganz
2855 2313 3412 2376 spiel die von der Rock
1679 2322 2840 2378 Mahnung gewesen ist, und daß nun alle Kräfte darauf ge¬
532 2318 1655 2402 rel. B32-5-30 Sene Gegen mohatl.Teilzahlung
2850 2350 3396 2430 kursorischen Kollegien, die
1680 2371 2839 2432 richtet sind, die Wiederkehr einer ähnlichen Tragödie ein für
2842 2410 3423 2468 befassen. Herriot hat vor all
1688 2415 2834 2475 allemal auszuschließen. Aber die Erziehung der Menschheit
2850 2467 3416 2527 gedacht, weil an ihr das In
1688 2468 2839 2532 gestaltet sich viel schwieriger als Idealisten im allgemeinen
2849 2497 3417 2574 wissenschaft vereits einen wei
1682 2507 2837 2574 annehmen, und die Freunde des wahren Friedens
512 2476 1057 2612 Schnitzlers
1049 2490 1649 2617 „Casanovas
2845 2549 3414 2632 sich so ein geeigneter Ausg
1688 2555 2829 2615 können ein trauriges Liedlein davon singen, wieviel Un¬
2845 2593 3360 2678 neuen Ruhmes darbietet.
1674 2603 2835 2655 verstand, wieviel Vorurteil und Gehässig¬
550 2585 1658 2725 Heimkehr“ in Newyork
1685 2650 2833 2720 keit bei jedem noch so kleinen Schritt nach
2926 2650 3414 2732 Man mag über den eb
1661 2690 2835 2769 [vorwärts überwunden werden müssen. Es
2849 2704 3402 2773 immer urteilen, man mag
1680 2743 2837 2803 wurde zwar der Völkerbund aufgerichtet und dadurch einer
703 2691 1461 2825 beschlagnahmt.
2841 2755 3408 2819 utopisch nennen, je nach der
1685 2794 2825 2857 leuchtenden Idee zur Verwirklichung verholfen, wir sind durch
2842 2806 3408 2871 Problem, an das er rührt.
695 2814 1572 2885 Telegramm unseres Korrespondenten.
1681 2842 2838 2904 den Kellogg=Pakt um ein gutes Stück weiter gekommen,
2843 2852 3411 2918 eiferung, zur heftigen Abweh
1185 2864 1624 2958 Newyork, 9. August.
1683 2896 2831 2945 allein das grinsende Gespenst einer Kriegsmöglichkeit schleicht
2845 2898 3415 2961 nicht gegeben. Aber die nat
1674 2942 2826 2994 doch noch herum. Der Militarismus ist keine Erscheinung, die
611 2915 1648 2997 Die Newyorker Gesellschaft für die Unter¬
2841 2945 3422 3016 Frankreich scheint an
1665 2994 2830 3041 bloß der Vergangenheit angehört, sondern er regt sich da
2841 2998 3405 3059 und sie entfaltet eine unerg
541 2998 1653 3051 brückung des Lasters hat beim Newyorker
1681 3028 2840 3086 und dort noch gar kräftig, und das Bild von der in Waffen
2859 3034 3423 3109 die ihr unbehaglich
540 3048 1652 3131 Strafgericht eine einstweilige Verfügung
1680 3078 2831 3142 starrenden Welt kann leider nach wie vor mit einigem Rechte
2835 3079 3416 3152 machen. Herriot wird als
539 3115 1655 3172 ezwirkt, wonach sämtliche Exemplare von
1676 3125 2087 3193 angewendet werden.
2853 3130 3404 3196 den Menschen Engel machen
548 3170 1649 3245 Schnitzlers Novelle: „Casanovas Heimkehr“
2837 3184 3412 3247 als einem solchen Phantasten
1755 3149 2831 3241 Es wäre also genug Grund vorhanden, für jede An¬
1673 3210 2830 3288 regung erkenntlich zu sein, die darauf abzielt, den Gedanken
2836 3222 3406 3281 Art, den Fortschritt zu hemn
542 3217 1148 3286 beschlagnahmt wurden.
1673 3271 2824 3334 der Humanität zu verbreiten und die heranwachsenden Gene¬
2841 3272 3411 3330 kann sagen, daß es kaum
573 3289 1662 3367 Die Verleger Simon & Schuster hatten das Buch
1670 3315 2824 3379 rationen mit der Vorstellung zu erfüllen, daß die Rechts¬
2842 3315 3414 3397 zuerst auf ähnliche Weise abg
495 3348 1647 3417 gerade in englischer Sprache herausgebracht. Der Präsi¬
1661 3361 2826 3410 idee auch im internationalen Leben stärker
2841 3366 3402 3432 „Schwärmereien“ stehen ang
487 3403 1661 3459 dent dieser Gesellschaft, der Reinlichkeitsfanatiker John
1677 3402 2829 3461 sein muß als die Gewalt. Indes, Herriot, der bekannte
2842 3402 3397 3480 wiewohl es sehr die Frage
486 3450 1662 3506 Summer, nahm, begleitet von drei Detektiven, sogar
1671 3459 2830 3511 französische Politiker, ist eben daran, eine ganz andere Er¬
2842 3454 3363 3522 lichen Ideologen
487 3496 1658 3550 persönlich die Razzia im Verlagshause vor. Er hatte es
1683 3502 2833 3560 fahrung zu machen. Er hat vor einigen Tagen im Lyoner
2836 3507 3412 3568 Realpolitiker sind al
494 3537 1653 3596 leicht. Die Verleger setzten nicht nur keinen Widerstand
1671 3546 2827 3614 Stadtrat den Antrag gestellt, daß an der Universität dieser
2843 3549 3406 3616 Löffeln geschluckt zu haben ve
492 3587 1663 3650 entgegen, sondern liehen ihm sogar einen Lastkraftwagen,
1676 3595 2831 3643 Stadt eine Lehrkanzel für Friedenskunde
2838 3598 3406 3664 Alten, von dem Hergebracht
1665 3633 2327 3696 gegründet werden möge.
495 3631 1646 3701 damit er die Bücher nach dem Gericht befördern könne. Der
2321 3630 2825 3701 Sie sollte sich nicht
2931 3633 3412 3715 Wir wissen nicht, welch
1665 3686 2820 3737 bloß mit dem zwischenstaatlichen Rechte und
489 3693 1653 3752 Prozeß über die Freigabe des Werkes wird am 18. August
2839 3680 3404 3753 radikalsozialistischen Führers
1671 3725 2828 3776 mit der Schiedsgerichtsbarkeit befassen, sondern
484 3723 744 3808 stattfinden.
2831 3720 3420 3799 ob die vorgeschlagene Lehr
1673 3774 2827 3849 durch wissenschaftliche Forschungsarbeit
2835 3776 3384 3845 rechnen kann oder nicht.
1660 3815 2829 3867 die beste Methode herausfinden, wie
2832 3826 3413 3889 kurzem den Beweis geliefert,
1665 3868 2826 3934 man die Nationen friedlich zusammen¬
495 3848 1654 3950 Hankaus Bedrohung durch den
2826 3873 3413 3935 zessionierten Realpolitiker du
1666 3912 2825 3969 schließen und die wirtschaftlichen, politischen und finan¬
2832 3927 3406 3972 wie die Nationalisten nun vor
665 3925 1481 4035 Kommunistenaufstand.
1667 3967 2817 4028 ziellen Konfliktsquellen beseitigen kann. An den Vorlesungen
2836 3968 3410 4028 sitzung wurde über die Kri
1678 4010 2815 4056 hätten nicht bloß Studenten teilzunehmen: Die Türen in
2837 4012 3416 4076 diesem Anlaß ging von ihm
568 4012 1584 4089 Meuterei eines Teiles der Garnison.
1673 4054 2819 4105 den Hörsaal wären vielmehr für das breite Publikum weit
2840 4060 3410 4125 Summen, welche für die V
675 4077 1452 4150 Telegramm unseres Korrespondenten.
1665 4094 3391 4155 zu öffnen. Dem Bürgermeister von Lyon schwebt dabei eine alljährlich bewilligt werden,
