3392 4224
504 109 1377 182 Casanovas Heimfahrt
280 113 1979 228 30. C. am box 4/10
1078 781 2517 884 708 MODIFYING THE EIGHTEENTH CENTURY
1090 882 2615 984 sees the chevalier broken and hideous, stripped of human dignity,
1084 954 2620 1050 and at fifty-three manceuvring to prolong those pleasures which he
1094 1015 2628 1110 had accepted with confidence fifteen years earlier. He reduces the
1096 1088 2627 1163 adventurer by a series of final qualifications, when he has lost the#
1101 1156 2630 1234 very essence of his glory; he imagines Casanova as an old man try¬
1092 1212 2625 1303 ing to carry off an existence which sits well with a much younger
1088 1298 1235 1366 man.
1153 1327 2630 1418 Casanova is decidedly moth-eaten. What money he gets comes
1095 1420 2639 1486 for the most part from petty gambling. He has two suits, one for
1100 1465 2637 1563 every-day and one for occasions.“ At this point he meets an old
1094 1543 2640 1616 school friend, Olivo, who insists that Casanova come stay with him
1097 1619 2626 1678 for a few days on his estate. There is a young woman here, Marco¬
1091 1661 2629 1734 lina; Casanova forthwith becomes pre-occupied with this Marcolina
1101 1730 2620 1814 exclusively. She, however, is completely neglectful of his prestige;
1095 1801 2637 1861 she treats him with a mixture of politeness and indifference which
1096 1872 2633 1941 turns to something like revulsion when he makes a few tentative
1103 1936 2632 2004 moves. Also, there is Lorenzi, a young lieutenant whom Casanova
1098 1996 2364 2070 suspects of being in love with her, perhaps successfully.
1136 2071 2629 2127 Sneaking out at dawn, to see if he can catch sight of Marcolina in
1094 2117 2632 2215 her room, he finds the shutters closed and barred. But after a time
1106 2207 2624 2262 there is a noise; dropping behind a bench, Casanova spies Lorenzi
1100 2246 2622 2323 taking leave of her. His desire for Marcolina becomes intense, al¬
1104 2308 2633 2391 most a necessity. Schnitzler next centres his attention on
1098 2373 2633 2452 getting Lorenzi into a gambling debt, which in a moment of beaz
1103 2437 2630 2526 geste, of the old feudal honou-, Lorenzi claims he will redeem the
1104 2501 2633 2578 following morning. But he has no money, and is leaving for war
1100 2585 2635 2647 the next day. Casanova, who has won the thousand ducats that
1098 2652 2629 2722 Lorenzi needs, in what is perhaps the most skilfully executed por¬
1101 2713 2634 2784 tion of the story, makes Lorenzi a strictly business proposition: he
1114 2761 2633 2857 will give Lorenzi the money if Lorenzi pledges his word that he will
1097 2823 2641 2914 arrange to have Casanova enter Marcolina’s room that night, posing
1099 2906 2637 2982 as her lover. Lorenzi agrees; the plan succeeds; Casanova is accept¬
1110 2955 1932 3031 ed in the darkness as the lieutenant.
1151 3021 2636 3110 It is from this point that Schnitzler begins pursuing the wretch in
1098 3109 2629 3178 earnest. After describing in a highly romantic vocabulary what hap¬
1093 3148 2628 3238 pened in that pitch-black room, Schnitzler begins tracing a set of
1109 3210 2642 3290 wild images in Casanova’s brain—a mixture of day-dreams and
1100 3279 2637 3350 nightmare—Casanova awakes, stifling dawn is penetrating
1106 3353 2638 3454 the thick curtain, and Marcolina is looking at him in horror, at his
