3484 4320
243 226 1461 284 30. Casanovas Heinfahrt.
837 270 905 328 an
955 269 1062 322 4
528 907 1412 1032 Kirhmond Gimes-Bispatch
836 1075 1269 1150 RICHMOND. VIRGINIA
612 1194 1461 1266 The following clipping is from our issue of
1128 1252 1171 1306 —
554 1258 1317 1347 W
635 1369 1404 1435 and is Vorwarded for your information.
666 1533 1290 1633 NOTED ADVENTURER
832 1600 1380 1696 OF 18TH CENTURY
692 1685 1379 1772 CASANOVA'S HOMECOMING. By
657 1718 1392 1810 Arthur Schnitzler. Thomas Seitzer,
646 1757 893 1807 New Fork.
698 1790 1379 1868 Casanova de Seingalt (Giovanni
652 1815 1390 1906 Jacopo), the talented and infamous
641 1860 1385 1941 adventuler of Europe in the eigh¬
656 1893 1370 1971 teenth century, is known chiefly
654 1924 1384 2006 through bis Memoires, which disclose
648 1967 1368 2034 a varied career. A 16, expelled from
640 1987 1375 2073 school for scandalous conduct (Encye.
645 2029 1364 2107 Britt), bis subsequent vagarles are
642 2060 1366 2140 not out #f keeping. His autobiog¬
651 2093 1364 2181 rar I, presents, ## is sald, a trust¬
639 2127 1367 2222 worthy account of the morals and
624 2159 1057 2219 manners of his time.
676 2197 1352 2283 He was successivelr Journalist,
625 2227 1359 2320 preachen, abbe, Idiplomatist, police
623 2257 1362 2351 spy and continestal wanderer. Im¬
624 2298 1365 2372 prisoned in Veniße, as a spy. in 1755.
623 2325 1360 2409 he made a gennadonal escape the fol¬
632 2366 1358 2433 lowing Pehr, cured Europe, met
630 2400 1353 2481 many famos me including the roy¬
619 2427 1352 2516 alty, Feturncl toWVenice in 1774, again
625 2463 1352 2551 beinz, forcec td go into exile, and
612 2479 1348 2587 eiezing Firal Ne pieturesqus career
611 2532 807 2583 In 1798.
658 2570 1349 2653 Theurrent volume, which is wholly
617 2596 1354 2675 fiction, will be interesting to those
609 2638 1356 2718 readers who have some scquaintance
607 2660 1346 2745 with the celebrated Memoires, since it
605 2689 1346 2792 is couched in the same styl, presents
608 2738 1346 2813 many apparently accurate pietures of
601 2764 1330 2854 Casanova’s curlous mental processes,
604 2802 1344 2877 and proceeds in its narrative with
602 2836 1324 2912 sensational rapidity and with no per¬
604 2867 1329 2937 ceptible lack of detall. Of its type,
602 2899 1326 2983 the book is singularly interesting,
587 2939 1326 3001 and constitutes an excellent piece of
601 2972 1323 3050 fiction for—again we say—readers
605 3001 1330 3080 who are familiar with Casanova's
586 3034 826 3096 own story.
1089 3063 1309 3126 J. H. G.
1505 222 1919 301 box 4/10
2191 410 2440 485 HENRY
1954 466 2680 610 ROMEIKE, Inc.
2176 577 2461 643 (ORIGINAL)
2007 625 2650 700 106-110 SEVENTH AVE.
2195 680 2467 741 NEW YORK
1977 727 2354 796 ESTABLISHEO 1551
2250 742 2693 836 1407 5i3
1966 767 2154 840 Fron
1978 828 2278 906 EXPRESS.
2038 883 2463 955 Los Angeles, Cal.
2061 1036 3258 1138 TWO NOTABLE TRANSLATIONS
2013 1180 3302 1271 Casanova's Homecoming, Schnitzler's Brilliant, Morda¬
2055 1249 3248 1319 cious Picture of the Fenetian Politician and Libertine.
2129 1304 3188 1374 Wies in Interest Wüth“ Phantom, Hauptmann':
2284 1355 3007 1433 Fictional Study of Abnormality
2397 1453 2888 1532 BY LILLIAN C. FORD
1949 1495 2633 1577 GASANOVA'sS HoMECOMM-Ry Archur
2657 1508 3331 1566 past, which he could not qufte
1982 1539 2352 1592 Schnitzler. Pran#
2395 1548 2630 1585 D E. Fgt hund
2653 1558 3332 1597 regret because without the cut##¬
1994 1574 2630 1627 Uedar Paul. Phomas Seitzec
2643 1590 3327 1632 clysm that had broken up his old
1988 1591 2141 1638 Tork.
2649 1625 3324 1683 life he never wonld have really
1969 1606 2642 1678 FHANIOM. By Verfart Hauptmanr.
2648 1652 2790 1701 Ilved.
1979 1672 2632 1715 Translated by Bayard Qulney Morga#
1990 1687 2469 1740 B. W. Huebsch. New Fork.
2679 1668 3322 1738 The story is told by the olerk
2648 1719 3321 1768 himsell, who hopes in writing it
1994 1713 2650 1784 This remarkable novel by Ar¬
2646 1753 3323 1797 to free himself from the spell of
1954 1753 2638 1824 thur Schnitzler, Casanova's Home¬
2640 1786 3320 1846 hia recollections through this sort
1949 1792 2630 1865 coming,“ has been brougnt out by
2646 1822 3241 1858 of full and free confessional.
1947 1849 2611 1911 Thomas Seltzer in a new format.
2679 1840 3320 1901 Hauptmann succeeds in pro¬
2653 1864 3320 1926 Adeing to perfection the effect of
1980 1888 2637 1940 In it Schnitzler has reconstructed
2654 1923 3335 1969 the tale'n being told by a simple.
1956 1934 2634 2004 the scholar, politcian, intriguer
2649 1954 3324 2003 unlearned man, without art or
1943 1982 2625 2047 and roue that was Casanova and
2646 1991 3333 2022 #terary skill. Its interest as a
2655 2022 3324 2057 study of abnormality, of a tem¬
1951 2012 2622 2076 has laid him bare before us, a
2649 2053 3321 2094 prary madness, followed by a slow
1948 2061 2621 2124 quivering piece of humanity, as
2639 2085 3315 2132 rMemption, is only secondary to
1943 2104 2430 2162 real as he is repulsive.
2641 2115 3307 2169 tat as a human drama, told with
2652 2147 3320 2211 sy'mpathy, understanding, toler¬
1990 2139 2628 2210 It is not biography but flotion
2650 2187 2779 2238 unce.
1942 2195 2626 2241 that Schnitzler has written, barthe
2685 2195 3318 2261 Where Schnitzler takes a grim
1952 2223 2635 2268 fact that there is an authentie
2645 2247 3320 2295 matisfaction in his üibertino hero's
1944 2253 2624 2314 quality in the portrait'and that che
2643 2279 3322 2336 villainy and his defeat, and views
1947 2290 2624 2345 bachground oi Europe in the eish¬
2645 2314 3320 2367 Fim coldly, appraisingly, sar¬
1942 2329 2623 2370 teench century is so pertectly pre¬
2647 2339 3326 2394 Cionically, Hauptmann has a feeling
1940 2368 2618 2421 sented gives special signincance
2703 2387 3321 2419 repugnance for Luboka’s sins,
1952 2391 2217 2442 to the book.
2628 2412 3325 2458 rnittgated only by his sympathy for
1976 2412 2622 2481 It is Casanova at a later period
2643 2446 3330 2489 sche sinner. Schnitzler'’s novel is
1942 2472 2626 2514 of his liie than that covered by
2641 2481 3315 2529 the more brilliant, more compel¬
1937 2496 2622 2557 his memoirs thät we have here.
2633 2495 3328 2554 ling but he sees not so deeply and
1938 2537 2628 2574 A battered and deleated mian,
2636 2548 3319 2596 notgso universally and his 18
1932 2558 2631 2619 hunted athwart the world by tnat
2634 2577 3030 2640 the Maser genius
1945 2604 2630 2657 last estort of the spirit to fumn
1928 2634 2630 2687 itself wh.le the pulse is still strong,
1942 2665 2639 2727 the zest for life sull impelling, is
1942 2699 2629 2757 given us. But Casanova, though
1942 2741 2627 2791 prematurely worn by his passion¬
1936 2771 2637 2840 ate, mad existence, is still more
1930 2803 2627 2864 alive, more ardent, more danger¬
1937 2835 2263 2895 ous than most.
1973 2867 2635 2924 He is obsessed by one desire, to
1933 2910 2644 2975 return to his native Venice, from
1936 2943 2643 2999 Which he had been Fears in egile.
1936 2970 2643 3033 While awalting sthe result of his
1931 3002 2633 3066 repeated supplications for a par¬
1940 3052 2641 3090 don, at last made certain by his
1929 3081 2627 3134 promises to serve basely his old
1938 3118 2644 3174 enemies, he enters upon one more
1935 3157 2629 3202 amorous intrigue. Schnitzler, in
1937 3200 2618 3240 accordance with his cyniczl inter¬
1935 3216 2626 3270 pretation of life. makes the wom¬
1938 3256 2623 3308 an whom Casanova so longs for
1936 3288 2622 3343 a distinguished scholar. Sho is a
1931 3320 2619 3359 Romola-like creature, aloof, self¬
1925 3354 2621 3397 contained, seemingir the embodi¬
1930 3381 2624 3427 ment of all the virtues. Casanova
1926 3416 2631 3464 discovers that she has a lover and
1933 3446 2626 3498 Ey getting the latter into his power
1924 3485 2612 3541 he secures entrance into her cham¬
1936 3513 2377 3560 ber at dead of night.
1965 3533 2609 3599 He deindes himself with the
1919 3582 2612 3625 thoughi that his own charms are
2842 3597 2920 3666 25
1919 3623 2617 3672 still so great that Marcolina will
2996 3630 3051 3656 —
2714 3642 3061 3709 -
1928 3652 2622 3700 be glad to unite herself with him
1917 3674 2623 3740 and to go with him to Venice. H.s
1916 3717 2612 3772 disillusionment came when he read
2777 3704 3211 3779 Arthur Schnitzler
1915 3747 2614 3802 inthe outraged young woman’s
2689 3756 3225 3822 Cananova's Homecoming.“
1919 3786 2610 3848 countenance, not #thief, libertine.
2699 3806 3340 3856 Schnitzler’s latest novel is re¬
1919 3815 2443 3877 villain,“ but something
2448 3829 2627 3882 Zwhich
2695 3838 3158 3902 riewed in today's Time
1917 3849 2614 3912 erushed him to. earth more ig¬
1922 3884 2614 3939 nominlously than could any terms
1925 3927 2606 3975 of abuse; he read the word which
1915 3954 2622 4013 to him was ithe most dreadful el
1912 3985 2617 4055 all words, since it passed a final
1906 4019 2527 4065 Judgment on him—old man.“
1962 4069 2607 4113 The book is one of high genius,
1921 4081 2620 4141 brilliantly written, but in a vein
1918 4124 2609 4168 that congeals the blood by its cold¬
1915 4163 2601 4205 ness. ito sardonic view of life, its
