3436 4320
299 184 514 274 30.
521 188 1431 257 Casanovas Heimfahrt.
1561 193 2004 277 box 4/10
515 240 1419 303 Sanunean   Man 1.
1169 894 2852 964 106 sDr. Paul Weiglin: 88880
1174 947 2850 1022 Gesinnung haben ihn gereizt, sie einer „Hi= oder gar eine Anleitung, wie sie am besten
1184 987 2846 1038 storie“ zugrunde zu legen. Er will an der einzurichten sei. An mehr als einer Stelle
1183 1030 2841 1098 Hand dieses einzigartigen geschichtlichen Bei= betont der Verfasser, daß es sich hier um
1175 1064 2849 1134 spiels ergründen, ob es möglich sei, daß eine einmalige Begebenheit handle, die in
1173 1106 2838 1173 die Seele eines Mannes gleichzeitig zwei der Weltgeschichte nicht ihresgleichen finde,
1188 1144 2833 1212 Frauengemüter erfüllt, so daß zwei „syn= und sicher ist er mit Luther der Meinung,
1180 1191 2000 1239 chrone glückliche Einehen mit allen den wun¬
1992 1195 2833 1253 daß die groben Bauern dem Exempel nicht
1176 1225 2001 1276 derbaren ethischen Vorzügen der Monogamie
2005 1231 2838 1288 zu folgen haben. Um so drolliger wirkt es,
1176 1266 2846 1312 erfolgreich dahinfließen“. Er berichtet nun wenn er sich in seiner Liebe zum Gegenstand
1181 1299 2001 1356 mit urkundlicher Genauigkeit die zahlreichen
2001 1312 2849 1368 vergißt und in staunender Bewunderung
1171 1344 1997 1385 Schwierigkeiten, die sich Philipps Plan ent¬
2010 1351 2832 1409 vor Christines großherzigem Entschluß aus¬
1175 1375 2002 1432 gegenstemmen, und wie er es endlich doch
2007 1388 2838 1447 ruft: „Eine jüngere und kühnere Sarah war
1174 1421 2005 1459 erreicht, das Fräulein Margarete von der
2012 1427 2841 1472 in der deutschen Fürstin erstanden, vielleicht
1168 1454 2014 1510 Sale als zweite, mit der ersten gleichbe¬
2008 1471 2839 1523 ein Vorbild, späteren Generationen den Weg
1177 1502 1994 1549 rechtigte Gattin heimzufuhren. Casanova
2012 1504 2826 1565 zu weisen zu höherer menschlicher Vollen¬
1167 1526 1996 1600 würde nie begriffen haben, wie ernst Philipp
2011 1546 2823 1614 dung.“ Von den Kämpfen, die dieses „Vor¬
1174 1567 1994 1613 von Hessen die Angelegenheit nimmt, und
2006 1575 2795 1640 bild“ geschaffen, erfahren wir kein Wort.
1170 1615 2005 1666 es spricht wirklich für den sittlichen Gehalt
2052 1624 2831 1678 Bergell hat nach der Vorrede das Buch aus
1178 1649 1988 1700 des Mannes, daß er in zähem und klugem
2008 1664 2838 1704 rein stofflichen Gründen geschrieben, um des
1167 1693 1993 1736 Ringen den Widerspruch geistlicher und welt¬
2010 1699 2834 1751 Sittenbildes willen, das sich da, unabsichtlich
1175 1723 2000 1784 licher Gewalten zum Schweigen brachte.
1998 1748 2837 1797 fast, ergab. Auf geschichtliche Treue kommt es
1175 1775 1992 1823 Seltsam berührt uns heute das sittsame
2008 1780 2834 1831 dem Verfasser vor allen Dingen an, auch in
1167 1812 1989 1854 Mäntelchen, das der Landgraf sich umhängte
2004 1820 2834 1861 der Sprache. Er führt deshalb nicht nur aus
1163 1844 1990 1897 und das auch in Luthers Augen seine Blöße
1993 1857 2826 1908 Briefen und Urkunden wörtlich an, sondern
1174 1883 2001 1940 deckte. Seine eine Ehe befriedigt ihn nicht;
1995 1901 2826 1948 sprenkelt auch seine eigene Sprache mit früh¬
1160 1926 1993 1963 um sich und seine Seele aus einem Lotter¬
1997 1938 2834 1976 neuhochdeutschen Brocken, ein nicht unbedenk¬
1171 1958 1989 2018 leben zu retten, schließt er die zweite. Der
1996 1976 2827 2012 liches Verfahren, denn dieser gemischte Stil
1163 1996 1995 2055 kühne Schritt hat Erfolg. Die zweite Ehe,
1997 2004 2830 2073 läßt den Leser in Unsicherheit darüber, ob er
1170 2035 1990 2097 die in rei er Liebe, aus „bewegenden Ur¬
1999 2052 2829 2115 es mit einem Werk gelehrter Forschung pdey
1165 2069 1987 2127 sachen“, nicht aus bloßer Brunst geschlossen
1997 2092 2664 2147 schöpferischer Dichtung zu tun hat.
1169 2126 1990 2170 wird, reinigt die erste, und glücklicher als
2047 2106 2826 2179 Einen geschichtlichen Roman nach demt
1159 2152 1986 2211 alttestamentarische Vorbilder findet Philipp
2000 2163 2827 2221 bewährten Muster von Hauff und Scheffel
1160 2198 1993 2254 auch den äußeren Rahmen, in dem sich seine
1994 2203 2831 2264 hat ein neuer Mann namens Ludwig
1166 2238 1990 2288 Doppelehe abspielt: getrennte Haushaltun¬
2000 2237 2830 2299 Diehl geschrieben. Die Erzählung, wie sie
1155 2264 1980 2326 gen, zwischen denen er in längeren Zeit¬
2003 2275 2856 2334 sich bescheiden bezeichnet, heißt Wilp¬
1161 2314 1975 2364 räumen wechselt, weil die schnelle Umschal¬
1989 2325 2834 2379 hilde und spielt in Oberschwaben zur
1163 2342 1986 2407 tung der Empfindungen die Seele verbraucht.
2003 2355 2828 2415 Zeit Konradins, des letzten Hohenstaufen.
1167 2374 1990 2441 Bergell bewundert den Landgrafen. Er
1990 2394 2825 2439 Diehls Erfindungsgabe ist nur schwach. Was
1154 2429 1985 2477 schreibt seinem Herzen eine sonderlich starke
1988 2437 2825 2483 sich auf den 300 Seiten seines Buches er¬
1169 2469 1979 2520 Liebesfähigkeit zu, die sich auf zwei verschie¬
1988 2480 2827 2530 eignet: Turnier und Römerzug, Fehde zwi¬
1159 2504 1990 2558 dene Wesen mit gleicher Innigkeit einstellen
1988 2512 2823 2557 schen Rittern und Städtern, dazu ein biß¬
1162 2543 1988 2590 konnte. Was der Leser vermißt, ist freilich
1992 2546 2816 2613 chen Liebe, hält sich ganz in den überlieferten
1167 2581 1979 2632 die Hauptsache. Der Mann steht in dieser
1993 2590 2814 2648 Formen der Geschichten, die im „Jugend¬
1150 2621 1977 2667 dreieckigen Geschichte scharf umrissen vor
1994 2628 2825 2680 freund' das Entzücken unserer Knabenjahre
1158 2658 1988 2706 uns. Die Frauen dagegen verschwimmen
1994 2671 2817 2721 bildeten. Wenn das Buch trotzdem an dieser
1156 2701 1987 2755 in einem ungewissen Dämmerlicht. Wie sie
1987 2710 2826 2757 Stelle empfohlen wird, so geschieht das Vor¬
1160 2733 1983 2782 sich mit der Doppelehe abgefunden haben,
1979 2752 2820 2797 zügen zuliebe, die selten geworden sind, ob¬
1152 2777 1966 2831 erfahren wir nicht. Zu offenem Zwist ist
1986 2790 2823 2841 wohl sie selbstverständlich sein sollten: es ist
1152 2805 1972 2864 es freilich nicht gekommen, und als Philipp
1987 2825 2824 2878 deutsch und es redet deutsch. Der Verfasser
1161 2854 1977 2905 von Karl V. in harter Haft gehalten wurde,
1984 2857 2821 2922 liebt sein Vaterland und seine Geschichte.
1155 2886 1979 2942 haben sie beide nach ihren Kräften an seiner
1991 2907 2818 2957 Mit herzinniger Freude malt er eine Boden.
1154 2929 1980 2980 Befreiung gewirkt. Aber der Fußfall, den
1984 2941 2832 2998 seelandschaft oder schildert den Glanz eines
1148 2955 1981 3027 Christine, die rechte Gattin, vor dem Kaiser
1986 2979 2819 3025 ritterlichen Festes. Er geht dabei gar nicht
1151 3018 1975 3061 tat, den tat sie, will uns scheinen, vor allem
1983 3018 2816 3062 großzügig vor, aber treu und gewissenhaft.
1150 3053 1974 3096 als Landgräfin, und wenn es der Verfasser
1986 3058 2816 3104 Abhold jeder Kunsttheorie kitzelt es ihn,
1147 3081 1974 3144 als ein Wunder preist, daß Philipp mit zwei
1988 3095 2823 3156 seine mittelalterliche Geschichte mit kleinen
1160 3127 1974 3182 Frauen glücklich wurde, so dünkt es uns noch
1995 3136 2817 3196 Anspielungen auf neudeutsche Politik zu
1159 3164 1971 3222 ein größeres, daß sich zwei Frauen an einem
1990 3172 2819 3217 spicken, und wir freuen uns seiner mann¬
1149 3199 1983 3264 Mann in Frieden genügen ließen. Bergell
1987 3213 2812 3258 haften Rede, die da raten läßt: „Rüstet!
1146 3241 1975 3293 behauptet, das sei der Fall gewesen; seine
1990 3252 2808 3295 rüstet! und mißtraut!“ Wenn wir an das
1145 3275 1969 3331 Urkunden sprechen offenbar nicht dagegen.
1986 3290 2813 3345 Buch zurückdenken, erscheint es uns wie ein
1149 3321 1970 3370 Aber den Weg zu diesem außerordentlichen
1991 3331 2818 3381 mit etwas dünnen Wasserfarben sehr an¬
1151 3351 1965 3418 Ergebnis beleuchtet er bei weitem nicht so
1986 3366 2813 3423 dächtig und reinlich gemaltes Bild, in dem
1150 3396 1977 3464 hell wie die staatsmännischen Kniffe des
1990 3409 2811 3456 wir ein Stück von unserm Besten wieder¬
1145 3437 1675 3487 verschlagenen Landgrafen.
1987 3443 2807 3495 finden, und dafür sei Ludwig Diehl bedankt.
1203 3453 1974 3525 Kein Verständiger wird aus dem Buch
2023 3488 2806 3532 Ist Diehls Begabung ganz auf dem Boden
1138 3510 1975 3572 eine Empfehlung der Doppelehe herauslesen
1975 3523 2824 3590 des alten Deutschlands erwachsen, strebt er
