3484 4256
249 164 1116 209 ists, age. It has taken his money, his good
260 211 1120 276 looks, and, most grievous of all, h’s appeal
2813 211 3237 300 box 4/10
1768 211 2668 289 Casanovas Heinfahrt.
1542 219 1745 303 30.
256 251 497 310 to women.
1739 240 2666 324 CEas neibranT
288 278 1120 369 In real life the defeat of a swindler, liar
257 346 1115 408 and seducer a# the hands of old age is
256 391 1116 452 hardly a theme to wring tears of syipathy
258 439 1121 503 from one’s eyes. Butyhere comes in the
257 491 1119 544 art of Arthur Schnitzler. All through the
260 534 1110 598 rogue’s last intrigueg in the“ Homecoming“
252 584 1114 641 Casanova is a sympäthetic figure, a gay but
257 629 1127 686 harrowed spirit beset by an enemy that
247 672 1131 742 is sure to overtake and destroy him." He
245 722 1130 785 could still at times grasp happiness, but
1315 747 2807 834 Casanova s Homecoming, By Arthur Schnitzler
255 764 1119 835 for à moment ofly; he could no longer hold
257 805 1125 885 it fast. His pewer over hie Tellows, over
2802 720 2925 880 S.
1403 837 2800 882 Casanova, the most piquant figure of a piquant century, the man of the
256 855 1120 934 women no less than over.. had van¬
1370 863 2804 916 thousand amours and thousand escapades, in his Memoirs has left perhaps
1374 897 2925 976 the frankest acconnt that a man has ever written of himself. Arthur —
255 899 1123 969 ished. Only where he evoked memories
1382 945 2806 985 Symons says, A scholar, an adventürer, a gamester, one ’born to the
246 956 1132 1023 could hiswords, bis voice, his glance, still
1382 958 2977 1047 fairer sex, as he tells, and born also to be a vagabond; thls man who 1e
245 1002 1121 1059 conjure; apart from this, his presence was
1389 1014 2857 1055 reniembered now for his written acconnt of his own life, was the rarest#
1382 1041 2893 1078 kind of autoblographer, one who did not live to write, but wrote because be &
254 1045 995 1110 void of interest. His day was done!“
1376 1073 2749 1128 had lived.“ All of which sound saying is found in the blurb.
283 1076 1121 1143 His seductiveness was spent and the
1380 1091 2948 1157 And now comes Arthur Schnitzler, with the daring and the artistry, to tell X&
1369 1147 2813 1190 the tale of this Don Juan's old age and last fond adventure. It is the
249 1141 1129 1193 tragedy of this is revealed in his confession
1368 1181 2924 1252 story of lust, stripped of the dream-stuff and romance of youth: the febrile #,“
260 1190 1130 1239 that it had been: Women, always women.
1376 1212 2787 1247 dodderer, stale with age, yet somehow vigorous with a putrescent life.
1382 1241 2812 1280 The story is excellently done, a work of faultless beauty. of great moral
257 1238 1129 1299 For them he had again and again cast every¬
1382 1263 2811 1320 beauty. But all purists take warning—it scarcely belongs to the Sabbata¬
249 1279 1128 1330 thing to the winds; sometimes for women
1374 1293 2814 1368 rian school of art. I fancy thattalong with  Jurgen“ and“ Sons and Lovers“
254 1327 1126 1394 who were refined, sometimes for women who
1366 1343 2788 1382 it will go, if it goes at all, on the sinshelf in most public libraries.
1373 1378 2823 1437 Strange, ien't it, how many of our moral books are actually immoral.
256 1364 1120 1446 were vulgar; for passionate women and for
1375 1409 2356 1459 how many of our immoral books are most moral?
253 1426 1137 1493 frigid women; for maidens and for harlots.
1446 1449 2871 1529 CASANOVA'S HOMECOMING, BT ARTHUR SCHNITZLER: Thoman
249 1457 1135 1528 Allthe honors and all the joys of the world
1380 1482 1965 1567 Seitzer, publisher, New York.
260 1514 1118 1582 had ever seemed cheap to him in compari¬
254 1550 1125 1639 son with a successful night on a new love
250 1617 427 1678 quest.“
292 1639 1129 1717 Hence, being bereft of what he valnes
249 1712 1124 1770 most in the world, this povyer of seduction,
256 1759 1132 1810 there is something pathetic and courageous
245 1799 1122 1867 in the way he summens his bravade and
247 1840 1117 1912 swaggers manfully in the face of bis in¬
255 1891 1124 1954 vincible opponeat, time. There is, too,
2470 1921 2739 2001 HENRY
257 1946 1113 1992 something sad abont his disgraceful con¬
258 1994 1120 2060 nivings to obtitin the favors once eagerly
257 2034 841 2101 given, also sorgething droll.
2214 1977 2941 2117 ROMEIKE, Ine.
2449 2094 2732 2156 (ORIGINAL)
250 2129 1124 2188 Homecoming“ is crude. But the bare outline
2280 2138 2904 2228 106-110 SEVENTH AVE.
257 2178 1123 2236 of the plot of most lives is crude, even of
2455 2196 2724 2262 NEW YORK
249 2227 1125 2293 unscoundreily lives. Casanova, past his
2238 2230 2639 2298 ESTABLIGHEb 1881
249 2269 1125 2344 prime, desires Marcolina, at the dawn of
2235 2279 2918 2382 FROM JAN 7 1920
258 2319 1118 2373 hers. By fair means or foul he is deter¬
2237 2341 2521 2414 HERALD,
260 2364 1126 2435 mined to possess her. His connivings to¬
257 2418 1123 2466 ward this end make up the events ofthe
2322 2398 2756 2476 Rochester, N. V.
257 2467 1127 2536 story Man angling for maid—a dull, worn
2336 2478 2767 2561 Casanorn in Pietion.
261 2505 1030 2576 theine, had it no deeper significance.
2177 2527 2927 2604 CASANOVA'S HOMECOMING. A Novel.
285 2552 1132 2615 But behind Casanova’s shameless con¬
2749 2583 2917 2624 lated by
2208 2588 2732 2647 By Arthur Schnitzle
2210 2609 2569 2653 Eden and Cedar I
2738 2612 2924 2666 boards;
259 2605 1129 2672 niving is the universal dramt of old age,
2194 2610 2869 2693 82.50. New Tork: Pomasheitzer.
252 2642 1126 2710 thetragedg that none escapes, if he escapes
257 2700 1126 2772 with bis lire.* We wrinkle, wither, grow
2198 2700 2950 2758 Aided bya considerable insight into
255 2740 1131 2792 bent and ##avering, yet our obstreperous
2163 2757 2922 2793 character and a fine command of at¬
258 2788 1128 2846 hearts demand the same rewards that they
2173 2788 2929 2847 mesphere, the author has summoned
261 2832 1126 2882 demanded when we were young and beauti¬
2167 2823 2925 2881 out of history the tarnished figure of
261 2868 1115 2923 ful and strong. The bitterness of tbis in¬
2173 2865 2930 2920 Casanova and made him to livelfor a
254 2893 1132 2948 congru### is nowhere more sharply deline.
2164 2899 2932 2958 few hours in a fietion that brings bim
2161 2937 2929 2997 into an intimacy withthe readerchat
487 2934 1140 3014 l eisode f Casanova—
249 2939 460 3017 sted than
2167 2974 2919 3030 nothing less than a perusal of Casa¬
1086 2986 1565 3063 CANGIInED FRoN
394 2989 857 3060 Sr-shed-
2153 3016 2926 3069 hova’s tweive volumes of memoirs
1213 3027 1476 3074 PAGE FIVE
2158 3051 2921 3112 could accomplish. In this one small
261 3073 873 3150 sensual and adventurous life.
2151 3089 2924 3152 volume veu have the entire man;
872 3092 1635 3161 Sad And then, for Schnitzler is real¬
2170 3124 2917 3185 the past that he glories in, the pres¬ ¬
267 3135 1644 3204 and galling is the cllmax of this 'stic. comes Casanova’s recovery of
2166 3166 2918 3222 that is beginning to elude his mast..
260 3175 955 3235 Sepisode where Marçolina stands
960 3191 1641 3242 his self esteem. The rogue proceeds
2162 3214 2936 3266 and such future as a broken but still
276 3200 1658 3278 Pcontemplating Casanova with un- to Venice and soon is once more
260 3240 653 3303 utterable horror.“
2167 3245 2934 3303 ardent adventurer of 53 might lock
951 3263 1639 3317 enthralling an audience with a
2155 3286 2928 3332 forward to. Mr. Schnitzler’s presenta¬
291 3291 1650 3359 Grotesque and droll as the in- dramatized account of his wanger¬
2156 3305 2913 3384 tion of his fietional Casanova gainsat¬
253 3320 1649 3396 trigue is, Schnitzler handles it with ings and adventurings. He tells his
2169 3361 2919 3402 tention with his opening paragraph
262 3358 1640 3431 dignity and sorrow. As the dawn cales stirringly and he seems to re¬
2165 3392 2923 3451 and compels it tosthe end. The illu¬
259 3389 1640 3459 creeps in through the window the spond to bis audience. His manner
2169 3431 2923 3492 sion is so artistically crerted and so
258 3446 1639 3510 reader is not witnessing the esca- is “bright and bold.“ But his re¬
2164 3470 2927 3526 faithfully maintained that dhe reader
250 3473 1639 3551 pade of a swash-buckling Arabian ccvery Is only superficial. Under
2159 3504 2920 3566 is stirred te revolt and disgust by a
250 3505 1644 3569 Nights hero. Instend, he is seeing his anlmation and gaiety is a grow¬
2159 3535 2920 3605 number of the frankest passages. One
252 3553 1639 3621 a grief-stricken King Lear of the ing weariness and distaste for life.
2159 3582 2922 3631 lays the book aside with the feeling
241 3593 1638 3658 senses, bereft of his glorious realm, And when, shortly after midnight,
2162 3629 2919 3677 that no matter how he may have
241 3628 1636 3709 a despairing old Lear whose heart he throws himself on his uncasy
2158 3657 2927 3705 glittered in his day. Casanova, stripped
254 3670 803 3730 knows its own bitterness.
932 3676 1641 3737 pallet in a shabby inn, there is
2170 3698 2926 3744 naked by this flictional biographer,
280 3712 1632 3787 Then comes that weirdest of duels unen nis lips “a bitter after-taste
2164 3734 2924 3784 and all bis gloss rubbed off. is a sordid
253 3750 1632 3818 In the shaded alley. Beautifun, which seemed to permeate his whole
2160 3771 2925 3820 und sinister old blackguard who merit¬
240 3784 1621 3860 Schnitzler handles this encounter, being.“ And thus, marked for de¬
2227 3806 2927 3865 afate much worse than that of
238 3823 1632 3888 A paragragh—the scene is set in all feat, Schnitzter with a gesture of
2173 3854 2921 3898 slking back to his natige Venice to
246 3864 1632 3942 its brighifstrangeness, the#inality Ardeggol tenderness leaves
2162 3880 2900 3950 plahthe spy for the Letincil of Ten.
248 3908 1628 3976 bend, t e and deuth thismost tragfall-herean
233 3936 1622 4005 Düsdgtresc a stark white figure eshausted and sor adventurer,
236 3969 546 4031 o
921 3985 1375 4066 face to face with age.
