3436 4320
1494 189 1926 279 box 4/10
227 192 1298 258 30. Casanovas Heimfahr
905 236 1359 304 d Kun n I In In I  menen e
617 234 875 306 415
715 996 1283 1098 Leipziger Tagblatt,
879 1076 1108 1164 Leipzie
1174 1090 1582 1171 A. 11010
1887 1310 2064 1388 S
1783 1347 3080 1424 deutigkeit und vor allem ohne jede Eitelkeit vor, je daß man eher den
1505 1401 1539 1455 05
1785 1400 3065 1471 Bericht eines ungefährlichen Narren der Liebe als den eines gefährlich¬
676 1396 1507 1491 Schnitzlers „Casanova“
1793 1434 3073 1508 wilden Verführers und Abenkeurers zu hören vermeinte. Das sind
1779 1492 3085 1541 nicht nur Worte, die sagen, wie der Dichter seine Figur zeigen möchte.
544 1471 1764 1541 Arkhur Schnitzlers welche Ark ist seit dem Kriege, dem er nie Zu¬
1789 1513 3077 1588 sondern so ist sie durchweg gestaltet. Das Liebesthema behandelt nicht
452 1516 1758 1588 geständnisse gemacht hat, nicht schwächer geworden, im Gegenteil, eher
1782 1554 3073 1622 nur der Dichter diskret, zumal es bloß in der Erinnerung und in einer
465 1563 1768 1626 stärker, jedenfalls strenger, wenn auch gewiß nicht durch Kriegseinflüsse.
1770 1601 3071 1662 vergeblichen Sehnsucht angeschlagen wird, sondern auch der Erlebende
467 1613 1765 1661 Vielleicht durch Beschäftigung mit ällerer, etwa italienischer Erzahlungs¬
1789 1617 3085 1702 selber. Das Werk bleibt weit entfernt von lüsternen Anklängen, denen
474 1648 1760 1701 kunst, deren Stil er sich diesmal einigermaßen nähert, ohne von der
1781 1662 3072 1733 manche neueren Schriftsteiler schwerlich entgangen wären. Dieser drei¬
465 1676 1768 1731 eigenen Natur etwas preiszugeben. Die Sprache in ihrer Wienerischen
1779 1713 3086 1776 undfünfzigjährige Casanova verbringt eine schwärmerische einsame Nacht
463 1719 1761 1762 Mürbigkeit, die ihm schon phonekisch wie im ganzen Wesen eignet, und
1781 1757 3028 1805 im Freien wie ein verliebter Jüngling, und doch nicht sentimental.
475 1753 1760 1809 die in seinem neuesten Werke?) mit dem Thema des alternden und
466 1798 1770 1842 gestrandeten Menschen zusammenstimmt, hat zugleich etwas von der
1857 1789 3068 1853 Das Kummervoll-Armselige dieser erledigten Existenz, Sorge und
469 1832 1765 1901 Klarheit und Festigkeit des Südens, die zu der Atmosphäre dieser Er¬
1789 1845 3080 1895 Argwohn kommen eigentümlich bewegend heraus. Etwa an der Stelle,
472 1870 1760 1920 zählung besonders paßt. Sie ist graziös und leicht, aber nie leer, voll
1778 1867 3079 1933 da man Vorbereitungen für ein Glücksspiel krifft: „Was hat das alles
468 1908 1767 1950 Geist und auch seelenhaft; ohne jede Pretiosikät moderneren Schlages,
1776 1902 3080 1964 #zu bedeuten, fragte sich Casanova, der allein im Garken stand. Halten
463 1946 1763 2002 bisweilen sogar sorglos mit viel gebrauchten Wendungen sich begnügend,
1779 1941 3079 2016 sie mich für reich? Wollen sie mich rupfen? Ist das Ganze, dachte er
462 1985 1771 2039 und doch nicht abgebraucht oder hohl, sondern stets persönlich und von
1779 1980 3072 2055 flüchtig, ein Streich meiner Feinde, um mir die Rückkehr nach Venedig
463 2026 1770 2073 einer sich immer erneuernden Frische, die der Vitalität des berühmten
1776 2023 3076 2100 zu erschweren — im letzten Augenblick unmöglich zu machen? Abei
463 2062 1769 2119 Verführers verwandt ist. Eine glänzende Bildkraft, die mit der weisen
1780 2062 3072 2129 sofort mußte er sich sagen, daß dieser Einfall völlig ursinnig war, vor
473 2099 1770 2163 Sparsamkeit des reifen Meisters waltet, bringt einprägsame visuelle
1785 2117 3082 2168 allem schon darum, weil er nicht einmal mehr Feinde hatte. Er war ein
481 2140 1763 2197 Eindrücke von starkem Ausdruckswert und unterstützt die Vermutung,
1793 2136 3084 2205 ungefährlicher, herabgekommener alter Troyf; wen konnte seine Rück¬
473 2176 1763 2255 daß Schnitzler sich inzwischen mit dem Klassiker der geschichtlichen No¬
1781 2168 3079 2249 kehr nach Venedig überhaupt noch kümmern?“ In seinem Umgange
2947 2202 3087 2262 „Was
469 2222 1658 2276 velle. C. F. Meyer, mehr als früher angefreundet haben möchte.
1786 2206 2949 2282 mit sich selbst sind Aufrichtigkeit und eine anständige Wärme.
551 2250 1762 2310 Mit ihm teilt er jetzt die Zügigkeit des Erzählers großen Stils
1793 2252 3089 2325 sollte er weiter in dieser kläglich verblaßten Welt ohne die Hoffnung,
2910 2289 3077 2337 In der
465 2294 1768 2349 und die Gelassenheit, die bei einer längeren Erzählung natürlich und
1798 2312 2911 2356 die Gewißheit, die geliebte Stadt jemals wiederzusehen? ..
470 2327 1773 2371 angebracht ist und die Schnitzler meines Erinnerns früher in solchem
1796 2321 3079 2399 Fremde vermochte er längst nicht mehr ein Glück dauernd an sich heran¬
476 2361 1775 2422 Grade nicht besaß. Der letzte Satz des Buches möge als Probe hier
1797 2371 3078 2433 zuzwingen. Noch war ihm zuwellen die Kraft gegönnt, es zu erfassen,
481 2403 1769 2469 stehen: Mit einer Ark von schlafwandlerischer Sicherheit, ohne sich
1782 2421 3091 2472 doch nicht mehr die, es festzuhalten. Seine Macht über die Menschen,
473 2441 1777 2493 eigentlich bewußt zu werden, daß er ihn in dieser Stunde nach einem
1796 2442 3093 2510 Frauen wie Männer, war dahin. Nur wo er Erinnerung bedeutete,
480 2481 1768 2534 Vierteijahrhundert zum ersten Male wieder ging, fand er den Weg
1799 2480 3082 2543 vermochte sein Wort, seine Stimme, sein Blick noch zu bannen; seiner
472 2514 1776 2582 durch enge Gäßchen zwischen dunklen Häusermauern und über schmale
1795 2516 3092 2580 Gegenwart war die Wirkung versagt. Vorbei war seine Zeit! Es
481 2554 1781 2612 Brückenstege, unter denen die schwärzlichen Kanäle den ewigen Wassern
1802 2550 3079 2626 folgt eine schonungslose Selbstbetrachtung, die den Leser eigenkümlich
485 2594 1783 2670 zuzogen, nach seinem elenden Gasthof, dessen Tor erst auf wiederholtes
1786 2589 3090 2652 rührt, sofern er irgend reichliche Enttäuschungen, wenn auch auf ganz
1522 2637 1780 2681 und wenige
1791 2631 3097 2703 anderen Gebieten, hinker sich hat. Dieser Casanova ist weder idealisierk,
477 2643 1478 2693 Klopfen sich träg und unfreundlich vor ihm öffnete;
1793 2672 3094 2730 noch nach der Schattenseite stilisiert. Er ist ganz menschlich. Wenn
471 2670 1780 2717 Minuten später, in einec schmerzenden Müdigkeit, die durch seine
474 2709 1773 2758 Glieder lastete, ohne sie zu lösen, mit einem bitteren Nachgeschmack auf
1801 2704 3089 2776 er einmal schlimm wird, wie bei der Vergewaltigung eines unreifen
479 2748 1777 2803 den Lippen, den er gleichsam aus dem Innersten seines Wesens nach
1788 2745 3092 2810 Mädchens und den frivolen Gedanken hinkerher, so zeigt das sein zer¬
480 2791 1777 2853 oben steigen fühlte, warf er sich, nur halb angekleidet, auf ein schlechtes
1793 2789 2848 2873 rüttetes Innere. Aber es bleibt die einzige Verzerrung.
482 2817 1776 2881 Bett, um nach fünfundzwanzig Jahren der Verbannung den ersten. so
1867 2843 3091 2897 Das Buch gibt künstlerisch keinerlei Ertreme, sondern eine an¬
473 2859 1782 2922 lang ersehnten Heimatschlaf zu tun, der endlich, bei anbrechendem Mor¬
1802 2873 3100 2938 ständig-würdige Mittellage — nicht des Könnens, denn das ist in einem
482 2910 1713 2969 gen, traumlos und dumpf, sich des allen Abenteurers erbarmte.
1797 2915 3090 2979 Grade fertig, wie man es von Jüngeren begreift cherweise selten bekommt.
481 2936 1780 2999 Es ist nichts Kleines, derartig lange Sätze zu gliedern, daß sie weder
1800 2947 3087 3009 Die Jungen werden mehr vom „Zeitgeist, abe meist weniger von den
2721 2978 3094 3038 von sich selber
488 2975 1779 3031 langweilig noch schwerfällig noch unklar wirken, sondern daß ihr Gang
1800 2998 2669 3055 besonderen Werten der Kunstgakkung und
2642 3017 3085 3078 seinen Schranken und
481 3016 1777 3084 burtig und zugleich in „epischer Ruhe' bleibt. Der Künstler hat jetzt
2425 3029 2637 3083 kennt in
1804 3032 2345 3103 haben als der Meister, der
479 3073 1786 3124 mehr Abstand zwischen die Dinge und den Leser gelegt, während er
1805 3061 3099 3120 alle seine Kräfte und das Wesen der ihnen erreichbaren Formen be¬
485 3091 1778 3143 früher gelegentlich eine gewisse allzu Wienerische Zwanglosigkeit und
2721 3099 3066 3168 Erich Everth.
1792 3124 1971 3191 herrscht.
483 3128 1786 3201 Vertraulichkeit nicht nur darstellte, sondern sich auch selber gestattete.
569 3168 1785 3233 Auch die Komposition ist straffer, als ich ein früheres Beispiel von
480 3214 1782 3270 Schnitzler wüßte, und doch bedeutet sie keine Kargheit. Vielmehr ent¬
496 3246 1794 3325 zückt es um so mehr, wie der Dichter mit immer neuen Einfällen
485 3291 1791 3361 belebt und leise erregt, obwohl man im ersten Satze hört, es handele
492 3332 1727 3410 sich bei diesem Casanova um einen alten, herabgekommenen Mann.
564 3364 1796 3426 Dieser Mann ist nicht besonders zynisch oder abenkeuerlich in einem
486 3420 1787 3490 billigen ober niederen Sinne. Es ist ein menschlicher Reiz des Buches,
490 3448 1788 3523 daß der Abenteurer ziemlich ernst gestimmt ist und auch anderen nicht
501 3482 1792 3555 allzu viel vormacht. „Als die Kinder fort waren, kat er sich wohl weniger
490 3523 1796 3606 Zwang an, aber alles, was er erzählte, brachke er ohne jede Zwei¬
573 3587 1621 3689 *) Casanovas Heimfahrl“, Verlag S. Fischer, Berlin.
