3484 4256
287 181 1403 305 30. Casanovas Heinfahrt
1222 173 1993 318 un„ box 4/10
841 238 1177 320 as Nerm
1395 839 2333 936 Women in Love' nor a“ Young Girl’s
1395 908 2338 1000 Diary, but I shall certainly do so at the
551 900 1233 1025 Sc
1405 964 2333 1048 earliest opportunity. The Satyricon'
1406 1006 2339 1106 is, of co#rse, a classic which everybody
569 1009 1307 1175 100 Oau- S
1399 1081 2315 1153 has rez d. Casanova’s Homecoming“
1400 1139 2335 1222 is a potential classic, which everybody,
1405 1195 2218 1280 or almost everybody, should read.
626 1171 1079 1294 1112
1459 1254 2339 1341 Tne Casanova Schnitzler portrays in
1405 1320 2335 1392 his novel is not the Casanova of the
515 1302 1369 1423 CASANOVA'S HOMECOMING
1409 1384 2337 1451 Memoirs; or, at least, no longer. Written
610 1398 1274 1500 BY ARTHUR SCHNITZLER
1406 1442 2334 1509 toward the close of his life, in his Me¬
683 1475 1183 1578 (Thomas Seltzer, 1922)
1409 1485 2343 1571 moirs Casanova exhibits himself as he
1409 1555 2335 1612 had once been; or, possibly, only as he
498 1555 1394 1660 THE effect of the decisions ren¬
1419 1616 2340 1662 would like to have been—handsome, ir¬
609 1628 1393 1705 dered in the case of Mr. Seltzer
1408 1655 2341 1731 resistible, ubiquitously successful, the
468 1696 1382 1789 (defending Casanova’s Homecoming,
1399 1724 2337 1785 man of the thousand amours and thou¬
478 1772 1402 1846 Women in Love' and a“ Young Girl’s
1407 1770 2339 1837 sand escapades. This Casanova exists
1414 1829 2341 1898 too in the novel but only in retrospect;
462 1812 1408 1901 Diary) and Messrs. Boni and Liveright
1407 1884 2340 1948 only in recollection, however vivid. The
472 1890 1410 1965 ("The Satyricon'lis to draw the teeth of
1412 1942 2331 2003 Casanova of the novel is in his fifty¬
465 1951 1398 2017 Mr. Sumner and the Society for the
1409 1981 2347 2055 third year. With the approach of old
478 2008 1400 2089 Supression of Vice. It has now been es¬
1416 2050 2329 2114 age, his "inward and outward lustre'
475 2065 1408 2143 tablished’’—says Mr. Gilberf Seldes in
1412 2105 2334 2186 are beginning to fade. While still suc¬
474 2119 1398 2186 the November Dial—“that you cannot,
1418 2166 2343 2235 cessful with women; he is no longer
469 2178 1410 2243 in America, read a few lines from a
1416 2220 2349 2293 ubiquitously successful. His means are
475 2233 1404 2308 book, stressing a few words which
1421 2284 2343 2348 now extremely slender; and he has only
472 2286 1412 2371 otherwise used might be indecent, and
1422 2336 2350 2405 two suits, one of which is a trifle
475 2347 1399 2408 expect the book to be barfed from cir¬
1418 2379 2340 2450 shabby. He is homesick, and in the
479 2399 1401 2477 culation; it has been further estab¬
1427 2447 2342 2518 opening chapter is waiting at Mantua
477 2449 1408 2532 lished that the decency, and dignity of
1422 2493 2346 2562 in a modest but respectable inn where
475 2528 1408 2593 a great writer’s position shall be con¬
1418 2562 2342 2622 he has stayed in happied years—wait¬
482 2561 1406 2639 sidered in determining even the prob¬
1422 2604 2344 2674 ing for a pardon to arrive from Venice
490 2623 1414 2699 able effect of a book on its reader; spe¬
1417 2658 2348 2727 from the Council. In the meantime,
480 2690 1406 2751 cifically it has been stated that the de¬
1421 2720 2348 2795 he is bored with his amusements—a
490 2733 1411 2803 scription of manners and customs in
1422 2769 2356 2841 polemic he is composing against Vol¬
485 2788 1414 2852 other (worse) ages is not a criminal
1430 2825 2352 2897 taire, the morning walks into the coun¬
485 2843 1409 2905 offense in this country. Worst of all, the
1424 2884 2355 2950 try, the evenings spent in gambling
480 2903 1406 2987 young person is reduced to the ranks,
1430 2933 2361 3006 for petty stakes, and his hostess, a
485 2957 1416 3043 uncapitalized and almost decapitated as
1432 2996 2305 3076 woman ardent but no longer young.
491 3010 1415 3082 an authority on literature.' Let us re¬
1448 3051 2349 3136 It is on one of these walks into the
491 3073 1427 3144 joice! Perhaps there will be an Amer¬
1419 3124 2359 3187 country that he encounters Olivo, a man
479 3140 1424 3209 ican edition of" Ulysses“. Another ef¬
1432 3173 2343 3240 whom he had befriended some fifteen
482 3175 1417 3247 fect of the decisions is to advertise the
488 3232 2349 3300 works which the Vice Society would years before. Olivo has since acquired
479 3296 2353 3384 have supressed. So far Ihave not read a.farm and amassed a comfortable for¬
2354 851 3290 925 tune, but he has not forgotten Casa¬
2363 918 3285 979 nova, or the fact that the adventurer
2351 971 3296 1050 had once befriended him. Olivo invites
2366 1038 3299 1103 Casanova to stay at his house until the
2355 1084 3300 1174 arrival of the expected letter from
2363 1141 2575 1205 Venice.
2407 1175 3294 1263 While he is hesitating whether or no
2366 1252 3303 1330 to accept, Olivo prattles about his wife,
2354 1313 3299 1380 his three daughters and a niece, who
2359 1361 3295 1437 is young and erudite. Directly Casa¬
2370 1416 3296 1497 nova hears of the niece, he decides to
2371 1465 3300 1544 accept. Amalia, Olivos wife, he re¬
2368 1535 3304 1600 flects is no younger and no prettier than
2357 1589 3295 1662 she was when he last saw and possessed
2361 1640 3303 1712 her; and Teresina, the eldest of thei
2367 1712 3308 1760 three daughters, is only thirteen and “at
2362 1750 3298 1832 his age, a girl of thirteen would not find
2368 1811 3296 1882 him interesting.'' Marcolina, the niece,
2363 1866 3307 1944 is however a prospect. When he sees
2360 1921 3291 1994 her, Casanova is consumed with the de¬
2369 1977 3307 2036 sire to possess her. She is not only
2363 2029 3303 2094 young and erudite, but extremely beau¬
2375 2088 3303 2157 tiful. She is, however, disdainful of
2375 2143 3304 2204 and indifferent to his advances; and he
2371 2190 3304 2274 realizes that he will never possess her
2363 2250 3308 2315 because he is old. He is mistaken, how¬
2366 2309 3304 2377 ever. He does ultimately, by a trick.
2365 2373 3299 2433 How the trick is turned is really the
2376 2430 3303 2493 plot of the novel; the return to Venice
2368 2470 3303 2534 which occurs in the last chapter being
2367 2534 3297 2609 only a postlude, Casanova’s Last Ad¬
2382 2593 3286 2660 venture' (last at the time of writing)
2381 2621 3312 2730 would be a more pertinent title than
2386 2697 2657 2769 the actual.
2418 2750 3296 2820 Aside from the extremely interesting
2378 2817 3299 2882 and ingenious plot, there is the episode
2386 2865 3307 2927 f the seduction by Casanova of his
2380 2921 3299 2988 host’s daughter, the thirteen-year-oid
2374 2973 3296 3052 Teresina. This is perhaps the most un¬
2374 3046 3298 3108 leasant passage in the book, and in
2383 3085 3305 3157 he hands of a lesser artist, or another
2380 3146 3297 3209 han Schnitzler would be disgusting.
2375 3201 3304 3271 This incident, however, completes for
2382 3253 3310 3333 us the character of Casanova. If
2380 3306 3307 3408 Schnitler has drawn a Casanova less at¬
2372 3401 3297 3501 tractive than the Casanova of the Me¬
2362 3476 3304 3562 moirs, it is simply that he has drawn a
2368 3524 3298 3613 Casanova old. The portrait he has
2361 3579 3211 3663 drawn, if ugly, is admirably drawn.
2828 3651 3250 3744 Louis GILMORE.
