3392 4256
512 128 1378 203 asanovas Heimfahrt
270 135 1406 242 30    e enene e e en e
1549 130 1966 228 box 4/11
1478 1019 2628 1099 (2) As far back as 1922 a complaint against
1421 1073 2616 1151 Casanova’s Homecoming'’ was dismissed by Mag¬
1420 1157 2616 1215 istrate Simpson, who held that the book was a
1418 1205 2617 1276 edistinct contribution to the literature of the pres¬
1414 1259 1664 1346 ent day''.
1466 1373 2619 1440 (3) In the light of the cases involving Made¬
1416 1449 2638 1504 leine“, Mademoiselle de Maupin'“The Well of
1417 1506 2632 1580 Loneliness“, and“ The Sex Side of Life“, all cleared
1424 1566 2620 1623 by the courts in recent years, “Casanova’s Home¬
1414 1633 2424 1697 coming' must be held free from obscenity.
1467 1722 2615 1797 (4) In judging “Casanova’s Homecoming'' by
1413 1809 2633 1876 the long-es ablished rules, it must be read as a
1412 1856 2453 1929 whole; and on that basis it must be upheld.
