3392 4320
626 169 2315 218 dies möglich. Die Vorkampfer der Aufklärung setzten sich mit aller Wärme
636 217 2328 275 für den Duldungsstaat ein, der neben der herrschenden Kirche auch andere
638 263 2326 330 religiöse Gemeinschaften zuließ; es mußte der spanische Erbfolgekrieg und der
636 317 2324 381 nordische Krieg kommen, um die konfessionelle Frage in den Hintergrund zu
635 384 2309 444 schieben, ehe der Toleranzstaat in Erscheinung treten konnte. Das moderne
633 426 2318 502 Verfassungsleben ist ohne die Napoleonischen Kriege kaum denkbar; erwogen
637 498 2314 551 wurde die neue Staatsform lange vor der frarzösischen Revolution. Ohne den
626 549 2311 636 deutsch=französischen Krieg 1870/71 kein geeinigtes Deutschland. In Besseill—
631 604 2034 670 reifte nur aus, was Tausende vorher ersehnt und erbeten hatten.
729 654 2321 725 Aber an keinen Krieg der Weltgeschichte wurden so viele Wünsche und
627 716 2321 793 weitreichende Pläne geknüpft, wie an den gegenwärtigen. Elf Staaten haben
639 787 2314 860 zu den Waffen gegriffen in der Überzeugung, daß ihre Staatsidee es also er¬
572 920 2287 994 fordere. Die Neutralen, welche nicht unmittelbar in den Krieg eingreifen, sind
583 986 2283 1032 noch nie dermaßen in Mitleidenschaft gezogen worden, wie diesmal. England
577 1024 2292 1091 will seine unbeschränkte Weltherrschaft zur See sichern, Frankreich durch die
589 1093 2291 1150 Wiedergewinnung von Elsaß=Lothringen und die Zertrümmerung des angeb¬
587 1147 2285 1209 lichen preußischen Militarismus die französische Sprachgrenze möglichst weit
587 1202 2276 1270 nach dem Osten hinausschieben, Rußland träumt von der Vereinigung sämt¬
578 1253 2289 1324 licher Slawen unter des Zaren Zepter (Panslawismus), zu deren Erfüllung
587 1311 2289 1386 der Besitz von Konstantinopel ihm notwendig erscheint, Serbien hofft auf die
578 1387 2285 1453 Errichtung des großserbischen Reiches an der Adria, Italien begeht einen in
576 1432 2271 1491 der Weltgeschichte beispiellosen Treubruch zwecks „Befreiung“ der „unerlösten“
596 1490 2286 1562 Stammesgenossen, Japan glaubt, der Zeitpunkt sei für den Imperialismus der
590 1551 2291 1622 gelben Rasse gekommen; die Vereinigten Staaten von Nordamerika werden
593 1608 2298 1687 alsdann nicht ruhige Zuschauer bleiben dürfen, wenn sie nicht auf ihre bisherige
581 1692 2290 1745 Weltstellung werden verzichten wollen. Nimmt man hinzu die polnische und
580 1732 2288 1803 ukrainische Frage, so gewinnt man den Eindruck, als müßte die ganze Welt
597 1780 2291 1848 ein anderes Gepräge erhalten, wenn auch nur ein geringer Teil aller jener
590 1863 2199 1920 Ideen sich verwirklichen sollte, derentwegen der Weltbrand entstanden ist.
694 1923 2299 1980 Die verbündeten Zentralmächte, Österreich=Ungarn und Deutschland, haben
593 1971 2297 2033 den Krieg nicht gewollt, aber da er ihnen einmal aufgezwungen ist, sind sie in ihn
596 2022 2299 2090 selbstverständlich mit ganz bestimmten Erwartungen eingetreten. Die einzelnen
594 2089 2297 2156 nichtdeutschen Volksstämme der beiden Staaten hegen dabei ihre Sonderwünsche.
595 2135 2300 2214 Im tiefsten Grunde wird jedoch in diesem Weltkrieg über das Schicksal des
585 2197 2304 2271 deutschen Volkes entschieden. Es ist ein Ringen um Sein oder Nichtsein der
595 2243 2306 2325 deutschen Kultur im weitesten Sinne dieses Wortes entbrannt. Bei der bewußten
596 2312 2294 2373 oder unbewußten Abhängigkeit der mitteleuropäischen Volksstämme von dieser
592 2365 2295 2442 als der überlegeneren, schlägt bei der Entscheidung in dem Riesenkampf auch
601 2421 2302 2521 für sie die Schicksalsstunde. Sie gehören alle zu der einen mitteleuropäischen
597 2494 2295 2557 abendländischen Kulturgemeinschaft, die sie gegen den Ansturm des Ostens ver¬
590 2547 2303 2611 teidigen. Deshalb müßte Österreich=Ungarn geschaffen werden, wenn es nicht
588 2599 2306 2676 da wäre. Durch den Krieg wird nicht dieses oder jenes Kulturgebiet betroffen,
602 2661 2301 2736 auf dem Spiele steht die deutsche Kultur als Gesamterscheinung im Völker¬
606 2720 2304 2800 leben. Wir haben den Eindruck, daß auf allen Gebieten vieles anders werden
602 2780 2303 2844 muß, und so ist die eingehende Erwägung aller dieser Fragen als Vorbereitung
596 2837 2303 2904 eines gedeihlichen Friedens ebensowenig zu entbehren, wie die treue Wacht in
598 2915 2300 2965 den Schützengräben. Wer den Dingen etwas tiefer auf den Grund geht, dem
593 2950 2307 3021 erschließt sich ein unübersehbares Arbeitsgebiet. Mit bloßer Arbeitsteilung ist
604 3023 2310 3089 nicht viel erreicht. Ein Gebiet greift in das andere über. Die Fragen lassen
606 3087 2302 3149 sich nicht gesondert behandeln. Die nationalen Belange sind von den politischen
607 3133 2307 3207 schwer zu scheiden und diese hängen auf das engste mit den wirtschaftlichen
596 3214 2309 3276 zusammen; die Klassenkämpfe der letzten Jahrzehnte haben zur Genüge gezeigt,
596 3249 2303 3323 in welcher Weise die wirtschaftliche Lage auf die Gestaltung der sozialen Ver¬
607 3326 2310 3396 hältnisse zurückwirkt. So ist es eine einseitige Betrachtung der Dinge, wenn
609 3385 2307 3450 man den Krieg bloß als Wendepunkt etwa des Wirtschaftslebens darstellt.
599 3422 2315 3492 Ein so gewaltiges Ringen mit einem solchen Aufgebot von Kräften, wie es
601 3493 2316 3573 die Welt noch nicht erlebt hat, der erste eigentliche Wirtschaftskrieg und
1595 3970 2156 4079 S
