3392 4320
133 275 246 362 1.
2016 207 2283 282 —.—
827 283 919 350 0
549 278 596 351 1
1471 276 1939 380 box 36/5
257 282 1331 388 Panph-ets.forints
1011 863 1123 926 266
1397 858 2220 930 Felix Braun, Österreichische Bibliothek.
970 997 2664 1064 die Kraft zum Überwinden und schaffen in ihr bleibende Werte. Wer mag des
966 1067 2672 1141 Geistes Tiefe ganz ergründen? Es bleibt ein Ahnen, das zur Gewißheit wird
982 1128 2665 1196 und in der Gewißheit weiß sich die freie Persönlichkeit als ein Gedanke
969 1191 2671 1266 Gottes aus der Zeit für die Ewigkeit. Das ist Religion in ihrer klarsten und
979 1253 2658 1314 reinsten Form, wie sie uns am ursprünglichsten in Jesus von Nazareth ent¬
969 1305 2669 1363 gegentritt. Das deutsche Gemüt hat die christliche Frömmigkeit in seiner ganzen
979 1365 2666 1416 Tiefe erfaßt. Bei keinem Volk wurde so viel gerungen, geschrieben, gekämpft
967 1414 2675 1488 für und wider das Christentum, wie bei den Deutschen. Konfession, Kultus,
982 1489 2671 1540 Dogma sind etwas Abgeleitetes. Das Ursprüngliche ist die Religion des
979 1538 2666 1599 frommen Gemüts und hierin stehen sich deutsche Katholiken und deutsche
969 1598 2667 1660 Protestanten viel näher als z. B. italienische und deutsche Katholiken. Es
975 1660 2667 1720 hieße Zeit und Kraft vergeuden, wollte man die Religion durch neue Unions¬
969 1721 2667 1776 versuche zwischen Katholizismus und Protestantismus erneuern. Im achzehnten
970 1789 2668 1850 Jahrhundert haben es der Jesuit Spinola und der protestantische Abt von
977 1838 2668 1890 Loccum Molanus versucht. Der eine wurde für verrückt erklärt, dem andern
969 1893 2662 1969 wurde geheimer Papismus vorgeworfen. Heute käme man auf diesem Wege
979 1956 2671 2009 ebenso wenig zum Ziele. Das Entscheidende bleibt die Vertiefung der beiden
973 2018 2677 2063 Konfessionen durch und aus der Religion der Verinnerlichung. (Vgl. Leopold
980 2075 2671 2132 v. Schröder, Wesen und Ursprung der Religion, in den Beitr. z. Weiterentwick¬
966 2125 1818 2211 lung der christlichen Religion. S. 23.)
1074 2190 2666 2264 Der Krieg hat uns verinnerlicht und unsere Schaffensfreudigkeit erhöht.
972 2261 2664 2301 Er hat den deutschen Geist in seiner Tiefe und Ursprünglichkeit hervor¬
977 2307 2677 2372 leuchten lassen. Wir besinnen uns auf uns selbst: Religion, Lebens= und
974 2371 2674 2428 Weltanschauung, Lebensfreudigkeit, ewige Jugend, Lebensmut, Lebensglück,
974 2430 2661 2479 kurzum Idealismus im besten Sinne des Wortes sind uns wieder aufgegangen.
975 2487 2673 2556 Die Feinde haben sich zusammengetan, um deutsche Art zu vernichten. Wir
976 2549 2674 2609 können es ihnen nur danken. Sie haben den deutschen Geist geweckt und
972 2608 2676 2655 dieser ist unbesiegbar. Lassen wir uns von diesem ganz durchdringen und
976 2670 2678 2721 tragen wir ihn Mann wie Frau hinein in Haus und Beruf: Dann bedeutet
980 2714 2686 2788 der Weltkrieg den Anbruch eines neuen Zeitalters des weltumspannenden
979 2780 1486 2856 deutschen Idealismus.
1380 2941 2247 3041 Österreichische Bibliothek.
1602 3052 2030 3139 Von Felix Braun.
1070 3132 2660 3205 Eine österreichische Bibliothek ist gegründet worden; von einem Dichter: Hugo
968 3199 2653 3253 v. Hofmannsthal. Wenn es zum Wesen des Dichters gehört, einer Gemein¬
975 3266 2662 3334 schaft schauend, fühlend, denkend vorzuleben, sie zu lehren, was sie ist und was
980 3317 2663 3379 sie soll, was ihr ziemt und was sie ehrt, so ist dies hier in einer stillen Art
980 3376 2667 3432 schön bewährt. Denn die Gemeinschaft, der dieser Dienst erwiesen wird, war
966 3438 2661 3497 bisher nicht nur allen übrigen so gut wie fremd, verhüllt und namenlos, sie war
966 3499 2658 3564 es auch sich selbst. Hoch bis in älteste Zeiten reichend, großer Taten, unver¬
975 3556 2647 3629 gänglicher Ideen, erhabener Menschen teilhaft wie jede andre, schien sie den¬
978 3617 2675 3684 noch alles Geschehenen vergessen zu haben, des Bestehenden gering zu achten
1782 4105 2092 4205 Aahrhen
2796 4142 2852 4225 73
