3392 4320
1880 206 2306 273 ——
1471 267 1948 362 box 36/5
127 264 1320 369 1. Panphlets, offprints
829 920 2351 980 262 Dr. Karl Völker, Der Krieg als Erzieher zum deutschen Idealismus.
801 1049 2495 1108 den künstlerischen Wert dieser Dichtungen herabzusetzen. Der Naturalismus
806 1120 2506 1187 hat von seinen Voraussetzungen aus vollendete Kunstwerke geschaffen. Man
805 1172 2499 1246 denke beispielsweise an die drei Gestalten im „Weibsteufel“. Die Natur¬
804 1232 2502 1298 schilderungen des Naturalismus gehören zu dem Besten dieser Art. Der soziale
803 1305 2497 1369 Zug, das Mitleid mit den wirtschaftlich notleidenden Gesellschaftsschichten, der
813 1360 2507 1426 Grundgedanke so vieler Werke naturalistischer Schriftsteller, hat dieser Richtung
811 1410 2143 1471 einen nicht gering einzuschätzenden ethischen Einfluß gesichert.
912 1465 2506 1537 Den Idealismus hat aber gerade diese Literatur mehr als irgend ein
807 1529 2490 1588 anderer Faktor zurückgedrängt. Die beiden Philosophen, welche ihre Weltan¬
806 1589 2506 1656 schauung dank der anmutigen Form und faßlichen Art, mit der sie sie vortrugen,
800 1646 2506 1700 in die weitesten Kreise der Gebildeten hineintrugen, Arthur Schopenhauer und
815 1715 2492 1771 Eduard von Hartmann, Idealisten, insoferne sie den Weltgrund und die Ent¬
801 1779 2505 1835 wicklung des Seienden als etwas Geistiges fassen, haben den alten optimistischen
800 1823 2500 1895 Idealismus vollends unmöglich gemacht; der eine durch seine Predigt von der
812 1883 2502 1948 Verneinung des Willens zum Leben, der andere durch seine Philosophie des
811 1937 2502 2003 Unbewußten. Die Begeisterung für Schopenhauer erklärt sich nicht zuletzt aus
804 2014 2500 2074 der Enttäuschung darüber, daß die Werte des einstigen Idealismus ent¬
810 2073 2504 2135 schwunden waren. Im tiefsten Grunde der Volksseele lebte aber die Sehnsucht
801 2118 2501 2183 nach großen Idealen fort. So wird die Nietzsche=Begeisterung verständlich.
815 2189 2502 2251 Dessen Verkündigung von dem Willen zur Macht, eine scharfe Absage auch
809 2242 2499 2303 an den Naturalismus, hat in ihrer Wirkung das Gegenteil von dem hervor¬
809 2299 2497 2366 gebracht, was dem einsamen Denker als Ideal des Übermenschentums vor¬
813 2363 2509 2428 schwebte: ungezügeltes Begehren und Genießen. Trotz aller Anfeindungen
815 2412 2503 2489 gegen Nietzsche gerade von seiten der Vertreter einer idealistischen Weltbe¬
804 2475 2507 2532 trachtung darf jedoch dieser als Wegbereiter des neuen Idealismus gelten.
805 2538 2486 2602 Die Aufnahme, die er bei Ungezählten fand — sein „Also sprach Zaratustra“
815 2588 2504 2658 ist neben dem Neuen Testament und Goethes Faust das gelesenste Buch in
811 2656 2513 2720 den Schützengräben — beweist, daß sich die Menschenseele für die Dauer von
801 2714 1947 2789 dem Fluge ins Unermeßliche nicht zurückhalten ließ.
914 2778 2501 2838 Seit einiger Zeit gewinnt man immer mehr den Eindruck, daß sich das
803 2836 2501 2896 Blatt wieder zugunsten des Idealismus gewendet habe. Es kommt ein Neu¬
810 2889 2510 2955 kantianismus auf; Hegel und Fichte werden wieder viel genannt; man spricht
815 2958 2507 3018 sogar von einer Hegelwiederbelebung; es werden Stimmen laut, daß Goethe
809 3002 2511 3061 und besonders Schiller als Jugendbildner der modernen Dichtung vorzuziehen
821 3073 2510 3137 seien. Während meiner Berliner Studienzeit machte es Eindruck, als der
813 3121 2505 3180 amerikanische Austauschprofessor Münsterberg Vorlesungen über idealistische
815 3179 2523 3242 Weltanschauung ankündigte und eine nach Hunderten zählende Zuhörerschaft
804 3240 2526 3309 sich einstellte. Dieser Umschwung zugunsten des Idealismus hängt zusammen
812 3306 1560 3379 mit Ergebnissen der Wissenschaft.
916 3364 2503 3440 In ihrem Siegeslauf glaubte die mechanistische Naturwissenschaft alle
812 3428 2506 3486 Welträtsel lösen zu können, aber sie mußte sich überzeugen, daß sie in den
815 3478 2511 3545 letzten Fragen alles Seins über Theorie und Hypothese nicht hinauskomme.
807 3535 2503 3610 Es ist ihr nicht gelungen, das Seelenleben in allgemeinen Naturgesetzen restlos
815 3594 2505 3661 aufgehen zu lassen. Gerade die Untersuchungen Wilhelm Wundts, die wir
801 3671 2521 3730 früher erwähnt haben, haben dies zur Genüge bestätigt. Noch immer ist der
