3392 4320
1909 232 2392 294 —.—
1466 299 1932 389 box 36/5
122 295 1323 410 1. Panphlets offprints
899 982 2401 1039 260 Dr. Karl Völker, Der Krieg als Erzieher zum deutschen Idealismus.
861 1118 2559 1182 der Forderungen auf Verbesserung der wirtschaftlichen Lage des Arbeiterstandes
869 1190 2571 1226 wollen wir hier ganz ausschalten. Weite Kreise des Volkes, oben wie unten,
877 1230 2564 1306 werden von einem ungestümen Hasten und Jagen nach Geld und Gut erfaßt.
877 1288 2566 1355 Die Bedeutung dieses wirtschaftlichen Aufschwunges für die Weltstellung des
865 1354 2573 1418 deutschen Volkes muß unumwunden zugegeben werden; ohne diese Erfolge im
863 1409 2573 1462 Wirtschaftsleben wäre es in einem Zeitalter, wo alles sich von wirtschaftlichen
867 1468 2565 1537 Belangen bestimmen läßt, bedeutungslos geworden. Durch den Anteil an der
875 1525 2573 1598 Weltwirtschaft rückte es aber noch mehr ab von den Idealen des deutschen
871 1582 2571 1654 Idealismus zu Beginn des Jahrhunderts. Der Übergang der Väter der deutschen
867 1656 2575 1725 Sozialdemokratie, Marx', Engels' und Lassalles, von Hegel zur materialistischen
876 1702 2574 1794 Weltanschauung kennzeichnet am besten diesen Wandel. Engels gibt dies un¬
879 1781 2585 1839 umwunden zu: „Wir deutsche Sozialdemokraten sind stolz darauf, abzustammen
880 1825 2584 1896 nicht nur von Saint=Simon, Fourier und Owen, sondern auch von Kant, Fichte
884 1880 2577 1954 und Hegel. Die deutsche Arbeiterbewegung ist die Erbin der deutschen klassischen
877 1947 1177 2020 Philosophie.“
980 2001 2590 2068 Die Vertreter des alten Idalismus waren nicht ganz ausgestorben, aber
872 2066 2586 2136 die Philosophie hatte längst die Führung eingebüßt. Die „Idealisten“ waren
871 2141 2584 2187 weltfremb geworden; man bemitleidete sie, man machte sich gar über sie lustig:
886 2199 2577 2253 „Grau, Freund, ist alle Theorie, und grün des Lebens goldner Baum.“ Aber
875 2239 2579 2315 auch die Wissenschaft hat dem Idealismus den Rücken gekehrt; durch die Er¬
887 2310 2586 2365 gebnisse der Forschung war dieser bald überholt. Das hängt vor allem zusammen
886 2350 2573 2418 mit dem ungeheuren Aufschwung der Naturwissenschaften, der sich in dem Ge¬
875 2409 2582 2481 samtcharakter der Wissenschaft ausprägte. Schellings und Hegels Naturforschung
887 2478 2580 2539 erwies sich bald als vollständig unzureichend, naiv. Man geht nun von Vor¬
877 2539 2575 2606 aussetzungen aus, welche die idealistische Betrachtung beiseite schob. Es wird
892 2610 2577 2664 ein entgegengesetzter Weg eingeschlagen als früher. War es bei den idealistischen
883 2644 2579 2725 Philosophen eine ausgemachte Sache, daß alles das, was man unter Natur
878 2721 2578 2785 zusammenfaßt, der Ausfluß des Geistes sei, so schaltete man jetzt diesen als
879 2759 2586 2829 Prinzip alles Seins vollständig aus und suchte die Dinge aus ihrer stofflichen
885 2837 2591 2893 Art zu verstehen und zu erklären. Diese Methode ist nicht neu, wurde aber
893 2898 2593 2955 noch nie mit einer solchen Folgerichtigkeit durchgeführt. Die Ergebnisse waren
890 2950 2586 3012 überraschend. Man vergegenwärtige sich nur, welchen ungeheuren Aufschwung
892 3016 2590 3072 die einzelnen Zweige der Naturwissenschaft, wie Chemie, Botanik, Zoologie,
890 3070 2586 3134 Astronomie, Mechanik, Anatomie, Physiologie, Biologie, Elektrizität u. dgl. m.
885 3118 2596 3191 in den letzten Jahrzehnten genommen haben. Die Gründlichkeit der deutschen
882 3181 2592 3244 Forschung hat einen hervorragenden Anteil daran. Welch' ungeheuren Ein¬
889 3234 2594 3320 fluß diese Forschungsergebnisse auf die verschiedensten Gebiete menschlichen
884 3294 2594 3372 Schaffens ausgeübt haben, braucht nicht erst im einzelnen ausgeführt zu werden.
990 3351 2598 3417 Die Naturwissenschaft begnügt sich nicht damit, Einzeldinge zu untersuchen
891 3434 2601 3493 und ihren gesetzmäßigen Verlauf festzustellen; sie baut eine Weltanschauung
897 3472 2605 3547 auf nach Prinzipien, die dem Idealismus gerade entgegengesetzt sind. Robert
896 3529 2593 3604 Mayer und Helmholtz haben durch das Gesetz von der Erhaltung der Energie
891 3591 2589 3665 die Naturkräfte, Karl Darwin durch die Abstammungslehre die Lebens¬
888 3659 2601 3730 vorgänge mechanisiert. Man geht nun darauf aus, das gesamte Universum
882 3718 2610 3798 naturgesetzlich zu erklären, alles Geschehen auf mechanische, beziehungsweise
