<?xml version="1.0" encoding="UTF-8" standalone="yes"?>
<PcGts xmlns="http://schema.primaresearch.org/PAGE/gts/pagecontent/2013-07-15" xmlns:xsi="http://www.w3.org/2001/XMLSchema-instance" xsi:schemaLocation="http://schema.primaresearch.org/PAGE/gts/pagecontent/2013-07-15 http://schema.primaresearch.org/PAGE/gts/pagecontent/2013-07-15/pagecontent.xsd">
    <Metadata>
        <Creator>prov=University of Rostock/Institute of Mathematics/CITlab/Gundram Leifert/gundram.leifert@uni-rostock.de:name=ONB_Newseye_GT_M1+(htr_id=10810)::::v=2.4.2
prov=University of Rostock/Institute of Mathematics/CITlab/Tobias Gruening/tobias.gruening@uni-rostock.de:name=de.uros.citlab.module.baseline2polygon.B2PSeamMultiOriented:v=2.4.2
prov=University of Rostock/Institute of Mathematics/CITlab/Tobias Gruening/tobias.gruening@uni-rostock.de:name=/mnt/transkribus/LA/DEA/URO/LA_news_onb_att.pb:de.uros.citlab.segmentation.CITlab_LA_ML:v=2.4.2
Transkribus</Creator>
        <Created>2019-10-07T15:15:02.571+02:00</Created>
        <LastChange>2019-10-09T03:45:44.242+02:00</LastChange>
        <TranskribusMetadata docId="224203" pageId="9514888" pageNr="6" tsid="16620338" status="IN_PROGRESS" userId="40391" imgUrl="https://files.transkribus.eu/Get?id=AYPNYERISDOVBJYQFCFAHQFT&amp;fileType=view" xmlUrl="https://files.transkribus.eu/Get?id=GKFSOSNSYVYGGPEVKPQLKSOD" imageId="6203122"/>
    </Metadata>
    <Page imageFilename="224203_0006.jpeg" imageWidth="3436" imageHeight="4256">
        <ReadingOrder>
            <OrderedGroup id="ro_1711443722836" caption="Regions reading order">
                <RegionRefIndexed index="0" regionRef="r1"/>
                <RegionRefIndexed index="1" regionRef="r2"/>
                <RegionRefIndexed index="2" regionRef="r3"/>
            </OrderedGroup>
        </ReadingOrder>
        <TextRegion orientation="0.0" id="r1" custom="readingOrder {index:0;}">
            <Coords points="210,234 210,406 531,406 531,234"/>
            <TextLine id="r1l1" custom="readingOrder {index:0;}">
                <Coords points="198,352 281,364 318,345 357,376 451,367 478,384 502,373 540,379 546,299 467,298 400,278 332,308 282,313 242,278 203,278"/>
                <Baseline points="210,334 236,338 263,340 290,344 317,347 343,349 370,352 397,354 424,355 450,356 477,356 504,355 531,352"/>
                <TextEquiv>
                    <Unicode>1. Pamx</Unicode>
                </TextEquiv>
            </TextLine>
            <TextEquiv>
                <Unicode>1. Pamx</Unicode>
            </TextEquiv>
        </TextRegion>
        <TextRegion orientation="0.0" id="r2" custom="readingOrder {index:1;}">
            <Coords points="545,312 545,3713 2300,3713 2300,312"/>
            <TextLine id="r2l1" custom="readingOrder {index:0;}">
                <Coords points="1553,369 1589,372 1608,355 1633,370 1674,352 1706,370 1734,351 1853,371 1909,345 1974,359 2004,353 2005,311 1963,288 1933,298 1917,281 1880,297 1801,283 1749,324 1661,284 1629,302 1597,280 1554,296"/>
                <Baseline points="1564,339 1589,339 1614,339 1639,340 1664,341 1690,341 1715,342 1740,343 1765,344 1791,344 1816,345 1841,346 1866,346 1892,347 1917,347 1942,347 1967,346 1993,346"/>
                <TextEquiv>
                    <Unicode>box 36/4</Unicode>
                </TextEquiv>
            </TextLine>
            <TextLine id="r2l2" custom="readingOrder {index:1;}">
                <Coords points="535,371 1365,380 1388,376 1389,304 1295,286 1272,306 1193,271 1146,301 935,287 874,329 746,284 535,298"/>
                <Baseline points="545,343 586,344 628,344 670,345 711,346 753,347 795,348 836,350 878,351 920,352 962,353 1003,354 1045,354 1087,354 1128,354 1170,353 1212,351 1253,349 1295,346 1337,343 1379,339"/>
                <TextEquiv>
                    <Unicode>hlets Offprints</Unicode>
                </TextEquiv>
            </TextLine>
            <TextLine id="r2l3" custom="readingOrder {index:2;}">
                <Coords points="1268,914 1310,910 1327,921 1387,898 1410,916 1483,917 1547,894 1636,915 1637,870 1562,848 1418,861 1365,841 1328,855 1269,854"/>
                <Baseline points="1278,887 1304,887 1331,888 1358,888 1384,889 1411,889 1438,889 1464,890 1491,890 1518,890 1544,891 1571,891 1598,892 1625,893"/>
                <TextEquiv>
                    <Unicode>Bühne und Welt.</Unicode>
                </TextEquiv>
            </TextLine>
            <TextLine id="r2l4" custom="readingOrder {index:3;}">
                <Coords points="600,881 612,882 640,904 663,895 682,906 706,903 719,890 736,888 737,831 726,831 718,824 690,838 681,834 668,840 645,827 626,842 600,843"/>
                <Baseline points="610,891 638,889 667,889 695,890 724,893"/>
                <TextEquiv>
                    <Unicode>560</Unicode>
                </TextEquiv>
            </TextLine>
            <TextLine id="r2l5" custom="readingOrder {index:4;}">
                <Coords points="588,1002 2291,1011 2083,949 589,947"/>
                <Baseline points="599,989 683,991 767,994 851,996 935,997 1019,999 1103,1000 1187,1001 1271,1002 1355,1003 1439,1003 1523,1004 1607,1004 1691,1005 1775,1005 1859,1006 1943,1006 2027,1007 2111,1008 2195,1008 2280,1009"/>
                <TextEquiv>
                    <Unicode>des Wiener Wesens her. Stwas Kindliches, ein rasches Auftauchen und Versiegen</Unicode>
                </TextEquiv>
            </TextLine>
            <TextLine id="r2l6" custom="readingOrder {index:5;}">
                <Coords points="599,1069 2298,1060 2234,1017 599,1009"/>
                <Baseline points="609,1046 692,1049 776,1051 860,1053 944,1054 1028,1056 1112,1057 1195,1057 1279,1058 1363,1058 1447,1059 1531,1059 1615,1059 1699,1059 1782,1060 1866,1060 1950,1060 2034,1061 2118,1061 2202,1062 2286,1063"/>
                <TextEquiv>
                    <Unicode>der Freude wie des Schmerzes. Dazu auch eine feinere und verschwimmendere Art</Unicode>
                </TextEquiv>
            </TextLine>
            <TextLine id="r2l7" custom="readingOrder {index:6;}">
                <Coords points="599,1115 2300,1116 2147,1066 599,1071"/>
                <Baseline points="610,1101 694,1103 778,1105 862,1107 946,1108 1030,1109 1114,1110 1198,1111 1282,1112 1366,1112 1450,1113 1534,1113 1618,1113 1702,1113 1786,1113 1870,1114 1954,1114 2038,1114 2122,1114 2206,1115 2290,1115"/>
                <TextEquiv>
                    <Unicode>in der Aneignung des Frohen und Traurigen: der Genießende und Leidende ist nicht</Unicode>
                </TextEquiv>
            </TextLine>
            <TextLine id="r2l8" custom="readingOrder {index:7;}">
                <Coords points="598,1160 2303,1175 2172,1127 599,1116"/>
                <Baseline points="609,1158 693,1159 777,1160 861,1161 945,1162 1029,1163 1113,1164 1198,1165 1282,1166 1366,1166 1450,1167 1534,1167 1618,1168 1702,1168 1787,1169 1871,1169 1955,1169 2039,1170 2123,1170 2207,1170 2292,1171"/>
                <TextEquiv>
                    <Unicode>bloß und nicht einmal in erster Linie mit dem Unmittelbaren, sozusagen mit dem</Unicode>
                </TextEquiv>
            </TextLine>
            <TextLine id="r2l9" custom="readingOrder {index:8;}">
                <Coords points="598,1227 2305,1232 2207,1176 598,1159"/>
                <Baseline points="609,1209 693,1210 777,1212 861,1213 946,1214 1030,1216 1114,1217 1198,1218 1283,1219 1367,1220 1451,1220 1535,1221 1620,1222 1704,1222 1788,1223 1872,1223 1957,1224 2041,1224 2125,1224 2209,1224 2294,1225"/>
                <TextEquiv>
                    <Unicode>Körperlichen seiner Schmerzen und Freuden beschäftigt; ein kaum greifbar darüber</Unicode>
                </TextEquiv>
            </TextLine>
            <TextLine id="r2l10" custom="readingOrder {index:9;}">
                <Coords points="591,1261 2032,1284 2005,1235 591,1227"/>
                <Baseline points="601,1264 672,1265 743,1267 814,1268 885,1269 956,1271 1027,1272 1098,1273 1169,1274 1240,1275 1311,1276 1382,1276 1453,1277 1524,1278 1595,1278 1666,1279 1737,1280 1808,1281 1879,1281 1950,1282 2021,1283"/>
                <TextEquiv>
                    <Unicode>Schwebendes, ein Hauch, eine Farbe, nehmen ihn fast mehr in Anspruch</Unicode>
                </TextEquiv>
            </TextLine>
            <TextLine id="r2l11" custom="readingOrder {index:10;}">
                <Coords points="2027,1284 2084,1278 2106,1289 2118,1280 2131,1291 2204,1283 2261,1290 2284,1277 2301,1284 2302,1239 2257,1247 2236,1234 2193,1240 2176,1232 2159,1244 2095,1229 2078,1240 2065,1233 2027,1239"/>
                <Baseline points="2037,1281 2062,1277 2087,1274 2113,1273 2138,1273 2164,1274 2189,1275 2214,1277 2240,1277 2265,1278 2291,1277"/>
                <TextEquiv>
                    <Unicode>— die Stim¬</Unicode>
                </TextEquiv>
            </TextLine>
            <TextLine id="r2l12" custom="readingOrder {index:11;}">
                <Coords points="587,1321 2311,1339 2086,1278 587,1297"/>
                <Baseline points="598,1323 683,1324 768,1324 853,1325 938,1326 1023,1326 1108,1327 1193,1328 1278,1329 1363,1330 1449,1330 1534,1331 1619,1332 1704,1333 1789,1334 1874,1334 1959,1335 2044,1335 2129,1336 2214,1336 2300,1336"/>
                <TextEquiv>
                    <Unicode>mung der Dinge beeinflußt ihn beinahe stärker als die Dinge selber. Stimmung,</Unicode>
                </TextEquiv>
            </TextLine>
            <TextLine id="r2l13" custom="readingOrder {index:12;}">
                <Coords points="1590,3046 1622,3051 1678,3021 1722,3039 1748,3022 1837,3031 1933,3021 1958,3037 1993,3024 1993,2984 1970,2988 1948,2970 1867,2995 1806,2978 1784,2990 1770,2977 1740,2990 1693,2977 1591,2982"/>
                <Baseline points="1600,3015 1625,3013 1650,3013 1676,3012 1701,3012 1727,3013 1752,3013 1778,3014 1803,3014 1829,3015 1854,3015 1880,3016 1905,3016 1931,3016 1956,3015 1982,3014"/>
                <TextEquiv>
                    <Unicode>Phot. F. X. Setzer, Wien.</Unicode>
                </TextEquiv>
            </TextLine>
            <TextLine id="r2l14" custom="readingOrder {index:13;}">
                <Coords points="826,3078 1920,3105 2077,3089 2078,3051 826,3023"/>
                <Baseline points="837,3073 898,3073 960,3073 1021,3073 1083,3073 1144,3073 1206,3074 1267,3074 1329,3075 1390,3076 1452,3077 1513,3078 1575,3079 1636,3080 1698,3080 1759,3081 1821,3082 1882,3082 1944,3083 2005,3083 2067,3083"/>
                <TextEquiv>
                    <Unicode>Hlfred Gerasch in der Titelrolle von Arthur Schnihlers Drama „Der junge Mebardus“</Unicode>
                </TextEquiv>
            </TextLine>
            <TextLine id="r2l15" custom="readingOrder {index:14;}">
                <Coords points="1139,3142 1265,3152 1378,3122 1448,3146 1778,3127 1778,3106 1723,3088 1140,3087"/>
                <Baseline points="1150,3114 1180,3114 1211,3113 1242,3113 1273,3113 1304,3113 1335,3113 1366,3113 1397,3113 1428,3113 1459,3114 1489,3114 1520,3114 1551,3115 1582,3116 1613,3117 1644,3118 1675,3118 1706,3120 1737,3121 1768,3122"/>
                <TextEquiv>
                    <Unicode>(Uraufführung am k. k. Burgtheater, Wien)</Unicode>
                </TextEquiv>
            </TextLine>
            <TextLine id="r2l16" custom="readingOrder {index:15;}">
                <Coords points="581,3199 2245,3231 2269,3174 581,3154"/>
                <Baseline points="591,3207 674,3207 757,3206 841,3206 924,3206 1007,3206 1091,3207 1174,3207 1257,3208 1341,3208 1424,3209 1507,3209 1591,3210 1674,3211 1757,3211 1841,3212 1924,3213 2007,3213 2091,3213 2174,3214 2258,3214"/>
                <TextEquiv>
                    <Unicode>ein Hauptingredienz der neueren österreichischen Dichter, der Empfindungshauch etwa,</Unicode>
                </TextEquiv>
            </TextLine>
            <TextLine id="r2l17" custom="readingOrder {index:16;}">
                <Coords points="581,3266 2278,3286 2278,3225 2144,3219 581,3229"/>
                <Baseline points="591,3256 674,3257 758,3258 842,3259 926,3259 1009,3260 1093,3261 1177,3261 1261,3262 1344,3263 1428,3263 1512,3264 1596,3265 1679,3265 1763,3266 1847,3266 1931,3267 2014,3267 2098,3267 2182,3268 2266,3268"/>
                <TextEquiv>
                    <Unicode>der, feineren Organen kenntlich, über den groben Ereignissen und Zuständen, Trieben</Unicode>
                </TextEquiv>
            </TextLine>
            <TextLine id="r2l18" custom="readingOrder {index:17;}">
                <Coords points="584,3323 2281,3317 2245,3276 585,3278"/>
                <Baseline points="595,3317 678,3315 762,3314 846,3314 930,3313 1013,3313 1097,3314 1181,3314 1265,3315 1348,3315 1432,3316 1516,3317 1600,3318 1683,3319 1767,3320 1851,3321 1935,3322 2018,3322 2102,3323 2186,3323 2270,3324"/>
                <TextEquiv>
                    <Unicode>und Gedanken schwebt — Stimmung verschönt und verschleiert, sänftigt und — ent¬</Unicode>
                </TextEquiv>
            </TextLine>
            <TextLine id="r2l19" custom="readingOrder {index:18;}">
                <Coords points="581,3373 1586,3372 1369,3326 581,3337"/>
                <Baseline points="592,3366 641,3366 690,3366 739,3366 788,3366 838,3366 887,3366 936,3367 985,3367 1034,3367 1084,3367 1133,3367 1182,3367 1231,3368 1280,3368 1330,3368 1379,3369 1428,3369 1477,3370 1526,3371 1576,3372"/>
                <TextEquiv>
                    <Unicode>nervt gelegentlich die Schnitzlerschen Werke ...</Unicode>
                </TextEquiv>
            </TextLine>
            <TextLine id="r2l20" custom="readingOrder {index:19;}">
                <Coords points="691,3413 2266,3427 1989,3369 691,3383"/>
                <Baseline points="702,3419 779,3420 857,3421 935,3422 1012,3423 1090,3424 1168,3425 1245,3426 1323,3426 1401,3427 1479,3428 1556,3428 1634,3429 1712,3429 1789,3429 1867,3430 1945,3430 2022,3430 2100,3430 2178,3430 2256,3430"/>
                <TextEquiv>
                    <Unicode>Und nun war es eben für Schnitzlers literarische Abstempelung so fast ver¬</Unicode>
                </TextEquiv>
            </TextLine>
            <TextLine id="r2l21" custom="readingOrder {index:20;}">
                <Coords points="576,3482 2237,3502 2278,3421 576,3448"/>
                <Baseline points="588,3472 671,3474 755,3475 839,3475 923,3476 1007,3476 1091,3477 1175,3477 1259,3477 1343,3478 1427,3478 1510,3478 1594,3478 1678,3479 1762,3479 1846,3480 1930,3481 2014,3481 2098,3482 2182,3484 2266,3485"/>
                <TextEquiv>
                    <Unicode>hängnisvoll, daß sein Erstlingswerk gerade von diesem dritten Grundzug seines Wesens,</Unicode>
                </TextEquiv>
            </TextLine>
            <TextLine id="r2l22" custom="readingOrder {index:21;}">
                <Coords points="580,3544 2117,3561 2288,3501 580,3493"/>
                <Baseline points="590,3523 674,3525 758,3526 842,3528 927,3530 1011,3531 1095,3532 1180,3533 1264,3534 1348,3534 1433,3535 1517,3535 1601,3536 1685,3536 1770,3536 1854,3536 1938,3536 2023,3536 2107,3536 2191,3536 2276,3536"/>
                <TextEquiv>
                    <Unicode>dem weichen wienerischen, dem die Tragik verdeckenden, am entschiedensten beherrscht</Unicode>
                </TextEquiv>
            </TextLine>
            <TextLine id="r2l23" custom="readingOrder {index:22;}">
                <Coords points="584,3610 2287,3591 2043,3543 584,3548"/>
                <Baseline points="594,3580 678,3582 762,3584 846,3586 930,3587 1014,3588 1098,3588 1182,3589 1266,3589 1350,3589 1435,3589 1519,3589 1603,3589 1687,3589 1771,3588 1855,3588 1939,3588 2023,3588 2107,3588 2191,3588 2276,3589"/>
                <TextEquiv>
                    <Unicode>wurde, daß er sich in seiner „Anatol“=Suite als wehmütig lächelnder Stimmungs¬</Unicode>
                </TextEquiv>
            </TextLine>
            <TextLine id="r2l24" custom="readingOrder {index:23;}">
                <Coords points="586,3643 2282,3666 2283,3617 586,3611"/>
                <Baseline points="597,3639 680,3639 764,3639 848,3640 932,3640 1015,3640 1099,3640 1183,3641 1267,3641 1350,3641 1434,3641 1518,3642 1602,3642 1685,3642 1769,3643 1853,3643 1937,3644 2020,3644 2104,3645 2188,3645 2272,3646"/>
                <TextEquiv>
                    <Unicode>mensch, als spöttischer Beiseitedränger des Tragischen zeigte und nur erst gelegentlich</Unicode>
                </TextEquiv>
            </TextLine>
            <TextLine id="r2l25" custom="readingOrder {index:24;}">
                <Coords points="573,3702 2279,3712 2238,3654 574,3658"/>
                <Baseline points="584,3693 668,3693 752,3693 836,3693 920,3694 1005,3694 1089,3694 1173,3694 1257,3695 1341,3695 1426,3695 1510,3696 1594,3696 1678,3697 1762,3697 1847,3698 1931,3698 2015,3699 2099,3699 2183,3699 2268,3700"/>
                <TextEquiv>
                    <Unicode>die eigentliche tragische Zerrissenheit, das Traurig=Schwere, aber doch auch wahrhaf</Unicode>
                </TextEquiv>
            </TextLine>
            <TextEquiv>
                <Unicode>box 36/4
hlets Offprints
Bühne und Welt.
560
des Wiener Wesens her. Stwas Kindliches, ein rasches Auftauchen und Versiegen
der Freude wie des Schmerzes. Dazu auch eine feinere und verschwimmendere Art
in der Aneignung des Frohen und Traurigen: der Genießende und Leidende ist nicht
bloß und nicht einmal in erster Linie mit dem Unmittelbaren, sozusagen mit dem
Körperlichen seiner Schmerzen und Freuden beschäftigt; ein kaum greifbar darüber
Schwebendes, ein Hauch, eine Farbe, nehmen ihn fast mehr in Anspruch
— die Stim¬
mung der Dinge beeinflußt ihn beinahe stärker als die Dinge selber. Stimmung,
Phot. F. X. Setzer, Wien.
Hlfred Gerasch in der Titelrolle von Arthur Schnihlers Drama „Der junge Mebardus“
(Uraufführung am k. k. Burgtheater, Wien)
ein Hauptingredienz der neueren österreichischen Dichter, der Empfindungshauch etwa,
der, feineren Organen kenntlich, über den groben Ereignissen und Zuständen, Trieben
und Gedanken schwebt — Stimmung verschönt und verschleiert, sänftigt und — ent¬
nervt gelegentlich die Schnitzlerschen Werke ...
Und nun war es eben für Schnitzlers literarische Abstempelung so fast ver¬
hängnisvoll, daß sein Erstlingswerk gerade von diesem dritten Grundzug seines Wesens,
dem weichen wienerischen, dem die Tragik verdeckenden, am entschiedensten beherrscht
wurde, daß er sich in seiner „Anatol“=Suite als wehmütig lächelnder Stimmungs¬
mensch, als spöttischer Beiseitedränger des Tragischen zeigte und nur erst gelegentlich
die eigentliche tragische Zerrissenheit, das Traurig=Schwere, aber doch auch wahrhaf</Unicode>
            </TextEquiv>
        </TextRegion>
        <TextRegion orientation="0.0" id="r3" custom="readingOrder {index:2;}">
            <Coords points="2967,1017 2967,1388 3369,1388 3369,1017"/>
            <TextLine id="r3l1" custom="readingOrder {index:0;}">
                <Coords points="2960,1049 3132,1061 3320,1051 3368,1070 3371,1002 3330,1011 3225,972 3192,992 3135,984 3068,1010 2962,974"/>
                <Baseline points="2971,1040 2996,1040 3022,1041 3048,1042 3074,1043 3100,1044 3125,1046 3151,1047 3177,1048 3203,1050 3229,1050 3254,1051 3280,1051 3306,1050 3332,1049 3358,1047"/>
                <TextEquiv>
                    <Unicode>Bedeutende seiner</Unicode>
                </TextEquiv>
            </TextLine>
            <TextLine id="r3l2" custom="readingOrder {index:1;}">
                <Coords points="2969,1120 3005,1105 3037,1120 3189,1101 3374,1116 3374,1044 3342,1058 3257,1053 3244,1066 3225,1053 3072,1055 3053,1072 3008,1061 2970,1073"/>
                <Baseline points="2979,1096 3004,1095 3030,1095 3056,1095 3081,1095 3107,1096 3133,1096 3158,1097 3184,1098 3210,1098 3235,1099 3261,1099 3287,1099 3312,1099 3338,1098 3364,1097"/>
                <TextEquiv>
                    <Unicode>wenigsten Verständ</Unicode>
                </TextEquiv>
            </TextLine>
            <TextLine id="r3l3" custom="readingOrder {index:2;}">
                <Coords points="2966,1152 3173,1171 3241,1158 3271,1175 3292,1156 3320,1166 3343,1156 3379,1173 3379,1115 3328,1103 3268,1117 3219,1100 3151,1120 3132,1107 3109,1122 3007,1107 2966,1116"/>
                <Baseline points="2977,1148 3003,1150 3029,1151 3055,1153 3081,1154 3107,1155 3133,1156 3159,1156 3186,1156 3212,1156 3238,1155 3264,1154 3290,1153 3316,1151 3342,1150 3369,1147"/>
                <TextEquiv>
                    <Unicode>die französische 6</Unicode>
                </TextEquiv>
            </TextLine>
            <TextLine id="r3l4" custom="readingOrder {index:3;}">
                <Coords points="2958,1192 3012,1223 3135,1219 3154,1229 3254,1214 3331,1227 3331,1173 3297,1186 3218,1163 3173,1176 3148,1161 3109,1170 3065,1155 3026,1174 2958,1153"/>
                <Baseline points="2969,1206 2994,1207 3019,1207 3044,1207 3069,1207 3094,1208 3119,1208 3145,1207 3170,1207 3195,1207 3220,1207 3245,1207 3270,1206 3295,1206 3321,1205"/>
                <TextEquiv>
                    <Unicode>ironischen Töne.</Unicode>
                </TextEquiv>
            </TextLine>
            <TextLine id="r3l5" custom="readingOrder {index:4;}">
                <Coords points="2958,1276 3343,1269 3366,1256 3366,1215 3323,1227 3206,1222 3189,1235 3131,1218 2957,1222"/>
                <Baseline points="2969,1262 2994,1262 3020,1261 3046,1261 3071,1260 3097,1260 3123,1260 3149,1259 3174,1259 3200,1259 3226,1258 3252,1258 3277,1258 3303,1258 3329,1258 3355,1257"/>
                <TextEquiv>
                    <Unicode>schiedssouper“ und</Unicode>
                </TextEquiv>
            </TextLine>
            <TextLine id="r3l6" custom="readingOrder {index:5;}">
                <Coords points="2961,1330 2991,1319 3029,1338 3053,1323 3132,1336 3153,1323 3200,1336 3236,1321 3287,1333 3368,1327 3368,1274 3353,1269 3323,1289 3238,1267 3140,1278 3085,1266 2961,1289"/>
                <Baseline points="2971,1314 2996,1314 3022,1314 3048,1315 3074,1315 3100,1315 3125,1315 3151,1316 3177,1316 3203,1316 3229,1315 3254,1315 3280,1315 3306,1314 3332,1313 3358,1312"/>
                <TextEquiv>
                    <Unicode>reichischen Maupa</Unicode>
                </TextEquiv>
            </TextLine>
            <TextLine id="r3l7" custom="readingOrder {index:6;}">
                <Coords points="2957,1374 2996,1370 3051,1395 3081,1374 3170,1393 3243,1376 3281,1387 3302,1372 3323,1383 3355,1376 3355,1329 3315,1323 3255,1344 3153,1323 3074,1338 3053,1323 3036,1338 2998,1325 2957,1340"/>
                <Baseline points="2967,1375 2992,1375 3017,1375 3042,1375 3067,1375 3093,1375 3118,1375 3143,1376 3168,1376 3193,1376 3219,1376 3244,1376 3269,1376 3294,1375 3319,1374 3345,1373"/>
                <TextEquiv>
                    <Unicode>dazu beigetragen</Unicode>
                </TextEquiv>
            </TextLine>
            <TextEquiv>
                <Unicode>Bedeutende seiner
wenigsten Verständ
die französische 6
ironischen Töne.
schiedssouper“ und
reichischen Maupa
dazu beigetragen</Unicode>
            </TextEquiv>
        </TextRegion>
    </Page>
</PcGts>
