3436 4352
2114 186 2294 259 —
1527 246 1975 353 box 36/4
174 252 1363 366 1. Panphlets, Offprints
1381 826 1748 908 Bühne und Welt.
2271 833 2399 919 567
708 941 2397 1007 rausch zu bergen scheint. Sodann erhöhte er noch diesen Taumel durch sein bestes
716 995 2409 1057 Rauschmittel, den Tod. Mit erdrückender Uebermacht zieht der Borgia gegen Bologna
710 1053 2410 1106 heran, morgen wird er Sieger sein und Nächer und Henker. So wollen denn alle
716 1108 2416 1152 den letzten Tag genießen und tun es in Haß und Liebe, mit all der Starknervigkeit,
721 1170 2408 1231 die man den Renaissancemenschen nachsagt. Schnitzler hat in dem breiten, aber nie
716 1222 2413 1283 zerfließenden, immer bewegten, immer vorwärts drängenden Nebenbei und Rund¬
716 1273 2414 1324 herum der Handlung eine unerhörte Glut und Wildheit entfaltet und ihr im musi¬
711 1319 2413 1383 kalischen Ders wahrhaft edle Sprache verliehen. In dieses lebenstolle Gewimmel
719 1387 2406 1439 stellt nun der Dichter zwei gegensätzliche Männer, den Grübler und Dichter Filippo
715 1434 2411 1499 und den Herzog und Kriegsmann Lionardo, und zwischen beide die lieblichste Rätsel,
719 1477 2423 1549 gestalt, die kindlich verträumte Beatrice, die den Dichter liebt und doch in ihren
720 1538 2407 1591 Träumen sich zu dem Tatmenschen hingezogen fühlt. Filippo geht an der Genuß¬
719 1598 2404 1657 unfähigkeit, an dem Schwanken seines zerrissenen Wesens zugrunde und reißt die
721 1648 2404 1704 Geliebte, die er selber zum Treubruch drängte, in sein Verderben hinein; der Herzog,
712 1703 2416 1764 nach tragischem Erleben dem sicheren Schlachtentod entgegenschreitend, fühlt sich
712 1752 2422 1805 dennoch nicht als Sterbender, ist imstande, die Schönheit der letzten Lebensstunden
714 1802 2409 1873 völlig zu genießen, da er immer nur an der Intensität des Daseins gehangen hat.
832 1869 2416 1931 Die gleiche künstlerische Dollendung hat Schnitzler im zeitfernen Spiel mehrfach
709 1918 2398 1975 das gleiche Umfassen weder vor= noch nachher erreicht. Im „Schleier der Beatrice“
709 1969 2411 2035 hat er sein ersehntes Ich, den Tatmenschen, gerade so trefflich gezeichnet, wie sein
719 2017 2404 2085 tatsächliches, den Grübler. Ueberall anders ist doch dies tatsächliche, dies zerrissene
715 2072 2415 2132 Ich besser fortgekommen. Freilich erhöhte Schnitzler im „Paracelsus“, wo er dem
714 2125 2403 2199 eigentlichen Tatmenschen Cpprian eine töricht plumpe Rolle zuwies, den schwan¬
713 2183 2409 2240 kenden Grübler derart, daß doch fast ein Tatmensch aus ihm wurde. Denn Para¬
715 2251 2407 2302 celsus, der nicht nur in sich unsicher, sondern zugleich überzeugt ist von der Un¬
716 2279 2408 2347 sicherheit alles Bestehenden, von dem ewigen Schwanken der Grenze zwischen
719 2345 2410 2412 Wahn und Wahrheit, Traum und Wachen, zieht die praktischen Folgerungen
713 2403 2417 2456 aus dieser Kenntnis; er nimmt bewußten Einfluß auf das Fühlen der andern und
719 2448 2406 2509 wird so selber zum Handelnden. Aber auch hier erweist sich doch schließlich die
723 2509 2404 2570 Macht des Elementes stärker als der Feuerwerker selber; Paracelsus steht der
723 2557 2410 2616 hypnotisierten Justina staunend gegenüber und weiß nicht, ob sie eingeimpfte Lüge
725 2617 2422 2671 oder Wahrheit spricht. So ist das anmutige Stück — denn anmutig bleibt es trotz
725 2662 2404 2725 aller gedanklichen Beschwerung — eigentlich weniger ein Drama als ein Experimental¬
717 2720 2406 2775 kolleg der Ofrhologie, in dem der Dortragende bei einem beklommenen: „Ich weiß,
720 2776 1309 2836 daß ich nichts weiß“, endet.
840 2827 2394 2896 Es ist, als trete man zur Anwendung und Nachprüfung das im „Daracelsus“
719 2882 2406 2945 Gelernten aus dem Hörsaal und Laboratorium ins Leben selber, wenn man die mit
715 2946 2402 3003 dem „Paracelsus“ gleichzeitig veröffentlichte, grandiose Groteske, den „Grünen Kakadu“,
719 2989 2397 3058 betrachtet. Hier rückte der Dichter eng an die Gegenwart heran, bis zu ihrem Tor
721 3057 2408 3113 gewissermaßen, denn das Stück spielt am 14. Juli 1789, dem Tage des Bastillen¬
714 3095 2418 3141 sturms. Im „Grünen Kakadu“ einer Schenke, verkehrt der beste Pariser Adel mit
724 3150 2411 3208 Dorliebe; er kann dort, ermüdet von feinen Genüssen, schärfere Sensationen ge¬
727 3203 2403 3260 fahrlos auskosten. Denn in dieser Spelunke trifft man allerhand Gesindel, das sich
728 3256 2406 3320 seiner Diebs= und sonstigen Taten rühmt. Die Verbrecher aber sind in Wahrheit
726 3321 2405 3380 Schauspieler und nur die Dirnen sind echt. Doch auch sonst mischt sich viel Wahr¬
723 3376 2417 3433 heit in das tolle Spiel. Wenn die Leute unter dem Schutz ihrer Rolle das adlige
723 3415 2415 3484 Dublikum beschimpfen, so geben sie ihrer Herzensmeinung Ausdruck, wenn sie von
717 3474 2417 3550 Einbruch und Mord fabulieren, so gestalten sie ihre Sehnsucht. Und gerade an
718 3535 2409 3598 dem von Schnitzler mit Meisterhand geschilderten Abend mischen sich Spiel und
723 3589 2418 3643 Wahrheit unlöslich. Die edle Marquise findet sich so völlig in die Dirnenatmosphäre
729 3635 2422 3712 der Schenke, daß der unerfahrene Chevalier gar nicht mehr weiß, ob die Dame
