3436 4320
2076 154 2314 228 —
1509 216 1981 319 box 36/4
172 208 1362 301 1. Pamphlets, offprints
739 760 890 849 566
1442 767 1774 857 Bühne und Welt.
740 878 2440 974 als ein Wort. Es klingt ins Leere. Sie sind mir fremder geworden, seit ich es
744 944 912 1020 weiß.“
916 975 2455 1033 Und Doktor Reumann, der sanfte Altruist, schilt seine Güte, die ihn an
745 1023 2460 1084 allem kräftigen Lebensgenuß hindert, einmal einen „Temperamentsmangel" und
756 1062 2388 1137 meint: „Die Sehnsucht, die am tiefsten in mir steckt, ist die, ein Schurke zu sein.“
858 1115 2449 1179 Will man dem erschütternden Drama eine Schwäche nachsagen, so weist dieses
751 1166 2457 1241 Wort des Doktors darauf hin. Es ist immer von solchen skrupellosen Tat= und
749 1222 2444 1303 Genußmenschen die Rede, ohne daß man sie eigentlich zu Gesicht bekommt. Denn
751 1288 2450 1349 Fichtners und Salas unbedenkliches Genießen liegt ja weit zurück, und beide Männer
750 1327 2452 1404 sind nunmehr derart in Reflexionen eingesponnen, daß man gelegentlich Mühe hat,
749 1393 2450 1451 an ihre frühere Skrupellosigkeit zu glauben. Für diese Schwäche aber ist Schnitzler
756 1448 2451 1498 nur zum Teil verantwortlich. Im wesentlichen nämlich hemmt ihn die Zeit seiner
757 1504 2444 1553 Handlung, die Gegenwart. Hier ist für nicht reflektierendes, unbedenkliches Tun
754 1555 2456 1624 wenig Raum, und der Dichter, der sich den Raum dafür erzwingt, gerät in Gefahr,
745 1592 2445 1668 ein Schauerstück zu schreiben. Und gerade Schnitzler, der Zerfaserer aller Gefühle,
745 1657 2451 1714 kann keine ungebrochenen Tatmenschen in sder Gegenwart sehen. Stellt er sie doch
753 1709 2453 1767 einmal hier hmein, so tut er sich selbst Gewalt an, und der Erfolg ist dann ein so
753 1758 1896 1823 verfehlt gewaltsames Stück wie „Der Ruf des Lebens“.
856 1811 2431 1891 Aber es gibt ja für den Dichter auch andere Formen zur Gestaltung seines
745 1880 2455 1931 Sehnens. Er kann der Gegenwart ins Zeitferne, der äußerlichen Wirklichkeit ins
752 1937 2446 1999 Spiel und Märchen entfliehen. Das hat Schnitzler mehrfach getan, und ich glaube
747 1982 2451 2055 auf diese dem Staube entrückten Dichtungen wird sich sein Ruhm dauernder stützen
752 2050 2448 2111 als auf die Gegenwartsstücke. Zweierlei scheint mir jene Spiele emporzuheben.
747 2096 2448 2169 Einmal blieb ihnen fern, was im Tag und Tagesinteresse an Vergänglichem steckt,
753 2143 2438 2206 was also auf die Dauer im Gegenwartsstück notwendig zu Ballast werden muß, und
752 2191 2437 2264 dabei werden sie doch gewissermaßen von dem tiefsten Atem der Gegenwart be¬
750 2248 2441 2313 seelt; denn das leidenschaftliche Verlangen nach höchstem Lebensgenuß, das Zerren
752 2315 2442 2377 an Rätselschleiern der Seele und der Natur, das qualvolle Schwanken den letzten
751 2375 2455 2433 Fragen gegenüber — diese Dreiheit haben Schnitzlers Spiele und die Gegenwart
753 2414 2440 2474 gemein. Und sodann ermöglicht eben die Zeitentrücktheit dem Dichter sozusagen ein
752 2466 2447 2526 lauteres, zuversichtlicheres Sprechen, ein kraftvolleres, größeres und so dramatischeres
750 2528 2439 2591 Gestalten seines tatsächlichen und seines ersehnten Ichs. Um dies zu erkennen, ver¬
747 2576 2436 2636 gleiche man einmal den Einakter „Die Frau mit dem Dolch“, den Gegenwartsstücken,
741 2634 2428 2705 die an dieselben Probleme rühren. Wie sehr wägt Schnitzler im „Einsamen Weg“
750 2678 2443 2743 das Recht des Künstlers zweifelnd ab, und mit welcher Selbstverständlichkeit läßt er
742 2733 2442 2805 seinen Remigio im furchtbarsten Erleben zum Dinsel greifen; wie sehr müssen im
742 2795 2446 2862 „Zwischenspiel“ sich die Gatten zerquälen, weil ihr sinnliches Begehren nicht immer
752 2848 2447 2908 mit der Neigung ihres Herzens und Geistes in Einklang zu bringen ist, und wie
747 2897 2445 2967 ruhig und sicher lebt Haola nach dem Satze: „Zusammen wach sein, das allein be¬
741 2953 2439 3012 deutet.“ So stark und gerade vermag der Dichter allein im freien Ohantasiespiel
742 3004 2442 3076 die Menschen zu gestalten, deren einer zu sein, bisweilen sein höchstes Sehnen ist.
737 3065 2443 3124 Aber auch die Zerrissenheit, die Unsicherheit seines eigenen Wesens kann im
743 3115 2442 3199 gegenwartentrückten Spiel bedeutend kräftigere Gestaltung erfahren als in den
749 3166 1710 3232 modernen, sozusagen kulturgehemmten Stücken.
861 3204 2449 3300 So malte Schnitzler diese beiden Charaktere, den sicheren Tatmenschen und den
747 3281 2442 3336 lebenssehnsüchtigen Grübler am vollkommensten in dem Ohantasiespiel „Der Schleier
744 3337 2431 3396 der Beatrice“. Ich halte diese Tragödie für das schönste Werk, das Schnitzler bisher
746 3385 2443 3437 gelungen ist, ich weiß nur ganz wenige dramatische Dichtungen des letzten Aenschen¬
739 3434 2438 3509 alters, die sich mit dieser an Tiefe und Schönheit messen können, und es ist mir un¬
739 3495 2442 3548 begreiflich, warum gerade dieses Meisterwerk auf den Bühnen nicht so recht heimisch
746 3547 2448 3602 geworden ist. Schnitzler wählte für seine Dichtung die Renaissancezeit, weil diese
750 3595 2448 3677 Epoche den modernen Menschen eine besondere Lebensfülle, den gewaltigsten Lebens¬
2388 4038 2570 4122 S
