3436 4352
2120 239 2340 316 —
1542 299 2005 394 box 36/4
186 293 1378 400 1. Panphlets, offprints
1152 688 1820 819 Ob. G 24.
2000 704 2100 819 2
1448 823 1751 924 SSSO S 0#%
1739 856 1809 941 %
1389 855 1456 958 85
769 967 1378 1084 g 6 O 6 6 6 S O O  8 6 0 00008%
1768 1061 1879 1179 8
1528 1119 1673 1202 .
1118 1150 1266 1218 S
2039 1162 2081 1217 1
1066 1197 1161 1291 80
1539 1185 1656 1265 2
997 1143 1074 1269 —
1848 1208 2073 1283 76 0
2037 1238 2184 1327 § #
1933 1312 2140 1391 F
1061 1302 1890 1397 Ss
853 1587 2343 1705 Deutsche Dramatiker der Gegenwart.
1553 1686 1657 1762 IV.
1236 1756 1967 1866 Artbur Schnitzler.
1347 1842 1847 1921 Don Dictor Ulemperer.
887 1884 2441 1992 n diesem Winter hat man Gelegenheit, Schnitzlers Erstling und sein zuletzt
860 1976 2453 2047 erschienenes Werk auf der Bühne zu sehen. Die „Anatol“Suite ist an
753 2031 2453 2089 mehreren Orten heimisch geworden, an den „Jungen Medardus“ hat sich
749 2080 2451 2159 bislang nur das Burgtheater gewagt. Dem flüchtigen Blick wird sich kein noch so leiser
751 2135 2444 2209 Zusammenhang zwischen diesen beiden Dichtungen offenbaren. Dort die verliebten
756 2191 2446 2248 Spiele eines jungen Mannes, der sich einzig um die allzu sorgsam betrachteten Re¬
746 2245 2448 2311 gungen der eigenen Persönlichkeit bekümmert, hier ein gewaltiges Historiengemälde,
755 2299 2440 2363 in dem die Bedeutung des Einzelnen dem Allgemeinen gegenüber einzuschrumpfen
756 2363 2445 2424 scheint. Blickt man aber tiefer, so wird man bei allen Verschiedenheiten dennoch
746 2415 2448 2474 mehr und mehr eine große, innerliche Verwandtschaft zwischen Anatol und Medardus
752 2473 2450 2539 gewahren, wird sie als Kinder des gleichen, dichterischen Schöpfers erkennen. Nur
751 2516 2446 2585 freilich: der den „Anatol“ schuf, war ein Jüngling, dessen ganzes Lebenssehnen noch
745 2578 2438 2626 ins Erotische mündete, und fast zwei Jahrzehnte des Reifens, der Entwickelung in
747 2624 2447 2688 rastloser Arbeit mußten folgen, ehe der „Medardus“ werden konnte. Nun scheint
756 2684 2435 2729 mir auch dieses durchaus nicht schlackenfreie Werk keineswegs die letzte, für Arthur
748 2734 2435 2808 Schnitzler erreichbare Höhe zu bedeuten, vielmehr nur eine Etappe. Aber der bisher
737 2787 2445 2842 zurückgelegte Weg ist doch ein so großartiger, daß sich die Mühe eines zusammen¬
753 2841 1687 2901 fassenden Ueberblicks gewiß vollauf verlohnt.
865 2902 2435 2969 Auch zwischen den Erfolgen der großen Dichter waltet so etwas wie eine aus¬
749 2952 2442 3016 gleichende Gerechtigkeit. Der eine muß lange um seine Anerkennung ringen; aber
746 3011 2435 3081 wird sie ihm endlich zuteil, so ist sie auch eine gerechte, insofern sie sein ganzes
748 3066 2435 3131 Schaffen bewertet und das reifste Werk nun auch am höchsten stellt. Den andern
738 3119 2445 3187 macht sogleich sein Erstling berühmt; doch nun ist er zum mindesten für die große
741 3152 2430 3236 Aenge ein für allemal abgestempelt, und wächst er auch noch so hoch über jene
740 3227 2432 3287 Anfangsleistung hinaus, so bleibt er doch im Geist und Munde der vielen etwa der
738 3287 2438 3345 Dichter von „Waldmeisters Brautfahrt“ oder — des „Anatol“. Es hatte für mich
740 3335 2434 3396 etwas Tragikomisches, als ich in einer privaten Unterhaltung Arthur Schnitzler mit
738 3383 2427 3436 einiger Entrüstung sagen hörte, er habe es reichlich satt, sich den „Dichter des süßen
736 3440 2437 3488 Mädels“ nennen zu hören, und es seien doch wenigstens einige Zweifel daran
747 3491 2428 3558 erlaubt, daß das Erotische sein stärkstes und nun gar sein einziges Thema sei.
736 3541 2432 3592 Gewiß gibt es keine ungerechtere pars-pro-toto =Satzung, als wenn man Schnitzlers
737 3593 2428 3656 Schaffen derart umgrenzt, und gewiß wird sich diese Ungerechtigkeit niemals ausrotten
746 3639 2443 3705 lassen, weil eben sein junger Ruhm auf den „Anatol“ und die diesen Szenen sozusagen
749 3703 2445 3777 benachbarte „Liebelei“ gegründet ist. Und weiter, weil die vielen diese beiden
737 3758 2441 3829 Arbeiten nur einseitig schätzen und also unterschätzen, weil sie in ihnen nur die
1795 4130 2001 4230 ar
2246 4218 2330 4255 S
