3344 4352
1903 147 2406 224 —
1280 154 1364 219 —
1481 225 1944 311 box 36/3
235 235 1347 332 Panphletsofforints
651 807 2337 857 LEELEEEEBEYSZESZ2 Dramatische Rundschau. Kusgkkekkkaere 155
647 896 1491 957 diabolischen Art, mit der er die Ertappten be¬
650 951 1498 1001 handelt; dem literarischen Feinschmecker soll aber
642 993 1500 1051 auch sein Bissen werden: für ihn ist das blutende
643 1036 1503 1086 Herz, die schmerzlich stöhnende Seele da, die sich
640 1087 1496 1144 hinter dem lachenden Antlitz verbergen. Ich
646 1136 1498 1180 gehe wohl nicht fehl, wenn ich diesen melancho¬
643 1167 1498 1227 lisch=tragischen Einschlag auf Lothars Rechnung
655 1213 1491 1268 setze, der ja in seinem „König Harlekin“ ein
637 1258 1500 1318 ähnliches Motiv mit freilich weit ernsterer Kunst
638 1303 1495 1358 bis in seine letzten tragischen Konsequenzen ver¬
645 1342 1492 1390 folgt hat. An solchen schielenden Halbheiten leidet
638 1389 1503 1431 das Stück auch sonst keinen Mangel. Selbst die
646 1427 1498 1488 Mischung von bald witziger, balb doktrinärer
637 1478 1497 1518 Redseligkeit mit bald kecker, bald abgefeimter
640 1524 1493 1577 Theatermache, das eigentliche Charaktermal dieses
649 1568 1485 1607 französisch=wienerischen Wechselbalgs, deutet auf
649 1608 1503 1666 den Zwiespalt hin, aus dem Geist und Geschmack
636 1649 1498 1711 der Verfasser nur einen Verlegenheitsausweg ge¬
640 1698 1498 1742 funden haben. Brauch' ich da noch nachzuholen,
645 1743 1497 1789 daß das Schicksal im dritten Akt an Mariani
649 1788 1493 1826 Vergeltung übt? Da geht auch er unter die
652 1829 1498 1887 „große Gemeinde“ und baut seiner Frau mit
649 1873 1485 1925 eigener Hand die Brücke zu dem, der vom an¬
639 1920 1485 1966 deren Ufer schon die Arme nach ihr ausstreckt.
646 1961 1486 2024 Das Stück wird seinen Weg machen, wenn nicht
637 2005 1486 2052 dank seiner eigentlichen Handlung, so der lustigen
638 2053 1498 2099 oder satirischen Episodenfiguren wegen, unter
638 2094 1491 2142 denen ein vom Schmock zum Minister avancierter
650 2127 2326 2187 schäbiger Desperado, von Max Grube wirkungs= Wilhelm Diegelmann als Sir Toby Rülps. (Nach
644 2180 2328 2222 voll gespielt, und ein seine Heiratsanträge selbst der Aufführung von „Was ihr wollt“ im Deutschen
1478 2208 2324 2270 Theater aufgenommen von Hugo L. held in Char¬
647 2224 1383 2265 besorgender Backfisch die glücklichsten sind.
1789 2248 2019 2303 lottenburg.)
2248 2236 2330 2313 1
1484 2248 1567 2315 □
689 2267 1477 2327 Einer der Verfasser dieses Lustspiels, Rudolf
643 2311 1481 2357 Lothar, offenbar der intelligentere von beiden,
1494 2291 2329 2370 gewiß allerliebst und entzückend, all die vielen
650 2349 1481 2414 hat sich kürzlich über die Psychologie unseres
1500 2357 2325 2408 blonden, braunen und schwarzen Mädchen, die
650 2394 1477 2453 Theaterpublikums hören lassen und dabei die
1493 2400 2331 2450 erwartungsvoll im Theatersaale sitzen; aber ist
649 2436 1485 2502 Erfahrung zum besten gegeben, in der Premiere
1495 2439 2332 2497 sich der deutsche Dramatiker auch bewußt, daß
644 2488 1490 2550 der Reichshauptstadt entscheide der Mann, in der
1492 2490 2324 2547 diese deutschen Frauen und Jungfrauen das eigent¬
652 2531 1482 2585 Provinz aber spiele die Frau im Parkett die
1495 2532 2324 2584 liche Theaterpublikum bilden, daß sie es sind,
1497 2568 2330 2625 für die er schafft, von denen er leben soll? Manche
653 2572 1486 2617 Hauptrolle. Was sucht denn, fragt er, der Mann
640 2616 1482 2676 im Theater? „Er will Neues erleben, anderes
1485 2618 2325 2678 Autoren sind sich dessen allerdings besser bewußt,
650 2657 1480 2719 erleben, als der stumpfe Alltag ihm bietet, er
1492 2666 2324 2720 als der Großstädter es ahnt. Denken Sie doch
646 2700 1488 2755 will einen Sturm der Affekte mitmachen, sich
1494 2706 2331 2755 nur einmal an die großen Massenerfolge der letz¬
645 2747 1489 2791 von Leidenschaften emportragen lassen, in der
1490 2749 2324 2810 ten Jahre, z. B. an „Alt=Heidelberg“ und „Hu¬
644 2794 1479 2837 Debatte sozialer Fragen stehen und mitreden,
1495 2793 2332 2851 sarenfieber“. Deutsche Frauen und Jungfrauen
651 2835 1483 2883 er will Erschütterungen erleiden, mitfühlend die
1493 2838 2322 2896 haben diese Erfolge gemacht. Studenten und
1489 2883 1668 2935 Husaren -
643 2881 1481 2938 Taten des Helden begehen.“ Ganz andere An¬
1659 2880 2329 2961 — ja, ja, wovon die jungen Mädchen
1494 2917 1685 2982 träumen!“
651 2925 1482 2984 regungen und Erregungen verlange dagegen die
1526 2940 2330 3023 In dieser halb ironischen Galanterie, die im
651 2970 1485 3018 Frau. Für sie sei die Bühne der ideale Schau¬
652 3017 1478 3069 platz uneingestandener Träume, unbewußten Seh¬
1484 3009 2328 3060 Grunde des Herzens — wovon auch das Lo¬
1500 3058 2321 3110 tharsche Lustspiel zeugt — mehr den Jungge¬
648 3058 1484 3116 nens. Sie gehe mit ihrem Herzen ins Theater,
644 3098 1482 3148 und das Herz bestimme ihr Urteil. Auch wenn
1495 3097 2333 3154 sellen schmeichelt, steckt ein gutes Stück Wahr¬
1494 3144 2331 3189 heit. Wir stehen jetzt in einer geradezu tropisch
640 3140 1484 3198 sie sich noch so modern dünkt, die Bühne bleibt
644 3185 1486 3240 für sie immer der Schauplatz der Herzensdramen
1496 3187 2338 3235 üppigen Nachblüte des „Husarenfiebers“. Alle
646 3236 1475 3282 und Liebesprobleme. So verteilt sie denn auch
1495 3225 2325 3292 Waffengattungen des deutschen Heeres sind auf
651 3274 1485 3333 ihre Sympathien und Antipathien ganz anders
1493 3272 2331 3322 unseren Bühnen vertreten, und immer ist es die
647 3321 1476 3376 als der Mann. „Die deutsche Provinz und ihr
1494 3318 2330 3362 Ulanka, die Attila, der Küraß, wenn die Ver¬
1497 3361 2320 3414 fasser sehr bescheiden sind, auch mal der Über¬
648 3362 1492 3413 Verhältnis zur deutschen Bühne, das gäbe ein
644 3413 2326 3446 kleines Kapitel zur modernen Literaturgeschichte. rock oder die Litewka des Infanteristen, die die
646 3439 2326 3505 Man könnte ihm noch den Untertitel geben: Triumphe feiern. Ich könnte aus dem Spiel¬
649 3486 2329 3549 Wovon die jungen Mädchen träumen. Sie sind plan der Berliner Bühnen drei, vier solcher neuer
1962 3546 2077 3610 30*
