3344 4352
1495 231 1950 334 box 36/3
272 252 1344 336 Panphlets#Offhrints
1305 784 1579 894 E
667 815 872 942 S#
873 764 1073 957 N
1204 844 1261 947 7
1262 866 2236 972 GG
1072 912 1233 972 K S
1071 1001 1148 1067 S
1176 1000 1299 1074 C
1399 1030 1484 1112 G
961 1119 1897 1214 Dramatische Rundschau
972 1193 1883 1263 G SS Von Dr. Friedrich Düsel ##c
986 1254 1893 1312 „Was ihr wollt“ im Deutschen Theater. „Diel Lärm vm nichts“
985 1292 1887 1340 im Königlichen Schauspielhause zu Berlin „Der letzte Kunke“
974 1327 1896 1379 von Blumenthal u. Radelburg — „Die große Gemeinde“ von
979 1357 1879 1412 Lothar u. Lipschütz — Von der Psychologie unseres Theaterpubli¬
982 1397 1891 1430 kums — Militärstücke — „Vom anderen User“ von Jeli: Salten —
702 1398 885 1494 S lo6
971 1433 1894 1490 Zwei Toten zum Gedächtnis: Karl Häußer und Georg Engels
2197 1433 2236 1486 0
617 1499 2263 1590 MuMMlluechSeuun
838 1593 2262 1687 Iie dramatische Unfruchtbarkeit der zunächst den innersten Kern, das geistige Erdreich
865 1656 2260 1704 Zeit hat auch ihre versöhnlichen und die poetische Atmosphäre der Dichtung auf¬
720 1686 2267 1772 1 Seiten. Zumal die eine Tatsache, zuspüren sucht, um ihr erst von hier aus und
639 1716 2258 1811 [1  daß die Klassiker jetzt wieder einen in stetem Einklang mit diesen beiden Wesentlich¬
876 1788 2259 1861 so breiten Raum auf unseren keiten etwa neue Belebungs= und Verjüngungs¬
871 1835 2262 1906 Bühnen einnehmen dürfen, wollen mittel zu finden. Die Seele dieses „Was ihr
609 1859 867 1944 (2069
869 1873 2272 1923 wir ihr ins Verdienstbuch schrei= wollt“ dessen dichterische Werte wir im übrigen
842 1921 2269 1974 Aben. Denn seien wir ehrlich: nicht unterschätzen wollen, ist seine pflanzenhaft
596 1971 1427 2022 Würden unsere Direktoren halb so viel Lust und
1421 1977 2268 2026 naive Heiterkeit und Sorglosigkeit, offenbart ein¬
597 2010 1422 2066 Zeit finden, ihre Shakespere, Schiller, Kleist, Grill¬
1434 2021 2270 2078 mal in dem lyrisch=musikalischen Element, das
589 2051 1428 2103 parzer und Hebbel zu pflegen, wenn der Ansturm
1483 2061 2255 2125 bei Reinhardt mit den Fäden Humperdiuck¬
594 2101 2266 2143 unserer Gegenwartsdramatit nur um die Hälfte scher Musit = sein seines Gespinst durch die
591 2134 2263 2204 stärker wäre? Die Pietät ist so oft eine Tochter ganzen fünf Akte webt, zum anderen in der
597 2184 2270 2251 der Not — am häufigsten auf der Bühne. Tiese saftig sinnlichen Fastnachtslustigkeit, von der na¬
587 2229 2270 2297 mageren Jahre müßten nun, sollte man denken, mentlich die Szenen zwischen Sir Toby Rülps
593 2266 2260 2339 eine ausgesucht sette Weide für unsere Hofthea= und Junker Christoph von Bleichenwang, dem
580 2315 2250 2368 #ter werden, die ja fast alle über reiche Ausstat= Narren, Fabian und Mary überquellen. Er¬
595 2359 2267 2425 tungs= und Darstellungsmittel versügen und sich kannt und gepflegt waren beide Elemente, recht
589 2416 2263 2479 einer alten, festgegründeten Tradition erfreuen. zur Entsaltung gebracht freilich nur das der sich
592 2442 2260 2499 Aber bei Lichte besehen, hat die Sache doch ihren austobenden Fastnachtskomit. Hans Waß¬
595 2492 2275 2549 Haken. Auch die Klassiker bleiben nicht ewig die mann als flachshaariger, schläfrig=melancholischer
586 2540 2274 2587 alten, auch für sie gilt es, aus dem Geiste jeder Bleichenwang neben Wilhelm Diegelmanns
600 2581 2263 2628 neuen Zeit heraus gleichsam einen neuen Stil breitbeinig plumper Saufansbehaglichkeit (Rülps),
585 2618 2265 2681 zu finden, sollen sie als Brüder unserer Tage zu dazu noch Hedwig Wangels urgesundes, ker¬
588 2675 2257 2717 uns sprechen. Selbst Shakespere, ihr Größter, ist niges Lachen — das wirft auch den griesgrä¬
590 2699 2273 2761 von diesem Gesetz nicht entbunden. In ihm so migsten Hypochonder schließlich auf die lachende
582 2751 2260 2805 gut wie in jedem anderen ist das Wandelbare, Seite. Dieses Trio stellte selbst den Malvolio
586 2790 2266 2852 das Wandelfähige das Ewige. Ein toter Stein, (Rudolf Schildkraut) in den Schatten, der sonst
586 2828 2260 2892 aus dem jede neue Zeit nicht neue Funken zu doch in „Was ihr wollt“ den Ausschlag zu
586 2876 2260 2939 schlagen vermag! Und wo die Reg'e und Schau geben pflegt. — Ein übel angebrachter Sport
597 2930 2259 2994 spielkunst dieses Stirb und Werde nicht hat, ist war es, der genauen Szenenfolge des Originals
595 2968 1393 3027 sie jedem Klassizismus nur ein halber Diener.
1423 2983 2256 3038 zuliebe das Prinzip der offenen Verwandlung auf
625 3017 1418 3072 Das ist es ja, worin Reinhardts eigentliches
1430 3025 2269 3066 die Drehbüne zu übertragen und die leeren
577 3055 1410 3116 Verdienst besteht, und weshalb wir ihm immer
1433 3063 2252 3107 Bühnenausschnitte, die dabei am Auge des Zu¬
583 3104 1422 3147 wieder, trotz mancher Gesuchtheiten und gelegent¬
1425 3104 2265 3166 schauers vorüberwandeln, mit Intermezzi der
587 3146 1403 3191 licher Versündigungen gegen Natur und Schlicht¬
1415 3156 2260 3221 heiteren Handlung (Malvolio bei der Toilette,
583 3194 1412 3247 heit, den Kranz der Regiekunst zuerkennen müs¬
1415 3199 2262 3248 die Junter beim Punschbrauen usw.) zu füllen.
588 3232 2262 3295 sen. Seine neueste Shatespereaufführung, die des Das zwingt das Auge zu Intimitäten mit den
581 3278 2270 3323 Lustspiels „Was ihr wollt“ im Deutschen Eingeweiden eines verwickelten Mechanismus, die
574 3311 2273 3376 Theater war keineswes hervorragend, aber auch auf die Dauer peinlich wirken, zumal wenn die
577 3371 2263 3415 sie ließ doch wieder erkennen, wie sorgsam man gesuchten Übergänge manchmal widerwillig stocken.
