3392 4384
1176 316 1676 404 box 35/11
150 318 1031 428 14. Little Novels
2114 876 2642 1047 4. #2
800 1010 934 1065 XIV
1378 997 2090 1078 THE BOOKMAN
1740 1109 2652 1172 profound an analyst of human motives and pas¬
790 1115 1720 1181 the reasons given for following certain proce¬
1744 1165 2654 1219 sions, as all these stories show. Mr. Eric Sut¬
793 1176 1712 1227 dures; and finally, the results achieved, whether
805 1216 1217 1282 failures or successes.
1741 1228 2652 1269 ton is to be congratulated upon his fransia¬
834 1266 1722 1335 This is a book which should be equally valua¬
1742 1268 2688 1343 tion, Which faithfully keeps tothe spiritof the
807 1323 1708 1389 ble to the novice and the expert, presenting defi¬
1741 1332 1969 1398 Original.
802 1383 1713 1421 nite results on which advertising executives can
800 1419 1716 1490 build, instead of having to rely on theory, con¬
1734 1430 2662 1503 THE GALAXY by Susan Ertz (ApPurroN.
797 1474 1425 1542 jecture and personal judgment.
1739 1489 1880 1555 52.50)
1732 1558 2661 1618 Miss Earz’s admirers will rejoice that she has
793 1583 1711 1640 BOOKBINDING by William F. Matthens
1743 1621 2655 1680 broken the silence of two years and brought
807 1633 1148 1709 (purrov. 82.75)
1735 1670 2656 1734 them a book which will certamly add to her
797 1712 1718 1759 As A soukck of information for style and exact¬
1745 1723 2661 1789 already inftnense popularity. The Galury is the
803 1760 1713 1818 ness, this manual is exceptionally well laid out.
1750 1767 2667 1852 life story pf Laura Deveréll, from her crefnped
809 1814 1712 1860 The art of binding from the carly ages down
1737 1836 2665 1907 and emypon-fgrvell clfldoo iroug phe
807 1862 1720 1913 to the present day is discussed and explained
1750 1871 2668 1941 disillusihheoler Mat inge h 6##
797 1911 1717 1966 with unusual clarity. All the actual details of
1736 1934 2657 1990 and paibf of her ftcond love. The scene is laid
807 1974 1711 2029 the several methods are shown. A most practical
1733 1982 2651 2043 in London, and in addition to the brilliant
806 2016 1322 2083 handbook for the student.
1741 2030 2661 2094 psychological study of Laura, the author has
1733 2091 2657 2137 given us a no less brilliant panorama of the
804 2105 1724 2171 SOME NOTES ON BOOKBINDING 5)
1746 2141 2667 2188 Victorian, Edwardian and Georgian eras, with
803 2175 1497 2248 Douglas Cockerell (oxronp. 52.50)
1732 2188 2662 2254 their changing manners and customs. There is
1739 2238 2656 2306 disappointment and tragedy in the book, but
793 2246 1711 2316 A CoMPLETE résumé of the bookbinding art,
1743 2289 2659 2335 Miss Ertz sounds a notc of courage through¬
805 2305 1712 2350 from the old days when books were bound by
1746 2335 2373 2409 out. Her style is a sheer delight.
808 2357 1718 2410 hand to present-day quantity-production meth¬
808 2404 1718 2469 ods. Aside from an accurate description of the
1746 2453 2638 2515 SPLENDOR OF GOD by Honoré Willsie Mor¬
812 2458 1712 2514 various processes now used, there are several
1743 2502 2172 2575 row (Mokkow. 92.50)
803 2509 1719 2556 chapters devoted to the manufacturing of paper,
793 2558 1718 2626 paper sizes, and notes on the judging and valu¬
1743 2579 2650 2633 ADONIRAM YunsoN, the first Baptist missionary
792 2612 1546 2676 ing of bindings by a master craftsman.
1727 2652 2651 2701 to go to Burma, arrived in Rangoon with his
1723 2704 2653 2757 lovely young bride a century ago, with hope
1722 2739 2653 2803 high and great faith in his mission. Mrs. Mor¬
783 2771 1033 2848 Fiction
1732 2789 2663 2854 row writes herc of their spiritual and physical
1731 2843 2652 2907 hardships during their years there, describing a
1738 2891 2654 2947 good deal of Buddhist philosophy as well as the
798 2883 1733 2974 LITTLE NOVELS hy Arthur Sehnitaler (SI-
1735 2954 2647 3009 Christian teachings. In this absorbing book she
795 2931 1279 3027 MoN & SCHUSTER. 52.so)
1731 3000 2644 3060 has made a far more profound character study
796 3020 1718 3094 IN THis collection of fen short stories, dealing
1747 3050 2654 3102 than that of Lincoln in With Malice Toward
800 3084 1710 3129 with Austrian life at the end of last century,
1734 3096 1877 3150 None.
792 3121 1726 3204 we have Schnitzler tharst fantasisand
796 3182 1703 3248 dramatist. He is at his best in creating unusual
1736 3210 2678 3276 PLUS AND MINUS by Franz Harper (covier##
802 3230 1714 3300 situations which devclop amsdist an atmosphere
1736 3257 2030 3322 FRIEDE. 52.50)
796 3277 1710 3353 heavily charged with potentialities. An exam¬
806 3354 1710 3394 ple, taken at random from the collection, is
1731 3330 2654 3425 Tuis German post-expressionistic novel of a
805 3383 841 3425 77
824 3385 1714 3441 The Death of a Bachelor.' A bachelor dies and
1746 3389 2654 3441 super-sophisticated European set has all the
791 3438 1709 3496 round his bed threc of his friends read a let¬
1736 3442 2658 3504 vividness and unrcality of a drcam. It is hilled
804 3488 1709 3551 ter left for them by the dead man. He has
1736 3494 2657 3553 with things that would bring joy to the heart
794 3540 1718 3606 informed them that he has seduced the wife of
1735 3545 2662 3603 of a movie director—automobiles with concealed
790 3593 1711 3646 each. The average short-story writer might have
1740 3594 2658 3659 beds, supper tables all laid, factories turning out
792 3646 1710 3703 allowed such a theme to degenerate into mere
1733 3645 2658 3697 mechanical men at the rate of thirty a day. But
1938 3696 2441 3761 (CÖNTINUED ON PAGE XX)
797 3706 1714 3764 sensationalism, but not so Schnitzler. He is too
