3436 4352
2187 194 3076 281 Kansas City Journal-Post
1659 303 3077 479 rom the Book World
190 313 1673 494 nment and Reviewsf.
2296 512 3070 587 apart from the rest of the volume, Carlo,
1015 526 1221 593 POET.
1499 530 2010 623 Sophisticated
185 536 493 621 Cityan's
2306 572 3071 618 an Italian peasant boy, accidentally
2297 592 3084 659 blinded his brother Geronimo with his
1507 592 1995 691 Romantics by
2292 642 3073 692 airgun when both were small, and ever
2304 686 3084 732 afterward devoted his life to this un¬
1505 659 1871 739 Schnitzler
183 666 484 749 Telling
2299 719 3084 771 fortunate. When their father’s little farm
1559 723 2297 781 Err NovErS -Arnee
178 732 736 799 FORY TELLER AND HIS
2306 748 3084 809 failed and the two were cast out upon
1528 777 2282 833 Schnitzler (Simon and Schusterp 82.50.
191 780 732 837 Prof. Clifford H. Nowlin
2305 803 3079 844 the world, Carlo was eyes and staff to
1771 821 2039 866 Reviewed br
2306 830 3073 878 Geronimo as they journeyed from village
1685 844 2147 923 BABETTE DuurSCH.
2309 863 3087 918 to village with their guitar, in search of
185 861 729 929 parents and educaotrs who
2302 912 2820 959 bed and bread and wine.
170 910 730 968 rough experience the magie
1603 906 2286 969 OST of the ten stories that make un
2404 922 3076 986 passing tourist’s ill natured jest
176 948 734 1006 lling and who have wished
1522 930 2291 1003 Withis little bock very clearly date.“
1188 902 1340 1013 2000
2310 984 3077 1026 rouses in Geronimo the skulking suspi¬
173 985 737 1043 geans of enriching their Story
1530 995 2286 1036 It is not only because of the style of the
2314 1018 3085 1057 cion that Carlo has been cheating him
171 1016 734 1084 y as well as their materinl,
1527 1026 2296 1075 ladies coiffures, nor get the fact that
2304 1056 3084 1110 of the cein bestowed on beth, and in bis
179 1061 556 1112 book has appeared.
1523 1074 2288 1111 they drive tothe ball in carrlages rather
2302 1093 3076 1140 utter despair Carlo does actually steal a
180 1090 716 1152 -Teller and His Pack,“ br
1534 1101 2292 1150 than motors. Nor is it owing to the lead¬
2301 1141 3076 1182 twenty-frane piece and pretends to his
192 1133 742 1191 Nowlin, principal of East
1532 1136 2290 1185 ing themes: the frailty of women, the
2303 1163 3087 1218 brother that he had withheld it earlier
192 1171 733 1223 is a treasure mine rich in
1523 1175 2293 1225 headlong passion of men¬themes which
2304 1203 3085 1254 in order to keep Geronimo from drinking
181 1219 735 1265 terial. Its theme is the story,
1535 1215 2297 1257 were a commonplace when Cleopatra
2315 1245 3087 1296 it away. The two are soon apprehended,
179 1253 725 1294 S psychology, its power of en¬
1531 1263 2296 1307 flourished and a familiar jest to Poti¬
2308 1281 3090 1322 and on the way to the station house
185 1286 727 1333 its myriad possibilities in the
1536 1282 2297 1342 phar’s servants. These tales date be¬
2306 1319 3092 1367 Carlo's misery renched its acutest, stage.
182 1333 722 1371 character and ideals in chil¬
1532 1339 2303 1383 cause of the viewpoint that is implicit
2306 1359 3093 1402 Geronimo, he imagines, is now thinking.
171 1354 722 1405 ock covers storg telling from
1537 1369 2295 1412 in them and that seems somehow as re¬
2312 1394 3090 1445 him a common thief, though the idea of
175 1400 730 1465 hood, up through high school
1538 1401 2300 1444 mote as the waltzes of Strauss, the warm¬
2302 1430 3081 1481 ritling the pockets of strangers is scarce¬
189 1431 735 1490 even to the time ofthe puli¬
1537 1442 2298 1504 skinned luscious models of Stuck, the
2318 1473 3096 1520 Iy as nasty as the thought that Carlo
194 1466 736 1521 and his use of aneedoles.
1531 1471 2229 1528 fabulous gayety of pre-war Vienna.
784 1490 1509 1532 George 0’Neil, whose new book of
2312 1500 3094 1554 has robbed his blind brother, It will be
179 1513 729 1557 an elastic handbook of story
1560 1508 2294 1561 To deseribe the viewpoint in two words
753 1531 1518 1578 verse," God Beguiled,“ has been published
2314 1547 3088 1587 impossible to explain the theft to the
174 1550 732 1603 ned to help the average per¬
1534 1549 2301 1608 would be to call it sophisticated roman¬
752 1572 1318 1640 recently by Horace Liveright.
2316 1571 3091 1620 magistrate: its actual motivation is too
172 1594 721 1638 me proficient in storg telling.
1536 1584 2299 1643 tieism. Sex is the guiding force in iiie
2317 1608 3093 1661 plausible. Just when Carlo’s wretched¬
177 1631 733 1671 that Mr. Nowlin is a Kansas
1533 1629 2296 1684 lives of the qutte trivial people with
2318 1659 3087 1708 ness seems as impenetrably black as the
169 1671 733 1714 And a prinelpal of one of ouf
1534 1661 2303 1709 whom the story-teiler concerns himself,
747 1655 1523 1710 of tale telling from the ancient fables,
2312 1689 3088 1731 darkness in which Geronimo walks the
177 1696 726 1745 Is. makes his book a bright
1531 1700 2296 1750 but though they commit murder and
737 1702 1524 1754 Chroughthe maze of modern fables, par¬
2316 1734 3086 1778 blind man drops the guitar, stretches out
177 1735 737 1803 eed in Kansas Citg'’s literarg
1537 1739 2295 1791 shoot themselves because one woman is
744 1738 1520 1800 ables, allegories, mpths, fairg tales,
2318 1769 3089 1810 his arms and kisses Carlo on the mouth.
1529 1782 2305 1833 more faseinating or one man more at¬
743 1781 1519 1835 household tales, epic stories, biograph¬
2313 1798 3092 1855 That moment sets back the clock for
165 1787 728 1869 d experience has guided Nr.
1537 1811 2297 1859 tractive than another, the thing that
752 1818 1517 1883 ical tales, animal lore and short stories
2313 1830 3089 1900 poor Carlo; the world becomes a place
185 1853 734 1897 the preparation of his ex¬
1536 1855 2294 1907 drivesthem lacks the terrible signifi¬
742 1863 1158 1916 of the modern day.
2317 1886 3095 1928 in which, jail or no zail, blind beggar or
172 1885 739 1940 rthwhile book. His persona!
1540 1893 2300 1942 cance that it has for a writer like D. H.
781 1885 1519 1935 In all of these phazes of tale telling.
2306 1915 3093 1966 no such thing, one can live with courage
192 1922 736 1977 classroom story telling has
1537 1930 2301 1969 Lawrence, and one feels that all these
746 1915 1517 1971 the author traces the origin of each, its
2318 1958 3096 2009 and contentment. His brother is re¬
165 1961 733 2004 sive and he has also done
1538 1965 2305 2019 bullets and all this blood are like the
759 1970 1522 2018 various classification and characteristics.
2312 1989 3094 2046 stored to him, his lifelong sacrifice rec¬
172 2002 732 2052 f work as entértainer in story
1537 1999 2308 2049 cigarettes that used to be manufactured
753 2009 1520 2059 as well as when, why and where such
2313 2027 3086 2081 ompensed, his peace made whole. In
165 2041 729 2090 before audiences of youne
1528 2051 2310 2099 for ladies—disguised by a faint flavor of
755 2049 1151 2107 stories are suitable.
2316 2072 3094 2116 spite of the fact that Geronimo’s thought
171 2074 732 2119 achers, newsboys, high school
1545 2081 2290 2140 violets. There is nothing here of ele¬
797 2079 1523 2130 Speaking of fairy tales, he says,"In
2319 2106 3093 2159 processes are not made as clear as is
170 2110 735 2155 iers and prisoners. He is, in
1536 2109 2157 2181 mental furg, of animal urgency.
758 2119 1516 2180 the geography of enildhood there is no
2324 2135 3099 2184 desirable, the tale is a lovely fabrication,
176 2150 738 2205 orn story teller and that he
755 2156 1525 2207 brighter spot than fairy land. This
2320 2174 3081 2227 deeply moving and full of vigor and ten¬
163 2179 743 2245 te the sort of book he has
1573 2171 2305 2239 Not that the stories are lacking in the
756 2192 1518 2248 realm of lightsome elves and fairies, of
2322 2215 3103 2265 derness. It is the one story in the book¬
166 2220 549 2288 tural consequence.
1538 2219 2308 2285 sarlonic qualitg which one has come lo
753 2241 1524 2281 horrible goblins and trolls, was discov¬
2322 2256 3079 2306 that deals with common folk, and, cu¬
1528 2269 2301 2332 associate with Schnitzler, but his is a
751 2274 1522 2322 ered during the early life of the race.
2322 2280 3090 2345 riously enough, the author makes them
164 2275 739 2346 Elin's first introduction to#the
1540 2311 2296 2364 smiling cynicism, an irony strangely
752 2305 1523 2354 Instead of it being the most frivilous of
2322 2317 3096 2382 more credible and certainly much more
168 2343 732 2390 ory telling wan at his mother's
1535 2344 2298 2403 blunted by urbanity. No final ugliness
755 2337 1526 2400 fancies, tlie fairy tale is one of the most
2313 2363 3089 2414 touching figures than any of his passion¬
161 2371 739 2431 natural field for the earlg de¬
1534 2371 2304 2436 quite cancels the glamour that he cannot
752 2380 1527 2435 earnest products of the mind of man;
2326 2404 3084 2461 ridden barons, sculptors and barristers.
171 2412 744 2470 of a love of storg telling, he
1541 2417 2295 2470 refrain from casting uponthe most
745 2421 1514 2466 the love of the fairg storg is onc of the
2328 2439 3094 2488 Howener seductive the world in which
177 2450 737 2501 much of the material he ab¬
1543 2450 2298 2503 fragile relation between a pair of casual
759 2457 1512 2499 most significant of the child’s interest.“
2331 2475 3096 2525 those gentlemen so gracefully meve.
174 2490 736 2541 ehe has used as a background
1530 2497 2304 2546 lovers, like a mundane halo. One has
758 2498 1518 2543 It is exactig in such a clear understand¬
2321 2511 3096 2562 #owever rongh and dismal the world of
162 2527 739 2583 ol work and to entertain bis
1535 2522 2304 2573 but to contrast these #little novels“ with
755 2528 1533 2575 ing of children, that the value of thie
2319 2542 3093 2606 blind Geronimo, one is grnteful for the
165 2564 730 2611 iters. This accounts in furge
1541 2562 2312 2613 those Stripped tales in which Heming¬
752 2573 1444 2630 authof’s work is revealed.—L. N. CI.
2329 2587 3021 2648 glimpse into that more honest place.
168 2601 734 2638 brthe fluent, lucid method fol¬
1541 2595 2313 2647 way, for example, exhibits the feebleness
166 2639 730 2673 is book and his evident under¬
1539 2639 2308 2688 and folly of his intimates, to recognize
176 2668 733 2740 f children, their likes and dis¬
1545 2674 2313 2730 the gulf that lies between the world of
2467 2674 2943 2752 Heading the List
749 2667 1209 2755 Machinations
1535 2721 2313 2768 Schinitzler’s sophisticated romanties and
2618 2729 2805 2780 FICTION.
166 2727 735 2800 lin brings out in countless dif¬
1540 2747 2306 2801 the post-war world of Hemingway’s hard¬
743 2734 1160 2820 Designed to
2367 2758 3085 2806 FALL QUIET ON THE WESTERN FRONT,“
174 2786 738 2836 ysthe good effect of storg
1544 2788 2300 2841 bolled weaklings. Both writers are deal¬
2323 2799 3033 2850 by Erich Maria Remarque (Little, Brown).
755 2795 1186 2881 Prolong Life
183 2820 741 2880 its power to swar the emo¬
1541 2823 2301 2872 ing with people who are eruel becauss
2370 2822 3089 2891 DODSWORTH,“ by Sinclair Lewis (Harcourt.
161 2858 732 2913 hildren. How much more ef¬
1546 2864 2309 2912 theg are cowards, people who are the
2325 2863 2465 2913 Brace).
795 2856 1526 2931 ·TIMES SOUARE.“ By Cornell Wool¬
2366 2877 3088 2952 SCARLET SISTER MARY,“ by Julia Peter¬
1536 2895 2303 2944 creatures and the victims of their little
174 2901 743 2952 urges, is the dramatie appen!
755 2912 1356 2981 rich (Horace Liveright). 82.00.
2321 2935 2680 2979 kin (Bobbs, Merrill).
171 2940 735 2993 told story compared to those
1541 2936 2308 2977 lusts, people who are relieved from the
996 2955 1267 3017 Reviewed by
2355 2957 3087 3027 ·THE BLACK CAMEL,“ by Earl Derr Biggers
168 2976 739 3016 bred makeshifts to good be¬
1536 2979 2303 3017 pressure of economie necessity to no pur¬
2325 2998 2624 3047 (Bobbs, Merrill).
808 2985 1471 3068 MARGARET CHENEY DAWSON.
1546 3011 2313 3068 pose. But whereas Hemingwag’s char¬
153 3006 746 3081 z., scolding, threatening and
2354 3010 3081 3095 „VISTTORS TO HUGO,“ by Allce Grant Ros¬
1541 3049 2312 3095 acters are sick with the knowledge of
761 3047 1511 3112 *T·HE author of “Children of the Ritz,“
2328 3072 2705 3113 man (Minton, Balch).
172 3073 742 3143 is a sort of magie wand, at the
1548 3084 2305 3134 their own frustrated existence and his
2366 3083 3093 3158 DARK HESTER,“ by Anne Douglas Sedg
833 3113 1518 3157 how being shown in New York movie
166 3121 741 3179 of mother or teacher who #.
1544 3128 2302 3175 tales vivid with disgust, Schnitzler’s char¬
2330 3136 2778 3185 wick (Houghton, Mifflin).
748 3137 1521 3187 bills, has written another einemasque
164 3153 738 3204 ings relief swiftly and surelz
2588 3162 2837 3210 NONFICTION.
1545 3159 2305 3212 acters live in an atmosphere perversely
752 3181 1523 3223 story. It concerns the endless lawdry
2350 3179 3085 3250 •HENRY TIIE EIGHTH,“ by Francis Hackett
172 3204 737 3252 retful children. Withthe tell¬
1535 3202 2253 3251 enticing as the taint in gamg meat.
752 3220 1534 3272 machinations br which Cliff Reillz and
2329 3234 2660 3285 (Horace Liveright).
1569 3243 2307 3282 But if there is something old-fashioned,
173 3233 730 3291 absorbing story a mother’s lan
752 3260 1524 3300 Terrg Londres prolonged life and sought
2356 3263 3088 3314 UTHE ART OF THINKING,“ by Ernest Dim¬
171 3278 733 3324 sort of wishing rarpet that
1543 3269 2314 3327 and so slightly unreal, about most of
754 3301 1528 3348 to escape the boredom thereof. Primarily,
2313 3300 2754 3344 net (Simon & Schuster).
1546 3306 2304 3360 these stories, all of them are skillfullz
177 3318 739 3366 ryand Johnny far, far away
2358 3320 3085 3383 FA PREFACE TO MORALS,“ by Walter Lipp¬
746 3343 1524 3381 of course, they are busy seeking the
174 3355 731 3393 and sea. to the world of ro¬
1543 3360 2301 3405 written and are as easy to read as Vien¬
2316 3363 2631 3410 man (Macmillan).
750 3376 1526 3425 necessarg funds, and the greasy littie rag
170 3392 734 3437 d make believe. And what
1538 3385 2307 3444 nese coffee is to drink. Several touch
2364 3397 3084 3460 SALT WATER TAFFY,“ by Corey Ford (Put¬
745 3403 1523 3457 of romance which covered their meeting
174 3426 736 3472 teacher who has tried telling
1537 3428 2315 3477 upon the supernatural, and handle this
2314 3429 2446 3480 nam).
755 3446 1519 3492 andthe first months of their life together
2365 3442 3089 3508 THE MANSIONS OF PHILOSOPHY,“ by Will
170 3465 740 3528 ory well, has not had exachlg
1550 3473 2308 3519 unlikelg motif in a felicitous and thrilling
754 3487 1530 3539 is soon worn to nothing in the endless
2317 3494 2804 3549 Durant (Simon & Schuster).
167 3503 305 3555 ence.
1546 3499 2310 3550 fashion. Schnitzler does masterly work
752 3520 1526 3578 pursuit. Terry, being eleverer than Cliff,
2374 3524 3097 3585 ·THE CRADLE OF THE DEEP,“ by Joan
1551 3541 2308 3594 when he treads the borderline between
2450 3564 2798 3625 (Simon & Schuster).
746 3563 1524 3603 strikes out for herself after a while but is
2317 3570 2450 3620 Lowell
170 3569 723 3633 ense help to storg tellers in
1549 3575 2303 3628 truth and fantasy: the reader is no less
753 3610 1529 3660 subject to sentimental relapses, during one
179 3613 740 3677 the true magie will be Mr.
1549 3606 2309 3677 exhilarated than confused br being made
760 3640 1528 3688 of which her new 'friend“ fires her bag¬
173 3651 290 3697 ook.
1546 3643 2314 3713 to breathe alternate gusts of alr from
2448 3645 2997 3731 What Missouri and
762 3680 1518 3724 gage into the strect. Then ensues à com¬
169 3678 746 3738 s the origin of the story, from
1544 3694 1952 3747 two allen universes.
760 3727 1527 3764 plicated suceession of intrigues, schemes,
2473 3711 2936 3785 Kansas Authors
199 3729 744 3771 days to present time, und
759 3754 1535 3803 adventures, all-night parties and all-day
1580 3747 2309 3821 The finest piece in the collection Is a
158 3767 738 3814 he kinds of stories enjoged be
2537 3767 2892 3839 Are Doing
763 3797 1533 3837 Slumbers, periods of comparative fidelltv,
1551 3799 2313 3850 storg about a blind beggar and his
165 3800 742 3861 f children, includirg mang in¬
753 3831 1524 3879 sepurations and remeetings, Fortunstelr
168 3836 445 3886 each varlety.
1547 3837 2317 3891 brother that, except for its happg con¬
2421 3818 3093 3885 erlal by Frederigk S. Daris entitled: King
759 3866 1525 3908 forthe anthor’s integrity. Cliff and Terry
2321 3871 3093 3927 #f the Sky.“ is concluded in the September
162 3864 753 3925 sthe type of storg best sulttet
1552 3877 2310 3922 elusien, might have come from the pen
764 3903 1519 3951 do not Palways come back to each other
2321 3909 2876 3955 number of Alr Stortes magazine.
174 3912 745 3963 s becasions, whr it is most e.
1545 3918 2307 3973 of Maupassaht, and that stands quffe
2360 3935 3090 3992 che first September number ol Popular con¬
754 3942 1530 3993 in the end.“ On the contrary. Chff mar¬
158 3953 738 4005 d how it should be told. He
2315 3971 3088 4019 taines an interesting article by Calvin John¬
759 3974 1528 4027 ries a #irl named Virginia, and Terrg.
163 3983 740 4042 the basie literature of ehild¬
2329 4011 3091 4059 ston, formerly of Kansas Cily, but now of New
1684 3985 2182 4071 FATHER AND SON.
751 4024 1527 4062 hnving achieved theatrieal füme und a
168 4022 739 4070 its phychology, as well as mang
2317 4043 2956 4084 Vork. He has called it:“High Play.“
760 4049 1540 4117 rich husband, kieks her exlover neatli ont
161 4062 751 4117 achieving the storg teller’s art.
2354 4046 3089 4111 An artistie bit of prose appeared in the
758 4085 1084 4131 From under 1001.
2366 4114 2436 4141 0
2462 4102 3104 4142 9nd #esne of ihe Christian Seience
