3436 4384
229 222 1136 325 14. Littie Novels
564 642 1174 730 HEMSTREET
588 715 1143 782 96 WARREN STREET
623 769 1115 845 NEW YORK CITY
851 887 1035 962 WORLD
658 831 1210 1051 W00 2 320
473 1107 1130 1208 The First Reader
477 1204 1108 1282 — The Mature Schnitzler —
469 1246 1151 1338 Follow up Katharine Brush's Night
445 1317 1153 1378 Club“ (the best of recent books of
452 1367 1150 1419 American short storles) with Arthur
441 1399 1149 1460 Schnitzler's“ Little Novels," just issued
447 1440 1145 1508 by Simon & Schuster. Here áre ten
437 1480 1151 1555 stories that will hold your interest,
445 1525 1157 1598 and if they don't make you keep on
443 1566 1147 1640 thinking about them after you finish
445 1609 912 1667 reäding, I miss my guess.
475 1646 1153 1703 Schnitzler is now the suave master
420 1691 1156 1751 of tlie Continental short story, and he
440 1730 1144 1806 delves around among Vienna's half¬
453 1772 1151 1834 world for his themes. In his present
443 1815 1143 1881 book his storles have to do with the
452 1858 1150 1915 death and decay of men and women
450 1893 1151 1952 who havé had thieir fling, contrary to
449 1939 1159 1992 the thernes used by Louis Bromfield,
450 1971 1153 2056 whose heroines are invariably repressed
455 2020 1163 2081 and inhlbited. But Schnitzler, having
451 2063 1153 2141 Had much experlence as a dramatist,
441 2115 1166 2162 also has an éye for lifé’s little ironiés.
454 2125 1161 2210 He likes nothing better than to present
445 2190 971 2248 faté as the ultimate lronist.
488 2229 1161 2276 Of the stories in this book, Blind
454 2259 1169 2332 Geronimo and His Brother“ is a tale
454 2310 1169 2379 de Maupassant might have written.
460 2350 1154 2406 Perhaps ft does not hävé the intensity
460 2386 1161 2454 of A Plece of String,“ but it is elo¬
458 2424 1173 2487 quent in its reading of the human
465 2490 602 2534 heart.
493 2500 1175 2580 The Fate of the Baron“ is à story
453 2555 1161 2618 Tout of the night lifé of Vienna, with an
462 2589 1159 2663 actress as the central figuré. The ät¬
461 2627 1157 2702 mosphere is one of lovers and mis¬
469 2669 1161 2727 tresses; of strange affairs carrled on
462 2713 1159 2793 more or less openly in the domaln of
467 2758 1158 2830 the Opernring. This is an example of
463 2780 1173 2881 Schnitzler’s ability to carfy suspense to
471 2838 1181 2900 the end when the lightest misstep
471 2877 1178 2952 would betray his intention. It is a
472 2934 817 2988 story of situation.
491 2942 1180 3020 American short-story writers can learn
468 3002 1184 3083 much from Schnitzler. He puts up no
460 3041 1171 3125 signposts. He makes irony a part of
462 3097 1183 3148 the situation and leaves human char¬
470 3130 1175 3192 acter as it Is. Nearly all of his men
466 3167 1173 3231 and women are of averäge intelligence,
476 3202 1184 3274 slaves of their feellngs. Some of them
474 3247 1181 3332 are despicable In their acts, but the
465 3297 1176 3379 author knows human nature well
484 3324 1179 3400 enough to preserve us from making a
458 3376 887 3451 gesture of superiority.
507 3408 1173 3478 The theme of The Dark Journey“
478 3454 1177 3518 might easily have been taken by
474 3498 1186 3563 Schnitzler. But how differently he
487 3537 1178 3599 would have handled it—provided he
475 3576 1193 3643 carrled it on in the mood of these
482 3619 1179 3692 short storles, and not in the stark,
482 3657 1199 3725 realistic manner of Therese.“ Some¬
481 3692 1187 3771 times composers, toying with melodies.
485 3745 1201 3802 take a familiar hymn and transerlbe it.
482 3788 1201 3850 In the manner of Liszt, öf Wagner.
471 3814 1199 3885 of Johann Strauiss. What à revelation
467 3853 1209 3947 it would be to apply this präctice to
473 3923 645 3991 novels.
1285 226 1761 305 box 35/11
2517 238 2853 350 Pged
2549 392 2624 450 16
2398 3490 2484 3537 Powe
2584 3573 2615 3603 pe
2380 3603 2483 3647 sumin
2929 3632 3072 3687 right
2379 3620 2872 3682 ordered Schwirzi##'s Lürle
2367 3668 3071 3719 after it was put on sale.. Big things are
2369 3705 3067 3758 predicted for The Psychology of Happiness
2379 3744 3065 3792 by Warren B. Pfrain, scheduled for pub¬
2373 3777 3061 3834 lication on September 19th.  It will
2373 3812 3071 3869 appeal te everybody who secks happiness,
3067 3861 3111 3895 n
2381 3860 3064 3900 everybody who thinks abourit, and every¬
2379 3889 3067 3942 body wio relishes gossip. Otherwise
3073 3925 3130 3963 n
2381 3925 3063 3979 there arc no possibilitics in this book
2373 3961 3059 4012 Another tip: watch for the first announce¬
2381 3999 3122 4069 ments of Twelve Against ihe Gods bv Wir- „
2375 4032 3057 4078 LIam Bourrno, Lthe incomparable Bo¬
2377 4060 3120 4123 litho“ whose prosc has swiried and eddied gi
2386 4109 3065 4169 for many months in a neighboring col¬
2642 4141 3037 4181 #s chronicle ofthe world“
2937 334 3094 443 10
