3436 4352
1261 184 1770 286 box 35/11
223 189 1102 287 14. Littie Novels
960 473 1775 575 Na. berk W#
863 590 1352 670 PTEMBER 8, 1929
1050 916 2099 1008 SZ HAOMENTS
956 1142 2159 1238 27 LIILE POVELS
1015 1254 1564 1331 Like“'opals flawiessly cut, Archur
1013 1313 1564 1368 Schnitzler's Linke Novels offer che
1017 1350 1568 1411 perfection of che Viennese master
1013 1400 1567 1451 to his cager and growing Amcrican
1030 1436 1573 1490 audience. Countless great moments
1025 1474 1563 1535 arc packed zway in the ten little
1019 1524 1569 1570 novels chat comprisc this book—
1021 1557 1562 1617 magnificent moments, glamourous
1019 1609 1565 1660 moment, incfably tender moments
1093 1649 1566 1698 moments made unforgettable
1013 1682 1557 1733 by rhe genius of Arthur Schaitzier
1193 1758 1371 1838 444
1033 1842 1566 1904 He crept furcher into che room
1599 1849 2137 1917 Has Irene forgarten that she
1016 1896 1570 1950 On che ocher chair, amnong some
1583 1904 2124 1959 wanted to call Wilhelmine a mur¬
1016 1932 1569 1989 undercloches Godl there it was
1579 1946 2136 2000 deress to her facce And is
1086 1972 1558 2026 a purse he held it in his
1573 1985 2129 2039 Wilhelmine scill awarc chat I am
1015 2013 1562 2074 hand Arthar instant he heard a
1573 2027 2132 2081 her lover, though l have called
1006 2062 1559 2109 faint creak. Wich a quick move¬
1572 2067 2135 2124 upon her in the middic of che nighe
1011 2095 1558 2155 ment, he lay down full-length at
1572 2107 2003 2163 wich a strange woman?“
1011 2137 1555 2186 che foot of ehe bed . .. Another
1726 2154 2130 2208 — Deal Gewrief spage 111
1011 2175 1565 2238 creak chen all was zilent, pro¬
1001 2226 1558 2275 foundly silent H had done it!
1750 2211 1938 2300 444
1000 2265 1555 2319 He had che ewenty francs and now
1574 2286 2129 2351 This book of Arrhur Schnitzler
1008 2299 1551 2355 he could say co his brorher Von
1001 2336 1550 2401 sce l'mver arhicf!.. and today
1567 2347 2128 2396 has just been published and all
1565 2384 2116 2438 over Amcrica, as in Europe, thou¬
1005 2382 1555 2437 chey could start on their wander¬
1572 2423 2129 2477 sands of rcaders arc now discover¬
1008 2425 1554 2489 ings to Bormio, chroughche
1000 2464 1501 2521 Valtellinc. 00 Tirane
1567 2458 2114 2524 ing for themselves che great mo¬
1570 2504 1940 2564 ments in Liteie Norelr.
1009 2494 1426 2565 Edole co Lake Isco.“
1112 2549 1548 2604 —“ Hlis Gemie und Hi Drerker
1403 2582 1556 2641 lpage 130
1738 2563 1928 2653 244
1567 2640 2123 2700 In 191) THE INNER SANCTUM kad che
1176 2639 1360 2728 444
1558 2697 2125 2742 honer and good fortune to publisk
1569 2725 2116 2772 Artcur Jrhnirzler : FKAULEIN EISE.
1030 2726 1548 2791 Why did he send for mce Had she
1566 2769 2124 2827 That war almast sive yeurs ago. During
1004 2786 1542 2833 confessede Why is he staring ar me
1567 2813 2110 2866 Those #eurs, Arrcur Schnirrter, leng er¬
997 2819 1546 2876 like thate Why am I sitring herc ac
1567 2850 2112 2907 cepted on ihe Conrinent ar ene ef
998 2857 1547 2914 Molde on a verandah with a
1563 2883 2124 2947 Europe : Kreatest trifert, hus madhe dir
998 2894 1544 2945 Pierroc? Can it be all a drcam after
1567 2941 2118 2989 way wirh increating ruckert in Amer¬
989 2936 1546 2999 all? Perhaps I am still aslcep in
1560 2974 2118 3028 ka. In rapid ruckeition and wirh
1014 2979 1267 3036 Klarc’s arms
1552 3013 2116 3065 Frowing acclaim sive eiher bockr were
1079 3018 1541 3081 — The Sereche D#res Ipage 11
1555 3064 2116 3110 pablirhrd, BRATRICR, NONB BUT
1562 3097 2111 3151 THR BRAVR, KHAPODT, DAY¬
1187 3095 1351 3178 444
1559 3137 2113 3194 DRBAK and THBRESA, Ir ir wud
1556 3171 2114 3232 semte thar Schnitzier## same ir an ehe
1022 3180 1544 3231 Then she became a model and
1553 3214 2118 3267 point of a brilliant censolidatien that
1008 3227 1535 3277 walked on at a small theatre. The
1555 3259 2114 3317 LiTrLs NovELs i preiented. 71.50
994 3261 1538 3326 things she told us about che Direc¬
1005 3308 1540 3363 zorl.. Then she fell in with a
991 3350 1536 3392 medical student. and she often
1565 3348 2111 3422 Z#e0 (vom Tun Inman Sanerun o
998 3391 1529 3453 camc to feich him from che dis¬
1552 3415 2104 3491 SIMON and SCHUSTER
981 3435 1537 3492 secting-oom or mort often
985 3474 1427 3536 stayed wich him therc
1561 3471 2110 3521 Pallusde. 17 West IIch Strect Neu Tet
1070 3516 1534 3582 —Th. Oret Deuigg-Orl Ipage 71
1006 3595 2093 3701 LITTLE NOVELS“ a new book
1515 3702 2108 3776 5) AnTHuR SCHNITZLBR
2125 3801 2189 3862 u
