3344 4384
131 311 1016 425 1:. Littie Novels
1056 1611 1127 1690 4
742 2535 911 2674 6
743 2641 985 2761 Schmtzler
439 2950 1336 3055 ARTHUR SCHNITZLER
448 3078 1323 3180 andthe SOUL of VIENNA
541 3189 1227 3254 Is amemorable tribute to the author of Little
549 3253 1224 3298 Novels, Ludwig Lewisohn fayr: The chill
539 3279 1240 3339 winds of the harsh dutn of a neu world blow
546 3318 1233 3368 angrily about the aging master. He remembers
552 3351 1227 3400 hir youth Nothing cun e###eelihe smooth,
540 3396 1220 3460 sirm beauty of Schir#le####le aull rechnique
564 3432 1226 3478 ...This ir the Wienna, this the Jalaburg of
551 3463 1235 3522 the dayr of the Empire. Lise hud a neo-Pugan
545 3503 1041 3564 elegance, an autunmal charm
586 3545 1223 3598 lt is customary indeed to characterige Arthur
555 3595 1230 3634 Schnitzler #s the quintersence of Wienna.
543 3620 1236 3679 Heevokes not ouly the glow and tragedy of love
548 3656 1239 3716 in Wienna . .. but the mutic of Wienna in the
552 3704 1236 3760 nnancer of his prosethe science of Vienna
557 3734 1243 3803 in his rezearches into the zub-conscious 7e
552 3771 1173 3846 craftsmanship of Wienna in bis skill
584 3812 1241 3876 For more than ihree decnder Arthur Schnitz¬
555 3859 1239 3922 ler# #hort stories, novelettes and dramas have
556 3899 1248 3955 been acclaimed by critics and readers sor their
551 3937 1247 3984 tenderness, their wit, their compartion, their
552 3973 1251 4027 melancholy splendor. In the last sew gears, the
555 4009 1254 4057 American #uccerr of Fräulein Elsc, Rhapsody,
552 4052 1243 4097 Beatrice, Daybreak und Therese hure con¬
560 4082 1255 4133 Jolidated a growing same and brought to many
555 4121 1244 4187 readers the unduplicabie glamour of his art.
1173 308 1674 415 box 35/11
2181 443 2929 531 (ATA1Z) Vrom Tun Innen Sancron #
2190 501 2928 592 SIMON and SCHUSTER
2198 572 2936 633 Publishers. 37 West gyth Strect. Neu Vort
2201 688 2935 807 P
2213 786 2443 843 Chpping from
2283 957 2876 1109 ALLLZ
2210 1063 2349 1119 Der
1468 1702 2892 1913 DRAWING From Words such
1431 1957 2908 2108 Beauty &s Kreisler draws
1433 2111 2784 2329 from Strings
1342 2281 1414 2357 *
2144 2426 2879 2504 treat startlingly of the work¬
1411 2437 2137 2525 Wno can weave the pattern of
2148 2493 2872 2567 ings of Fate, and ehe finest of che
1405 2486 2145 2564 Viennese life wich such magic as
2141 2544 2879 2607 collection, a masterpiece among mas¬
1409 2546 2136 2619 Arthur Schnitzler drawing from
2143 2593 2871 2660 terpieces, is a tenderly beautiful
1403 2600 2129 2666 words the same haunting beauty
2139 2646 2887 2721 study of che love berween a blind
1398 2645 2127 2718 that Kreisler draws from stringse
2151 2693 2603 2767 man and his brocher.
1415 2695 2134 2763 Who can so cffectively blend che en¬
1397 2735 2143 2813 chantment and disenchantment, the
2188 2740 2885 2829 Anyone who begins the Fate off
1411 2794 2133 2867 arrogance and humility, the tragedy
2149 2813 2882 2876 the Baren, which opens this collec¬
1398 2853 2131 2915 and high comedy of love on the
2145 2862 2886 2921 tion of Little Norelr, will not put
1405 2899 2099 2969 shores of the song-laden Danubee
2148 2907 2888 2982 down these pages until che last
2158 2956 2883 3032 paragraph of the final story, The
1437 2967 2132 3038 In Little Novelr, the author of
2159 3014 2576 3095 Death of a Bachelor.
1409 3024 2129 3083 Fräulein Else, Khapsody, Daybreak,
1406 3081 2135 3141 Beatrice and Anatol, again peers into
2177 3076 2878 3157 In these ten Little Novelr Cfor their
1406 3122 2134 3182 the sub-conscious with che cyc of
2151 3141 2885 3203 compactness surely entitles them to
1396 3172 2137 3248 genius—thecye that illuminates and
2156 3179 2889 3258 this term), the publishers belicve
1409 3222 1812 3302 holds spell-bound.
2149 3232 2884 3311 that chey arc offering to Schnitzler’s
2139 3286 2875 3352 cager and growing American au¬
1434 3281 2131 3359 Most of these ten tales, employ¬
2147 3330 2890 3405 dience the perfect flower of che
1399 3345 2145 3400 ing that gravely ironical manner
2147 3377 2885 3448 genius of the Viennese master. The
1400 3400 2135 3464 which is Schnitzler's own, deal wich
2530 3431 2882 3505 book has just
1405 3446 1761 3512 the rclations
2533 3463 2895 3551 been published
1403 3496 1757 3563 between men
1766 3486 2524 3571 222 sron Tun INnen Sancruntof
2541 3532 2880 3599 and is on sale ar
1405 3546 1759 3613 and women.One
1764 3548 2518 3631 SIMON and SCHUSTER
2531 3568 2886 3648 yvour own book¬
1417 3597 1760 3663 or two, such as
1772 3613 2524 3673 Publicherr 37 West S7th Strect Neu York
2542 3633 2889 3715 storc for 52.50.
1415 3646 1756 3728 The Prophecy,
1753 3649 1796 3709 —
1410 3851 1519 3918 77
2744 3947 2791 4000 8
2271 3926 2681 4020 SVEL
1719 3917 2229 4032 VEE N
1495 3939 1583 4023 L
1491 4057 2832 4143 a new book by ARTHUR SCHNITZLER
2783 4184 2979 4256 A
