3436 4352
182 213 1074 327 14. Little Novels
1222 216 1712 306 box 35/11
1086 1301 1890 1368 WAAAAAAAAAAAAAAAAAAE
1068 1387 1755 1456 Internadonel Preget dtring Burcati.
1072 1439 1747 1501 51. Red Lion St., London, W. C. 1.
1053 1495 1662 1539 ———
1268 1525 1561 1590 Estract from
1191 1588 1603 1663 West Australian
1197 1652 1584 1719 Perth, Australia
1121 1748 1732 1847 Oste — 7. DEO 1929
1102 1885 1864 1942 # TLittle Novels,' by Arthur Schnitzler.
1117 1941 1854 1981 Constattund Cor Ltd., London. 6
1161 1972 1761 2013 From the Book Lovers’, Perth,
1145 1998 1858 2049 In medineval days, the “conte“ or Vnou¬
1110 2034 1858 2070 velle“' was a favourite medium for the
1113 2069 1852 2112 writer of fiction, and one in which such
1116 2104 1863 2154 rare exponents of the art as Boccaccio,
1109 2125 1849 2186 Margaret of Navarre, and Marie of France
1115 2171 1859 2211 —to name only three—worked and su¬
1117 2185 1853 2244 premely excelled. In quite recent times we
1108 2229 1862 2291 have had the late Maurice Hewlett, whose
1129 2262 1844 2310 Little Novels of Italy'’ were based, as
1115 2296 1852 2348 far as conception and style are concerned.
1114 2332 1839 2380 on the "nouvelles'' of the Italian roman¬
1116 2365 1846 2413 eists of the Renaissance period. Whether
1116 2391 1836 2443 Dr. Schnitzler is entirelv justified in ap¬
1113 2411 1853 2472 plying the term Vnonvelle'’ to his tales is
1117 2467 1819 2507 open to doubt; to us they appear to b
1111 2486 1842 2534 merely short stories of skilful craftsman¬
1118 2516 1849 2574 ship and ungneskionable power, each one
1116 2547 1841 2606 in tury revealing the analytical qualities.
1111 2586 1845 2634 the pessimism und detached ontlook which
1103 2632 1864 2675 are distinguishing attributes of this gifted
1113 2650 1270 2698 writer.
1275 2657 1852 2707 The ten stories included in the!
1108 2684 1850 2736 epresent volume cover a wide range—from
1105 2721 1853 2778 sthe uncanny to the humorous, from the
1114 2759 1855 2800 nsychology of the murderer to studies in
1108 2793 1841 2835 the social life of Vienna pre-war days.
1112 2821 1849 2865 For ourselves, we prefer above all others
1108 2851 1749 2894 the tale of"Blind Geronimo and
1752 2861 1840 2901 bis
1108 2871 1842 2933 Brother,“ if only because it has a humanity
1113 2924 1841 2965 about it which is singularlv lacking in the
1110 2953 1841 3000 other examples of I#t. Sel sitzler’s enig¬
1100 2988 1850 3032 matie art. The storics have been rendered
1100 3014 1839 3079 auto English by Mr. Erie Sutton.
