3436 4224
203 178 1092 276 14. Littie Novels
1242 193 1729 282 box 35/11
340 651 517 713 M
723 684 759 733 —
1083 668 1349 771 8
333 709 1354 798 —
351 762 1352 882 ARGUS SUISSE ET INTERNTTIONAL]
549 807 1127 897 DE LA PRESSE 8. 4.
457 852 1216 940 23. rue du Rhone- Genene
337 881 955 967 Adr. telegr.: Coupures-Geneve
1016 924 1329 993 Teléph. 14.005
304 989 1317 1103 TBureau International de coupures de journaux
445 1033 1199 1126 Traductions de et en toutes langnes
318 1075 511 1117 —.—
583 1094 1339 1165 ——
326 1159 1296 1261 Correspondants dans toutes les grandes villes
294 1273 711 1357 Eatrait du Journal;
707 1270 1231 1368 GDAADIaR Wanerusw:
584 1338 685 1387 ansT
296 1365 488 1433 Adresse:
694 1417 1075 1527 20 SEPl. 1929.
293 1465 435 1525 Date:
983 1497 1037 1544 "—
946 1502 988 1536 —
531 1715 1171 1818 SCHNTTZLER’S IRONY.
472 1772 1237 1869 LyferENovrrs.- Bv Arthur Schnitzler.
482 1840 1243 1911 /Translated by Eic Sutton. London:
499 1890 1246 1961 Constable and C. Pp. 216. 78. 60.
504 1916 624 1963 net.
490 1949 1266 2038 The infidelities of Viennese husbands“
453 2005 1252 2083 and wives have never failed to provide
458 2048 1236 2129 Herr Arthur Schnitzler with useful
456 2097 1248 2181 material for his sardonically romantic
435 2144 1228 2239 pen. During the first decade of the
446 2204 1297 2289 present century, wnen he was in greati#
442 2240 1237 2312 form at short story writing, de minde
442 2293 1236 2348 such effective use of this material that
448 2313 1223 2376 bis studtes in illeit love, with a bias
451 2366 1226 2426 toward the feminme psychology, have
446 2399 1229 2460 stood the test of many changes in
447 2437 1228 2505 social procedure, änd even in the
448 2472 1227 2539 method of philanderers and libertines.
441 2511 1227 2586 The languid, scented sensualist with
431 2558 1215 2615 money, culture, and an extraordinary
434 2592 1218 2649 maximum of leisure and minimum of
429 2622 1230 2687 bodily movement has besome an
430 2676 1223 2732 extinct species; at all events, we never
437 2703 1225 2778 hear of him—or her. But in Schnitzler’s
432 2757 1223 2810 stories, of which the present volume
434 2784 1210 2834 contains a finely translated ten, they
431 2822 1213 2887 are as alive, as pathological and
427 2861 1209 2913 secretive, as complex and surprising, as
433 2900 1197 2954 ever they were and as certain of the
428 2945 1203 2987 contemporary French writers who were
417 2971 1201 3045 also attracted by the type could never
416 3013 691 3068 make them.
458 3041 1205 3119 The brute animal is always discern¬
410 3077 1200 3153 ible beneath the fastidiousness and
1046 3138 1134 3172 #
426 3137 1047 3190 suavity of Katherina in
1087 3142 1190 3194 The
413 3173 1193 3233 Stranger,? the cold deceit of Gregor
420 3216 1196 3273 Samodeski in" The Greek Dancing
417 3251 1202 3305 Girl,“ or the perverse malice of thel
413 3292 1190 3343 bachelor, in the brilliant little master¬
419 3337 1193 3386 piece at the end of the collection, who
420 3362 1192 3428 left behind him at his death a letter
416 3400 1203 3459 informing his friends that he had
415 3450 1191 3494 seduced each of their wives in turn. The
407 3480 1186 3535 victim of his or her own lust is discern¬
401 3510 1181 3572 ible also—and in the same personality
1031 3563 1177 3611 The
410 3559 1026 3612 as the conquering animal.
396 3591 843 3652 Death of a Bachelor
853 3590 1186 3657 is a story that
401 3639 1188 3690 will give particular satisfaction to all
399 3668 1175 3730 who value strong and sure craftsman¬
397 3709 1178 3759 ship. There is not an unnecessary
401 3754 1179 3794 word or phrase in the whole ofit; there
395 3791 1172 3840 is not the faintest appeallto sentiment.
389 3832 1187 3882 Rather is there cruelty and ruthless¬
398 3870 1185 3918 ness; and yet the impression left on
400 3903 1187 3966 the reader is one which Herr Schnitzler
396 3945 1162 3990 always leaves when he is at his beste¬
404 3983 892 4044 of smilingly sublime pity.
979 3978 1131 4044 T.9
1154 4053 1210 4113 1
1834 807 2837 894 Correspondants dans toutes les grandes villes
1816 905 2250 995 Ertrait de Journal:
2253 889 2764 999 IIi0 POST. 10800
2514 994 2573 1050 d
1803 1006 2044 1073 Adresse:
2232 1009 2474 1121 16 SEPT.
2038 1117 2112 1162 —
1814 1114 1975 1172 Date:
1984 1140 2105 1212 —
1982 1203 2110 1282 —
1965 1260 2097 1340 —
2664 1491 2767 1553 ure
1790 1507 1898 1572 Tar
1794 1565 1910 1611 mer
2672 1586 2829 1639 67.50
1793 1601 1921 1649 péri—
2670 1619 2816 1683 30.—
1779 1638 1910 1696 limi
2674 1667 2819 1724 50.—
2089 1643 2574 1735 SCHNITZLER
1791 1695 1910 1754 On
2676 1716 2816 1785 ande
2026 1804 2623 1896 Viennese Disciple of
2134 1884 2489 1971 Maupassant
1901 2031 2224 2094 LirTtE NOVELS.
2227 2022 2717 2094 By Arthur Schnitzler.
1967 2081 2723 2141 Translated by Eric Sutton. Constable.
1966 2117 2187 2164 3s. 6d. net.
1934 2135 2714 2192 For the ten short stories in this book,
1905 2187 2718 2239 most admirably translated by Mr. Eric
1908 2227 2721 2270 Sutton, it is claimed that they represent
1909 2261 2516 2304 the cream of Schnitzler’s art;
2532 2259 2711 2304 and che
1910 2291 2707 2333 claim is an indication of how good the
1909 2332 2707 2371 stories must be. They are all intensely
1916 2365 2704 2415 characteristic of the author, who was un¬
1903 2402 2710 2449 doubtedly one of the most gifted and
1912 2434 2704 2480 original of pre-war writers. There 18,
1906 2471 2710 2521 both in the subjects and the manner
1907 2509 2716 2554 of his contes, an irresistible suggestion of
1913 2541 2716 2583 Guy de Maupassant, with more than a
1902 2564 2707 2626 touch of the mockery of Heine, as, for
1902 2600 2722 2676 instance, in that cynical masterpiece, with
1907 2652 2707 2697 which this collection closes,“ The Death
1902 2691 2709 2737 of a Bachelor.“ The theme is one which
1908 2729 2707 2771 would be impossible for an English author
1909 2761 2715 2804 because it would be incredible, but set in
1914 2796 2716 2837 Schnitzler’s native milieu, it seems only a
1893 2830 2713 2869 grim pleasantry—one of life's more acid
2391 2864 2462 2897 11 —
1899 2866 2711 2912 ironies. The five stories, lhe Stranger,“
2234 2898 2713 2945 Freiherr von Leisen¬
1936 2898 2227 2945 The Fate of
2572 2935 2714 2983 The
2050 2934 2580 2983 " The Greek Dancing Girl,“
1903 2931 2048 2987 bohg.
1899 2969 2691 3017 Dead Gabriel, and“ Redegouda’s Diary,
1895 2998 2699 3049 are pure Maupassant, and if the influence
1902 3046 2713 3078 is less evident in“ Blind Geronimo and
1896 3065 2707 3125 his Brother,“ it is because behind the irony
1899 3113 2710 3149 there is a note of tenderness and compas¬
1889 3147 2711 3189 sion which the author generally denies
1906 3184 2090 3230 himself.
2091 3188 2709 3226 It is a real enough world in
1898 3224 2703 3267 which Schnitzler’s characters move, but
1896 3258 2701 3311 a world of weird experiences, a world seen
1898 3292 2716 3350 through a slightly disturbing medium,
1899 3334 2698 3371 where the normal proportions are con¬
1902 3361 2711 3408 fused, and turn to the grotesque. But it
1895 3397 2723 3463 is impossible to read these short storles
1894 3440 2709 3484 without a sense of their artistic mastery
1889 3468 2709 3526 and, in spite of their mockery, without
2291 3502 2713 3559 The Vienna whlen
1895 3504 2242 3554 keen enjoyment.
1896 3544 2717 3582 nurtured Schnitzler is gone with the old
1904 3579 2707 3626 world to the grave, and thither Schnitzler
1902 3612 2706 3674 himself has followed; but the legacy which
1892 3649 2712 3693 he has left is worthy to secure bothy in
1905 3686 2194 3740 remembrance.
2432 3779 2520 3864 P
