3436 4384
92 2979 179 3033 not
104 3028 175 3101 62
68 3410 172 3498 DS
2153 157 2636 232 —
1437 220 1931 318 box 35/11
371 232 1281 330 14. Littie Novels
2814 611 3299 763 A 0 77
978 659 2813 826 rr era d Ahwea
2219 767 3165 917 r ar Pan
2491 892 3247 1061 U, TL
2483 1066 3312 1186 Saegeten Koutess
1082 1142 2173 1254 Sreal HAOMENTS
2491 1170 3211 1360 # Ke
1050 1394 2327 1488 27 LITTEL NOVELS
1094 1499 1676 1561 Likr P’opals flawlesslycur, Arthur
1095 1544 1679 1607 Schnitzler's Lürle Norele offer ehe
1105 1594 1671 1650 perfection of the Viennese master
1092 1624 1670 1689 tohis cager and growing American
1107 1674 1671 1729 andience. Countless great moments
1104 1710 1679 1768 are packed away in che ten little
1094 1763 1667 1812 novels that comprise this book—
1102 1796 1662 1853 magniticent moments, glamourous
1090 1838 1663 1901 moments, ineffably tender moments
1161 1887 1669 1936 moments made unforgertable
1091 1917 1665 1981 byche genius of Arthur Schnitzler.
1289 1994 1472 2093 242
1111 2086 1651 2150 He crept furcher into the room.
1691 2095 2248 2161 Has Irene forgotten that she
1096 2135 1661 2197 Ou ehe orher Chair, among some
1680 2132 2246 2210 wanted to call Wilhelmine a mur¬
1095 2188 1660 2234 undercloches Godlthere it was
1670 2176 2243 2235 deress to her facce And is
1171 2221 1671 2279 a purse he held it in bis
1680 2230 2253 2282 Wilhelmine still aware that I am
1100 2258 1668 2316 hand Atthat instant he heard a
1673 2263 2241 2320 her lover, though I have called
1092 2310 1665 2355 faint crcak. With a quick move¬
1671 2308 2251 2376 upon her in che middle of the nighe
1100 2351 1669 2407 ment, he lay down fuil-length at
1673 2348 2118 2414 wich a strange womand“
1099 2387 1663 2440 che foot of the bed ... Another
1828 2390 2268 2459 —rem“ Dead Geril lpage 111
1096 2435 1656 2487 creakchen all was silent, pro¬
1085 2465 1663 2528 foundly silent .. He had done it!
1848 2459 2060 2554 444
1086 2511 1657 2568 He had che twenty francs and now
1671 2532 2243 2605 This book of Arthur Schnirzler
1085 2554 1667 2618 he could say to his brother Von
1672 2582 2241 2651 has just been published and all
1085 2581 1658 2653 sce I'm nor athief!“ and today
1665 2639 2258 2691 over Amcrica, as in Europe, chon¬
1087 2631 1672 2691 rhey could start on their wander¬
1679 2672 2255 2735 sands of readers are now Jiscover¬
1099 2675 1665 2739 ings to Bormio, throughche
1677 2719 2254 2783 ing for themselves che great mo¬
1095 2718 1600 2767 Valtelline t0 Tirano
1675 2750 2049 2817 ments in Lürle Norels.
1083 2756 1529 2824 Edole vo Lake Isco.“
1204 2798 1647 2863 —rom“ Blind Geronimo and His Brocher
1503 2836 1664 2887 lpage 150
1863 2812 2058 2906 444
1662 2880 2240 2951 In 1925 TIIE IN'NEK SANCTUM hud ihe
1267 2891 1465 2987 414
1666 2940 2248 2995 honor and good sortune to publich
1672 2984 2239 3037 Arthur Schmtaler' & FRAULEIN ELSE.
1108 2975 1664 3047 Why did he send for inc? Had she
1671 3020 2242 3084 That was almast five geurs ago. During.
1089 3029 1657 3084 confessede Why is he staring ar me
1670 3067 2239 3117 those peurs, Arthur Schnit dler, long ac¬
1087 3076 1651 3140 like thate Why am I sitting here ar
1666 3105 2242 3154 cepted on the Continent as one of
1085 3116 1649 3160 Molde on a verandah wich a
1676 3136 2247 3215 Europe # greates: writers, has made #ie
1097 3154 1662 3213 Pierrot? Can it be all a drcam after
1671 3186 2245 3241 way with increcling juccert in Amer¬
1095 3205 1650 3263 alle Perhaps 1 am still aslcep in
1665 3222 2247 3280 #ica. In rapid zuccestion and wirh
1086 3238 1340 3300 Klare's arms
1666 3269 2253 3330 growing acclnim sive other books were
1206 3261 1657 3348 —#rom“ The Farsef the Haren Ipage 111
1665 3301 2247 3373 publirhed, BEATRICE, NONE BUT
1665 3354 2243 3410 THE BRAVE, RHAPSODY, DAY¬
1273 3341 1467 3447 412
1672 3396 2240 3441 BRBAK und THERESA. Ir ir witha
1668 3435 2239 3490 kense that Schmiteler## sume is on the
1108 3430 1657 3503 Then she became a model and
1673 3476 2246 3531 point of a brilliant consolidation thar
1099 3491 1661 3554 walked on at a small theatre. The
1671 3509 2254 3576 LITTLENOVELs ir presented. J2.50
1086 3535 1654 3594 things she rold us about che Direc¬
1087 3572 1662 3620 tor!... Then she fell in wich a
1099 3617 1656 3670 medical student ... and she often
1675 3611 2254 3676 Bvom Tun INNrR SANCrUN u
1667 3671 2243 3753 SINON an4 SCHUSTER
1098 3696 1655 3762 scering-room or more offen
1672 3731 2250 3799 Palliher 37 West S7th Street Neu Tet
1098 3734 1496 3807 stayed wich him there
1179 3777 1655 3855 —#om The Ored Daming ünlIpage 71
1714 3776 1879 3846 e  1
1115 3855 2247 3965 LITTLE NOVELS'a new book
1636 3962 2255 4056 D ARTHuR ScHNITZLER
