<?xml version="1.0" encoding="UTF-8" standalone="yes"?>
<PcGts xmlns="http://schema.primaresearch.org/PAGE/gts/pagecontent/2013-07-15" xmlns:xsi="http://www.w3.org/2001/XMLSchema-instance" xsi:schemaLocation="http://schema.primaresearch.org/PAGE/gts/pagecontent/2013-07-15 http://schema.primaresearch.org/PAGE/gts/pagecontent/2013-07-15/pagecontent.xsd">
    <Metadata>
        <Creator>prov=University of Rostock/Institute of Mathematics/CITlab/Gundram Leifert/gundram.leifert@uni-rostock.de:name=ONB_Newseye_GT_M1+(htr_id=10810)::::v=2.4.2
prov=University of Rostock/Institute of Mathematics/CITlab/Tobias Gruening/tobias.gruening@uni-rostock.de:name=de.uros.citlab.module.baseline2polygon.B2PSeamMultiOriented:v=2.4.2
prov=University of Rostock/Institute of Mathematics/CITlab/Tobias Gruening/tobias.gruening@uni-rostock.de:name=/mnt/transkribus/LA/DEA/URO/LA_news_onb_att.pb:de.uros.citlab.segmentation.CITlab_LA_ML:v=2.4.2
Transkribus</Creator>
        <Created>2019-10-07T15:14:20.272+02:00</Created>
        <LastChange>2019-10-09T04:02:16.005+02:00</LastChange>
        <TranskribusMetadata docId="224199" pageId="9514686" pageNr="8" tsid="16620540" status="IN_PROGRESS" userId="40391" imgUrl="https://files.transkribus.eu/Get?id=KITKUYMSDOYJGAJWDAHXUSSU&amp;fileType=view" xmlUrl="https://files.transkribus.eu/Get?id=DPKBUDKBEFYPGBOGJFEEKPNY" imageId="6202920"/>
    </Metadata>
    <Page imageFilename="224199_0008.jpeg" imageWidth="3392" imageHeight="4320">
        <ReadingOrder>
            <OrderedGroup id="ro_1711443775072" caption="Regions reading order">
                <RegionRefIndexed index="0" regionRef="r1"/>
                <RegionRefIndexed index="1" regionRef="r2"/>
            </OrderedGroup>
        </ReadingOrder>
        <TextRegion orientation="0.0" id="r1" custom="readingOrder {index:0;}">
            <Coords points="280,180 280,3359 2538,3359 2538,180"/>
            <TextLine id="r1l1" custom="readingOrder {index:0;}">
                <Coords points="1930,243 1976,230 1997,212 2151,243 2210,227 2243,234 2243,180 2074,192 2045,176 1995,187 1963,171 1929,171"/>
                <Baseline points="1939,207 1965,208 1992,209 2019,210 2046,210 2073,210 2100,210 2127,210 2154,209 2181,208 2208,207 2235,205"/>
                <TextEquiv>
                    <Unicode>—.—</Unicode>
                </TextEquiv>
            </TextLine>
            <TextLine id="r1l2" custom="readingOrder {index:1;}">
                <Coords points="1482,302 1543,327 1595,310 1661,318 1695,299 1796,325 1934,307 1934,259 1879,235 1831,258 1776,250 1758,232 1695,256 1577,264 1483,228"/>
                <Baseline points="1491,301 1516,300 1542,300 1567,300 1593,300 1618,301 1644,302 1669,302 1695,303 1720,304 1746,304 1771,305 1797,305 1822,305 1848,305 1873,304 1899,303 1925,302"/>
                <TextEquiv>
                    <Unicode>box 36/4</Unicode>
                </TextEquiv>
            </TextLine>
            <TextLine id="r1l3" custom="readingOrder {index:2;}">
                <Coords points="366,313 455,314 458,255 447,254 438,263 431,259 418,267 399,268 378,253 369,252"/>
                <Baseline points="376,305 411,306 447,308"/>
                <TextEquiv>
                    <Unicode>am</Unicode>
                </TextEquiv>
            </TextLine>
            <TextLine id="r1l4" custom="readingOrder {index:3;}">
                <Coords points="271,343 1334,336 1334,275 1237,251 868,252 806,297 567,242 446,308 333,253 271,270"/>
                <Baseline points="280,323 332,323 384,323 436,323 489,323 541,323 593,323 645,323 698,323 750,323 802,323 854,323 907,322 959,322 1011,321 1063,321 1116,320 1168,319 1220,319 1272,318 1325,317"/>
                <TextEquiv>
                    <Unicode>Penchlets, offorints</Unicode>
                </TextEquiv>
            </TextLine>
            <TextLine id="r1l5" custom="readingOrder {index:4;}">
                <Coords points="1098,837 1116,835 1122,840 1148,829 1153,823 1170,827 1173,823 1180,825 1198,815 1207,815 1206,774 1188,771 1179,776 1167,768 1145,775 1140,770 1126,781 1112,779 1106,785 1097,785"/>
                <Baseline points="1106,814 1136,813 1166,812 1197,813"/>
                <TextEquiv>
                    <Unicode>454</Unicode>
                </TextEquiv>
            </TextLine>
            <TextLine id="r1l6" custom="readingOrder {index:5;}">
                <Coords points="1551,830 1645,844 1672,828 1781,842 1861,827 1899,842 2049,822 2049,799 1919,776 1851,789 1812,768 1753,788 1659,771 1551,800"/>
                <Baseline points="1560,817 1585,816 1610,816 1635,816 1661,816 1686,816 1711,816 1736,817 1762,817 1787,817 1812,817 1837,818 1863,818 1888,819 1913,819 1938,820 1964,820 1989,821 2014,821 2040,821"/>
                <TextEquiv>
                    <Unicode>ARTHUR SCHNITZLER.</Unicode>
                </TextEquiv>
            </TextLine>
            <TextLine id="r1l7" custom="readingOrder {index:6;}">
                <Coords points="1135,930 2457,946 2522,887 1136,875"/>
                <Baseline points="1144,913 1212,915 1280,917 1349,919 1417,920 1486,920 1554,921 1622,921 1691,921 1759,921 1828,921 1896,921 1964,921 2033,921 2101,921 2170,922 2238,922 2306,924 2375,925 2443,927 2512,929"/>
                <TextEquiv>
                    <Unicode>The power of this tragedy, however, lies not so much in the</Unicode>
                </TextEquiv>
            </TextLine>
            <TextLine id="r1l8" custom="readingOrder {index:7;}">
                <Coords points="1084,986 2527,999 2527,941 2345,931 1084,952"/>
                <Baseline points="1092,970 1163,972 1234,974 1305,975 1377,976 1448,976 1519,977 1591,977 1662,977 1733,976 1805,976 1876,976 1947,976 2018,976 2090,977 2161,977 2232,978 2304,979 2375,982 2446,984 2518,987"/>
                <TextEquiv>
                    <Unicode>actual plot or even in the marvellous delineation of Beatrice,</Unicode>
                </TextEquiv>
            </TextLine>
            <TextLine id="r1l9" custom="readingOrder {index:8;}">
                <Coords points="1087,1036 2516,1040 2516,999 2380,986 1087,990"/>
                <Baseline points="1096,1027 1166,1028 1237,1029 1307,1030 1378,1031 1448,1032 1519,1032 1589,1032 1660,1033 1730,1033 1801,1033 1871,1033 1942,1033 2012,1032 2083,1032 2153,1032 2224,1032 2294,1033 2365,1033 2435,1033 2506,1034"/>
                <TextEquiv>
                    <Unicode>gracefully and innocently childish in the very irresponsibility of</Unicode>
                </TextEquiv>
            </TextLine>
            <TextLine id="r1l10" custom="readingOrder {index:9;}">
                <Coords points="1095,1097 2528,1104 2472,1050 1095,1036"/>
                <Baseline points="1105,1085 1175,1085 1246,1085 1316,1085 1387,1085 1458,1085 1528,1085 1599,1085 1670,1086 1740,1086 1811,1086 1882,1086 1952,1086 2023,1087 2094,1087 2164,1087 2235,1088 2306,1088 2376,1089 2447,1089 2518,1090"/>
                <TextEquiv>
                    <Unicode>her fated sin, as in the rich tints of the picture and the gorgeous</Unicode>
                </TextEquiv>
            </TextLine>
            <TextLine id="r1l11" custom="readingOrder {index:10;}">
                <Coords points="1086,1145 2528,1140 2278,1095 1086,1106"/>
                <Baseline points="1095,1137 1166,1137 1237,1138 1308,1138 1379,1139 1450,1139 1521,1139 1593,1139 1664,1139 1735,1140 1806,1140 1877,1140 1948,1140 2019,1141 2091,1141 2162,1142 2233,1143 2304,1144 2375,1145 2446,1147 2518,1149"/>
                <TextEquiv>
                    <Unicode>frame in which the picture is set. All the multi-coloured elements</Unicode>
                </TextEquiv>
            </TextLine>
            <TextLine id="r1l12" custom="readingOrder {index:11;}">
                <Coords points="1089,1188 2525,1200 2465,1154 1090,1143"/>
                <Baseline points="1098,1195 1168,1195 1239,1195 1310,1195 1381,1195 1452,1195 1523,1195 1594,1195 1665,1195 1736,1195 1807,1195 1877,1195 1948,1196 2019,1196 2090,1197 2161,1197 2232,1198 2303,1199 2374,1201 2445,1203 2516,1204"/>
                <TextEquiv>
                    <Unicode>of the Renaissance take their place in the vivid scheme—poets,</Unicode>
                </TextEquiv>
            </TextLine>
            <TextLine id="r1l13" custom="readingOrder {index:12;}">
                <Coords points="1098,1251 2398,1268 2523,1247 2523,1204 1098,1219"/>
                <Baseline points="1107,1249 1177,1249 1247,1249 1318,1248 1388,1248 1458,1248 1529,1248 1599,1248 1669,1249 1740,1249 1810,1249 1880,1250 1951,1250 2021,1251 2091,1251 2162,1252 2232,1253 2302,1253 2373,1254 2443,1255 2514,1256"/>
                <TextEquiv>
                    <Unicode>sculptors, courtiers, courtesans, soldiers, and populace. Anni¬</Unicode>
                </TextEquiv>
            </TextLine>
            <TextLine id="r1l14" custom="readingOrder {index:13;}">
                <Coords points="1096,1311 2525,1325 2472,1264 1096,1263"/>
                <Baseline points="1105,1305 1175,1305 1246,1305 1316,1304 1387,1304 1457,1304 1528,1304 1598,1304 1669,1304 1739,1304 1810,1305 1881,1305 1951,1305 2022,1306 2092,1306 2163,1307 2233,1308 2304,1309 2374,1310 2445,1311 2516,1312"/>
                <TextEquiv>
                    <Unicode>hilation and vitality grow each more grandiose from their mutual</Unicode>
                </TextEquiv>
            </TextLine>
            <TextLine id="r1l15" custom="readingOrder {index:14;}">
                <Coords points="1095,1379 2531,1392 2531,1342 2467,1319 1095,1328"/>
                <Baseline points="1104,1359 1174,1359 1245,1359 1316,1359 1387,1360 1458,1360 1529,1360 1600,1361 1671,1361 1742,1362 1813,1362 1883,1363 1954,1363 2025,1364 2096,1364 2167,1364 2238,1365 2309,1365 2380,1365 2451,1365 2522,1364"/>
                <TextEquiv>
                    <Unicode>juxtaposition, and the red blood of life flows but the quicker and</Unicode>
                </TextEquiv>
            </TextLine>
            <TextLine id="r1l16" custom="readingOrder {index:15;}">
                <Coords points="1090,1434 2521,1426 2498,1378 1091,1378"/>
                <Baseline points="1100,1412 1170,1413 1241,1413 1311,1413 1382,1413 1453,1413 1523,1414 1594,1414 1664,1415 1735,1415 1806,1415 1876,1416 1947,1416 2017,1416 2088,1417 2159,1417 2229,1417 2300,1418 2370,1418 2441,1418 2512,1418"/>
                <TextEquiv>
                    <Unicode>the warmer beneath the black shadow of doom. Few more</Unicode>
                </TextEquiv>
            </TextLine>
            <TextLine id="r1l17" custom="readingOrder {index:16;}">
                <Coords points="1094,1475 2527,1463 1095,1434"/>
                <Baseline points="1103,1467 1173,1467 1244,1468 1315,1468 1386,1469 1456,1470 1527,1471 1598,1472 1669,1473 1739,1474 1810,1474 1881,1475 1952,1476 2022,1476 2093,1477 2164,1477 2235,1477 2305,1477 2376,1476 2447,1476 2518,1475"/>
                <TextEquiv>
                    <Unicode>eloquent tragedies have been written on the great twin themes:</Unicode>
                </TextEquiv>
            </TextLine>
            <TextLine id="r1l18" custom="readingOrder {index:17;}">
                <Coords points="1102,1513 2464,1556 2533,1485 1102,1474"/>
                <Baseline points="1111,1517 1181,1519 1252,1521 1322,1522 1393,1523 1464,1524 1534,1525 1605,1526 1676,1527 1746,1527 1817,1528 1888,1528 1958,1528 2029,1529 2100,1529 2170,1529 2241,1530 2312,1530 2382,1531 2453,1531 2524,1532"/>
                <TextEquiv>
                    <Unicode>*In the midst of life we are in death; in the midst of death we</Unicode>
                </TextEquiv>
            </TextLine>
            <TextLine id="r1l19" custom="readingOrder {index:18;}">
                <Coords points="1343,1567 1354,1567 1357,1569 1363,1565 1370,1565 1385,1557 1394,1558 1395,1543 1379,1544 1365,1531 1346,1529"/>
                <Baseline points="1353,1558 1385,1560"/>
                <TextEquiv>
                    <Unicode>1</Unicode>
                </TextEquiv>
            </TextLine>
            <TextLine id="r1l20" custom="readingOrder {index:19;}">
                <Coords points="1096,1592 1159,1596 1189,1582 1227,1597 1257,1579 1291,1592 1337,1583 1380,1590 1380,1560 1341,1558 1307,1536 1277,1536 1254,1552 1225,1534 1184,1554 1150,1544 1132,1552 1097,1548"/>
                <Baseline points="1106,1576 1132,1578 1159,1578 1185,1578 1212,1578 1239,1577 1265,1577 1292,1577 1318,1578 1345,1579 1372,1581"/>
                <TextEquiv>
                    <Unicode>are in lise.</Unicode>
                </TextEquiv>
            </TextLine>
            <TextLine id="r1l21" custom="readingOrder {index:20;}">
                <Coords points="1144,1647 2357,1662 2529,1611 2454,1573 1144,1604"/>
                <Baseline points="1154,1630 1222,1632 1290,1633 1358,1634 1427,1635 1495,1636 1563,1636 1632,1637 1700,1637 1768,1637 1837,1638 1905,1638 1973,1638 2041,1638 2110,1638 2178,1638 2246,1638 2315,1638 2383,1639 2451,1639 2520,1639"/>
                <TextEquiv>
                    <Unicode>Reverting back to prose, we come to Der Einsame Weg (The</Unicode>
                </TextEquiv>
            </TextLine>
            <TextLine id="r1l22" custom="readingOrder {index:21;}">
                <Coords points="1087,1686 2521,1699 2457,1650 1087,1645"/>
                <Baseline points="1096,1687 1166,1688 1237,1689 1308,1690 1379,1690 1450,1691 1520,1691 1591,1691 1662,1691 1733,1691 1804,1691 1874,1691 1945,1691 2016,1691 2087,1692 2158,1692 2228,1693 2299,1694 2370,1695 2441,1697 2512,1699"/>
                <TextEquiv>
                    <Unicode>Lonely Way, 1903). If, however, the tendency to import the</Unicode>
                </TextEquiv>
            </TextLine>
            <TextLine id="r1l23" custom="readingOrder {index:22;}">
                <Coords points="1096,1754 2525,1756 2525,1718 2409,1703 1097,1714"/>
                <Baseline points="1106,1741 1176,1742 1247,1743 1317,1744 1388,1745 1458,1745 1529,1746 1599,1746 1670,1746 1740,1746 1811,1747 1881,1747 1952,1747 2022,1747 2093,1748 2163,1748 2234,1749 2304,1750 2375,1751 2445,1752 2516,1753"/>
                <TextEquiv>
                    <Unicode>methods of the short story and the long novel were apparent in</Unicode>
                </TextEquiv>
            </TextLine>
            <TextLine id="r1l24" custom="readingOrder {index:23;}">
                <Coords points="1095,1816 2524,1818 2524,1772 2451,1761 1095,1768"/>
                <Baseline points="1104,1798 1174,1799 1245,1799 1315,1800 1386,1800 1456,1800 1527,1801 1597,1801 1668,1802 1738,1802 1809,1802 1880,1803 1950,1803 2021,1803 2091,1804 2162,1804 2232,1804 2303,1805 2373,1805 2444,1805 2515,1806"/>
                <TextEquiv>
                    <Unicode>Liebelei and Vermachtniss, it is even more marked in this play.</Unicode>
                </TextEquiv>
            </TextLine>
            <TextLine id="r1l25" custom="readingOrder {index:24;}">
                <Coords points="1090,1858 2523,1862 2496,1812 1090,1821"/>
                <Baseline points="1100,1856 1170,1856 1241,1856 1312,1857 1382,1857 1453,1857 1524,1857 1594,1857 1665,1857 1736,1857 1807,1856 1877,1856 1948,1857 2019,1857 2089,1857 2160,1857 2231,1858 2301,1859 2372,1860 2443,1861 2514,1862"/>
                <TextEquiv>
                    <Unicode>Ason, finding assire in the shape of the middle-aged lover of</Unicode>
                </TextEquiv>
            </TextLine>
            <TextLine id="r1l26" custom="readingOrder {index:25;}">
                <Coords points="1095,1907 2528,1923 2528,1881 2457,1871 1096,1875"/>
                <Baseline points="1105,1911 1175,1910 1246,1910 1316,1910 1387,1910 1458,1910 1528,1910 1599,1910 1670,1911 1740,1911 1811,1912 1882,1912 1952,1913 2023,1913 2094,1914 2164,1915 2235,1916 2306,1917 2376,1917 2447,1918 2518,1919"/>
                <TextEquiv>
                    <Unicode>his now dead mother, repudiates the natural for the putative</Unicode>
                </TextEquiv>
            </TextLine>
            <TextLine id="r1l27" custom="readingOrder {index:26;}">
                <Coords points="1100,1971 2519,1984 2519,1927 2421,1921 1101,1921"/>
                <Baseline points="1109,1967 1179,1966 1249,1966 1319,1965 1389,1965 1459,1965 1529,1965 1599,1965 1669,1966 1739,1966 1809,1967 1879,1968 1949,1968 2019,1969 2089,1970 2159,1971 2229,1971 2299,1972 2369,1972 2439,1973 2510,1974"/>
                <TextEquiv>
                    <Unicode>father; a neurotic and over-sexed young girl, finding that her</Unicode>
                </TextEquiv>
            </TextLine>
            <TextLine id="r1l28" custom="readingOrder {index:27;}">
                <Coords points="1090,2025 2531,2045 2532,2011 1090,1987"/>
                <Baseline points="1100,2018 1171,2019 1242,2019 1313,2019 1384,2020 1455,2020 1526,2020 1597,2020 1668,2020 1739,2020 1811,2020 1882,2020 1953,2020 2024,2020 2095,2021 2166,2022 2237,2023 2308,2024 2379,2025 2450,2027 2522,2029"/>
                <TextEquiv>
                    <Unicode>lover, unknown to himself, is suffering from an incurable disease,</Unicode>
                </TextEquiv>
            </TextLine>
            <TextLine id="r1l29" custom="readingOrder {index:28;}">
                <Coords points="1102,2075 2520,2086 2520,2047 2340,2030 1102,2044"/>
                <Baseline points="1111,2077 1181,2076 1251,2076 1321,2076 1391,2075 1461,2075 1531,2075 1601,2075 1671,2075 1741,2075 1811,2075 1881,2076 1951,2076 2021,2076 2091,2076 2161,2077 2231,2077 2301,2077 2371,2078 2441,2078 2512,2079"/>
                <TextEquiv>
                    <Unicode>dies by her own act. These are the two motifs knit together by</Unicode>
                </TextEquiv>
            </TextLine>
            <TextLine id="r1l30" custom="readingOrder {index:29;}">
                <Coords points="1100,2135 2530,2134 2511,2086 1100,2094"/>
                <Baseline points="1109,2132 1179,2131 1250,2131 1320,2130 1391,2130 1462,2130 1532,2130 1603,2130 1674,2130 1744,2131 1815,2131 1886,2131 1956,2132 2027,2132 2098,2133 2168,2134 2239,2134 2310,2135 2380,2136 2451,2137 2522,2137"/>
                <TextEquiv>
                    <Unicode>no shred of logical connection that form the threads on which</Unicode>
                </TextEquiv>
            </TextLine>
            <TextLine id="r1l31" custom="readingOrder {index:30;}">
                <Coords points="1102,2189 2519,2201 2519,2156 2308,2141 1103,2146"/>
                <Baseline points="1111,2185 1184,2186 1258,2186 1331,2186 1405,2186 1479,2187 1552,2187 1626,2187 1700,2187 1773,2187 1847,2187 1920,2187 1994,2187 2068,2188 2141,2189 2215,2189 2289,2190 2362,2192 2436,2193 2510,2195"/>
                <TextEquiv>
                    <Unicode>the drama is hung. Tet if here we have Schnitzler at his worst,</Unicode>
                </TextEquiv>
            </TextLine>
            <TextLine id="r1l32" custom="readingOrder {index:31;}">
                <Coords points="1101,2255 2389,2264 2524,2240 2525,2202 1101,2200"/>
                <Baseline points="1109,2242 1179,2241 1249,2240 1320,2239 1390,2239 1460,2238 1531,2238 1601,2239 1671,2239 1742,2239 1812,2240 1882,2241 1953,2241 2023,2242 2093,2243 2164,2244 2234,2245 2304,2245 2375,2246 2445,2246 2516,2246"/>
                <TextEquiv>
                    <Unicode>the many excellences even of this play attest by implication the</Unicode>
                </TextEquiv>
            </TextLine>
            <TextLine id="r1l33" custom="readingOrder {index:32;}">
                <Coords points="1091,2289 2532,2299 2464,2250 1091,2266"/>
                <Baseline points="1100,2295 1171,2295 1242,2296 1313,2296 1384,2296 1456,2296 1527,2296 1598,2296 1669,2296 1740,2296 1812,2296 1883,2296 1954,2296 2025,2296 2096,2296 2168,2297 2239,2297 2310,2297 2381,2298 2452,2299 2524,2299"/>
                <TextEquiv>
                    <Unicode>merits of Schnitzler at his best. The scene between father and</Unicode>
                </TextEquiv>
            </TextLine>
            <TextLine id="r1l34" custom="readingOrder {index:33;}">
                <Coords points="1108,2359 2467,2368 2516,2320 1108,2318"/>
                <Baseline points="1117,2350 1186,2349 1255,2348 1325,2347 1394,2347 1464,2347 1533,2347 1603,2347 1672,2348 1742,2348 1811,2349 1880,2350 1950,2351 2019,2352 2089,2352 2158,2353 2228,2354 2297,2354 2367,2354 2436,2354 2506,2354"/>
                <TextEquiv>
                    <Unicode>son is a sheer masterpiece. How delicately does the father inti¬</Unicode>
                </TextEquiv>
            </TextLine>
            <TextLine id="r1l35" custom="readingOrder {index:34;}">
                <Coords points="1093,2403 2413,2430 2513,2411 2513,2356 1093,2372"/>
                <Baseline points="1102,2404 1172,2405 1242,2405 1312,2405 1382,2406 1452,2406 1522,2406 1592,2406 1662,2406 1732,2406 1803,2407 1873,2407 1943,2407 2013,2407 2083,2407 2153,2408 2223,2408 2293,2408 2363,2409 2433,2409 2504,2410"/>
                <TextEquiv>
                    <Unicode>mate that“ mothers also have their destinies like other women.?'</Unicode>
                </TextEquiv>
            </TextLine>
            <TextLine id="r1l36" custom="readingOrder {index:35;}">
                <Coords points="1101,2487 1226,2464 1464,2495 1520,2468 1618,2494 1657,2474 1841,2485 1869,2480 1870,2428 1101,2421"/>
                <Baseline points="1110,2459 1147,2459 1185,2460 1222,2460 1260,2460 1297,2460 1335,2461 1372,2461 1410,2461 1447,2461 1485,2461 1522,2461 1560,2461 1597,2461 1635,2461 1672,2461 1710,2461 1747,2461 1785,2461 1822,2461 1860,2461"/>
                <TextEquiv>
                    <Unicode>And how complete is his rejection.</Unicode>
                </TextEquiv>
            </TextLine>
            <TextLine id="r1l37" custom="readingOrder {index:36;}">
                <Coords points="1132,2533 2534,2541 2505,2496 1132,2486"/>
                <Baseline points="1140,2533 1209,2534 1278,2535 1347,2536 1417,2537 1486,2538 1555,2538 1624,2539 1694,2539 1763,2539 1832,2539 1901,2539 1971,2539 2040,2539 2109,2539 2178,2540 2248,2540 2317,2540 2386,2541 2455,2541 2525,2542"/>
                <TextEquiv>
                    <Unicode>Juniay. It is now absolutely impossible for you to forget that you are</Unicode>
                </TextEquiv>
            </TextLine>
            <TextLine id="r1l38" custom="readingOrder {index:37;}">
                <Coords points="1099,2600 1132,2601 1150,2589 1164,2593 1175,2585 1187,2585 1196,2594 1202,2589 1212,2597 1241,2587 1255,2595 1273,2579 1288,2580 1288,2555 1278,2553 1256,2561 1239,2548 1196,2557 1177,2540 1146,2539 1135,2546 1121,2538 1101,2544"/>
                <Baseline points="1110,2577 1138,2577 1166,2578 1194,2580 1222,2581 1250,2582 1278,2581"/>
                <TextEquiv>
                    <Unicode>my son.</Unicode>
                </TextEquiv>
            </TextLine>
            <TextLine id="r1l39" custom="readingOrder {index:38;}">
                <Coords points="1130,2623 2538,2626 2470,2571 2406,2605 1130,2596"/>
                <Baseline points="1139,2622 1208,2623 1277,2625 1347,2625 1416,2626 1486,2626 1555,2626 1625,2626 1694,2626 1764,2626 1833,2626 1902,2626 1972,2626 2041,2625 2111,2625 2180,2625 2250,2625 2319,2625 2389,2626 2458,2626 2528,2627"/>
                <TextEquiv>
                    <Unicode>Fruxx. Your son—it is nothing but a word—it is a mere empty sound—1</Unicode>
                </TextEquiv>
            </TextLine>
            <TextLine id="r1l40" custom="readingOrder {index:39;}">
                <Coords points="1102,2684 1712,2686 1712,2651 1649,2634 1102,2632"/>
                <Baseline points="1110,2667 1139,2668 1169,2669 1198,2670 1228,2670 1258,2670 1287,2671 1317,2671 1346,2671 1376,2670 1406,2670 1435,2670 1465,2670 1494,2669 1524,2669 1554,2669 1583,2669 1613,2670 1642,2670 1672,2670 1702,2671"/>
                <TextEquiv>
                    <Unicode>know it, but I don't realise it.</Unicode>
                </TextEquiv>
            </TextLine>
            <TextLine id="r1l41" custom="readingOrder {index:40;}">
                <Coords points="1143,2723 1207,2719 1248,2729 1304,2713 1393,2733 1428,2714 1452,2721 1452,2678 1311,2677 1288,2688 1179,2676 1143,2687"/>
                <Baseline points="1152,2710 1178,2711 1204,2712 1231,2712 1257,2712 1283,2712 1310,2712 1336,2712 1362,2712 1389,2712 1415,2713 1442,2714"/>
                <TextEquiv>
                    <Unicode>Juniay. Felix!</Unicode>
                </TextEquiv>
            </TextLine>
            <TextLine id="r1l42" custom="readingOrder {index:41;}">
                <Coords points="1135,2763 1906,2795 2216,2768 2216,2730 2167,2712 1135,2729"/>
                <Baseline points="1145,2758 1198,2758 1251,2759 1304,2759 1357,2759 1410,2759 1463,2760 1517,2760 1570,2760 1623,2761 1676,2761 1729,2761 1782,2761 1835,2761 1889,2761 1942,2761 1995,2761 2048,2761 2101,2761 2154,2761 2208,2761"/>
                <TextEquiv>
                    <Unicode>FErix. You are further away from me since I know it.</Unicode>
                </TextEquiv>
            </TextLine>
            <TextLine id="r1l43" custom="readingOrder {index:42;}">
                <Coords points="1137,2845 2515,2858 2515,2817 2390,2797 1138,2802"/>
                <Baseline points="1147,2838 1218,2840 1290,2841 1361,2842 1433,2843 1504,2844 1576,2844 1647,2844 1719,2844 1790,2844 1862,2844 1933,2844 2005,2844 2076,2844 2148,2844 2219,2845 2291,2845 2362,2846 2434,2848 2506,2849"/>
                <TextEquiv>
                    <Unicode>Interesting again is the Nietzschean sanction for intrigue:</Unicode>
                </TextEquiv>
            </TextLine>
            <TextLine id="r1l44" custom="readingOrder {index:43;}">
                <Coords points="1102,2887 2517,2912 2478,2861 1103,2860"/>
                <Baseline points="1111,2885 1180,2889 1250,2892 1320,2895 1390,2897 1460,2899 1529,2900 1599,2901 1669,2902 1739,2902 1809,2902 1878,2902 1948,2902 2018,2902 2088,2902 2158,2902 2227,2902 2297,2902 2367,2902 2437,2903 2507,2904"/>
                <TextEquiv>
                    <Unicode>* One has the right to exploit to the completest extent all one’s</Unicode>
                </TextEquiv>
            </TextLine>
            <TextLine id="r1l45" custom="readingOrder {index:44;}">
                <Coords points="1089,2948 2368,2973 2484,2940 1089,2920"/>
                <Baseline points="1097,2950 1165,2950 1234,2950 1303,2951 1372,2952 1441,2953 1510,2954 1578,2954 1647,2955 1716,2956 1785,2957 1854,2958 1923,2959 1992,2959 2060,2960 2129,2960 2198,2961 2267,2961 2336,2961 2405,2960 2474,2960"/>
                <TextEquiv>
                    <Unicode>life with all the ecstasy and all the shame which is involved.?</Unicode>
                </TextEquiv>
            </TextLine>
            <TextLine id="r1l46" custom="readingOrder {index:45;}">
                <Coords points="1146,3011 2514,3037 2515,2971 2477,2969 1147,2970"/>
                <Baseline points="1155,3004 1222,3005 1290,3005 1357,3006 1425,3006 1492,3007 1560,3008 1627,3008 1695,3009 1762,3010 1830,3011 1898,3012 1965,3013 2033,3014 2100,3014 2168,3015 2235,3016 2303,3016 2370,3017 2438,3017 2506,3018"/>
                <TextEquiv>
                    <Unicode>Far superior, however, to Der Einsame Weg, with its heavy</Unicode>
                </TextEquiv>
            </TextLine>
            <TextLine id="r1l47" custom="readingOrder {index:46;}">
                <Coords points="1096,3057 2520,3072 2520,3029 2433,3021 1097,3023"/>
                <Baseline points="1105,3061 1175,3061 1245,3061 1315,3062 1386,3063 1456,3063 1526,3064 1596,3064 1667,3065 1737,3066 1807,3067 1877,3067 1948,3068 2018,3069 2088,3069 2158,3070 2229,3070 2299,3070 2369,3070 2439,3070 2510,3069"/>
                <TextEquiv>
                    <Unicode>Ibsenite atmosphere, is Ziischenspiel (1905), where that problem</Unicode>
                </TextEquiv>
            </TextLine>
            <TextLine id="r1l48" custom="readingOrder {index:47;}">
                <Coords points="1099,3117 2374,3139 2531,3132 2532,3093 1099,3083"/>
                <Baseline points="1108,3116 1178,3118 1249,3119 1320,3120 1391,3120 1461,3121 1532,3121 1603,3122 1674,3122 1744,3122 1815,3123 1886,3123 1957,3123 2027,3123 2098,3124 2169,3124 2240,3124 2310,3125 2381,3125 2452,3126 2523,3127"/>
                <TextEquiv>
                    <Unicode>of the quadrangle, compared to which that of the triangle is from</Unicode>
                </TextEquiv>
            </TextLine>
            <TextLine id="r1l49" custom="readingOrder {index:48;}">
                <Coords points="1106,3189 2533,3172 2458,3132 1106,3137"/>
                <Baseline points="1115,3173 1185,3173 1255,3174 1326,3174 1396,3175 1467,3176 1537,3176 1608,3177 1678,3178 1749,3179 1819,3179 1889,3180 1960,3180 2030,3181 2101,3181 2171,3181 2242,3181 2312,3180 2383,3180 2453,3179 2524,3178"/>
                <TextEquiv>
                    <Unicode>the more advanced standpoint but vieur jeu, is treated with the</Unicode>
                </TextEquiv>
            </TextLine>
            <TextLine id="r1l50" custom="readingOrder {index:49;}">
                <Coords points="1103,3241 2533,3251 2428,3182 1103,3201"/>
                <Baseline points="1111,3228 1181,3229 1252,3229 1322,3229 1393,3230 1464,3230 1534,3231 1605,3231 1676,3232 1746,3233 1817,3234 1888,3234 1958,3235 2029,3235 2100,3235 2170,3236 2241,3236 2312,3236 2382,3235 2453,3235 2524,3234"/>
                <TextEquiv>
                    <Unicode>most delicate and biting raillery. Victor Amadeus, the pianist,</Unicode>
                </TextEquiv>
            </TextLine>
            <TextLine id="r1l51" custom="readingOrder {index:50;}">
                <Coords points="1097,3293 2533,3284 2414,3241 1098,3249"/>
                <Baseline points="1106,3283 1176,3285 1247,3286 1318,3288 1389,3289 1460,3290 1531,3291 1602,3292 1673,3292 1744,3293 1815,3293 1885,3293 1956,3293 2027,3293 2098,3292 2169,3292 2240,3291 2311,3290 2382,3289 2453,3287 2524,3285"/>
                <TextEquiv>
                    <Unicode>and his wife Cecilie, the singer, love each other with as much</Unicode>
                </TextEquiv>
            </TextLine>
            <TextLine id="r1l52" custom="readingOrder {index:51;}">
                <Coords points="1107,3356 2268,3377 2546,3336 2420,3295 1107,3302"/>
                <Baseline points="1116,3342 1187,3344 1258,3345 1329,3346 1400,3347 1471,3347 1542,3347 1613,3347 1684,3347 1755,3347 1827,3347 1898,3346 1969,3346 2040,3345 2111,3345 2182,3344 2253,3344 2324,3344 2395,3344 2466,3344 2538,3344"/>
                <TextEquiv>
                    <Unicode>genuine constancy as can be expected from normal persons of the</Unicode>
                </TextEquiv>
            </TextLine>
            <TextEquiv>
                <Unicode>—.—
box 36/4
am
Penchlets, offorints
454
ARTHUR SCHNITZLER.
The power of this tragedy, however, lies not so much in the
actual plot or even in the marvellous delineation of Beatrice,
gracefully and innocently childish in the very irresponsibility of
her fated sin, as in the rich tints of the picture and the gorgeous
frame in which the picture is set. All the multi-coloured elements
of the Renaissance take their place in the vivid scheme—poets,
sculptors, courtiers, courtesans, soldiers, and populace. Anni¬
hilation and vitality grow each more grandiose from their mutual
juxtaposition, and the red blood of life flows but the quicker and
the warmer beneath the black shadow of doom. Few more
eloquent tragedies have been written on the great twin themes:
*In the midst of life we are in death; in the midst of death we
1
are in lise.
Reverting back to prose, we come to Der Einsame Weg (The
Lonely Way, 1903). If, however, the tendency to import the
methods of the short story and the long novel were apparent in
Liebelei and Vermachtniss, it is even more marked in this play.
Ason, finding assire in the shape of the middle-aged lover of
his now dead mother, repudiates the natural for the putative
father; a neurotic and over-sexed young girl, finding that her
lover, unknown to himself, is suffering from an incurable disease,
dies by her own act. These are the two motifs knit together by
no shred of logical connection that form the threads on which
the drama is hung. Tet if here we have Schnitzler at his worst,
the many excellences even of this play attest by implication the
merits of Schnitzler at his best. The scene between father and
son is a sheer masterpiece. How delicately does the father inti¬
mate that“ mothers also have their destinies like other women.?'
And how complete is his rejection.
Juniay. It is now absolutely impossible for you to forget that you are
my son.
Fruxx. Your son—it is nothing but a word—it is a mere empty sound—1
know it, but I don't realise it.
Juniay. Felix!
FErix. You are further away from me since I know it.
Interesting again is the Nietzschean sanction for intrigue:
* One has the right to exploit to the completest extent all one’s
life with all the ecstasy and all the shame which is involved.?
Far superior, however, to Der Einsame Weg, with its heavy
Ibsenite atmosphere, is Ziischenspiel (1905), where that problem
of the quadrangle, compared to which that of the triangle is from
the more advanced standpoint but vieur jeu, is treated with the
most delicate and biting raillery. Victor Amadeus, the pianist,
and his wife Cecilie, the singer, love each other with as much
genuine constancy as can be expected from normal persons of the</Unicode>
            </TextEquiv>
        </TextRegion>
        <TextRegion orientation="0.0" id="r2" custom="readingOrder {index:1;}">
            <Coords points="2652,3396 2652,3550 2694,3550 2694,3396"/>
            <TextLine id="r2l1" custom="readingOrder {index:0;}">
                <Coords points="2647,3535 2656,3534 2665,3539 2669,3536 2679,3537 2683,3533 2690,3536 2706,3533 2694,3414 2657,3417 2649,3427 2636,3427"/>
                <Baseline points="2652,3500 2694,3496"/>
                <TextEquiv>
                    <Unicode></Unicode>
                </TextEquiv>
            </TextLine>
            <TextEquiv>
                <Unicode></Unicode>
            </TextEquiv>
        </TextRegion>
    </Page>
</PcGts>
