3392 4320
1498 250 1964 337 box 36/4
379 263 477 324 m
241 248 1345 362 P#phlets, offprints
2042 914 2182 997 461
1218 918 1704 1008 ARTHUR SCHNITZLER.
743 1030 2175 1101 pose of the picture. Remigio rises to the occasion and seizes on
749 1092 2179 1156 this splendidly tragic attitude to complete an unfinished portrait
741 1150 1345 1222 of this lovalest of wives.
790 1204 2188 1266 And then they awaken from their trance. But the magnet of
746 1244 2184 1309 destiny draws them inexorably. Pauline grants the assignation,
760 1312 2186 1379 with an air, however, of mystic fatality, which shows only too
755 1360 2184 1454 well with what precision the present must once again mirror the
752 1437 898 1497 past.
787 1458 2191 1544 Perhaps, however, the most sustained and elaborated specimen
751 1528 2191 1598 of our author’s method is the ironic tragedy of the French
757 1581 2193 1645 Revolution, The Green Cockatoo. The“ Green Cockatoo'’ is a
759 1648 2194 1713 house where brilliant, if disreputable, actors give, forthe edifica¬
761 1690 2190 1759 tion of their aristocratie audiences, impromptu representations of
757 1764 2187 1816 crime and vice. At the beginning of the play, Henri, the star¬
754 1822 2195 1874 man, rushes on to the stage shouting out that he has found his
768 1849 2190 1922 wife, Leocadia, with her lover and killed her. Such a calamity
756 1908 2196 1969 being not apparently primd facie improbable, even the manager
760 1963 2198 2036 is almost as alarmed as the audience, till he realises that the
774 2018 2202 2089 whole thing is but a histrionic tour de force. And then, as the
769 2070 2193 2159 play progresses, the atmosphere becomes more and more lurid
773 2137 2199 2197 with impending gloom. Jest and reality intermingle in the
779 2183 2202 2257 subtlest of ironies. It is part of the entertainment that the raga¬
775 2235 2209 2314 muffins should lavish on their patrons the freest of insults. But
764 2288 2198 2354 is there not a paradox within the paradox, when one remembers
767 2355 2206 2416 that the Bastille has fallen that very day? The various types,
766 2417 2214 2470 moreover, of an aristocracy exhibiting the“levity of people who
777 2468 2205 2548 are shortly going to be hanged?’ are delightfully portrayed—the
769 2514 2207 2581 rireur, for whom every day is lost in which he has not captured
780 2577 2204 2651 a woman or killed a man,?’ the pretty boy, just up from the
770 2635 2201 2688 provinces, and the lascivions grande dame, who, in spite of her
783 2677 2202 2765 husband’s anxiety, is very far from shocked at these spectacular
783 2725 2208 2805 novelties. And then Henri rushes on the stage to give yet an¬
778 2783 2210 2850 other representation of the avenging husband—and this time he
778 2856 1858 2916 surpasses himself, for he is but acting the truth.
831 2893 2211 2954 Though it is somewhat-outside the sphere of this appreciation,
785 2955 2209 3020 it is impossible to conclude without some reference to Schnitzler’s
781 3004 2209 3103 short stories and to Schnitzler’s novels, which stand on practically
790 3056 2211 3130 as high a level as his plays. Like De Maupassant, Schnitzler has
788 3121 2216 3186 only one real motif. Unlike De Maupassant, however, it is the
787 3167 2216 3249 psychological complications in which he is chiefly interested.
786 3221 2217 3292 In further contrast, his stories lack that inevitable precision of
797 3277 2222 3353 climax which is the chief mark of the French author. Tet.
796 3346 2220 3437 perhaps, it is for this very rcason that, with their picturesque
787 3378 2234 3466 atmosphere and pathetic simplicity, they obtain an added reality.
788 3438 2226 3525 In thealmost elinical minuteness of his psychology, explicable from
