3344 4320
1485 338 1939 427 box 36//4
166 338 1318 443 . Pamphlets, Offprints
1533 1018 2018 1107 ARTHUR SCHNITZLER.
1095 1114 2502 1194 Further, it is one of the precepts of our dramatic technique
1056 1202 2498 1257 most honoured in the observance, that the action should take place
1062 1244 2500 1299 among people of high social position; as, however, it so happens
1069 1300 2501 1366 that it is rather among the more intellectual and introspective of
1071 1367 2492 1422 the middle classes that genuine problems tend to arise, the scope
1067 1405 2509 1460 of the dramatist becomes automatically narrowed. Of course, we
1068 1465 2496 1532 have our dramatic left wing—Mr. Shaw, Mr. Galsworthy, Mr.
1068 1517 2501 1565 Barker, Mr. St. John Hankin—our ultra-modern exponents of the
1071 1588 2511 1638 drama of ideas and the drama of psychology. But here again our
1068 1623 2501 1682 revolutionaries overshoot the mark in their reaction from the
1067 1685 2503 1742 orthodox. Mr. Shaw will bombard us with ideas till we can
1073 1744 2495 1802 hardly stand. When, however, we have recovered our balance we
1065 1805 2504 1851 observe that, however indisputable may be his pre-eminence as a
1074 1841 2504 1902 thaumaturgic apostle of the latest gospel of social philosophy, his
1072 1909 2512 1964 characters are marked by comparatively few traits of individual
1072 1958 2509 2018 psychology, and participate in comparatively little dramatie
1072 2009 2504 2066 action. It is indeed with profound appreciation of his weakness
1078 2076 2504 2138 that“talking'' is set by Mr. Shaw as a final seal on the Superman.
1068 2115 2503 2170 Mr. Galsworthy, Mr. St. John Hankin, and Mr. Barker, it is
1078 2187 2506 2242 true, do give us not only elaborate discussion of social problems
1073 2229 2508 2294 (though not infrequently an airy discussion of things in general
1071 2295 2512 2347 is dragged in forcibly with no, or little, reference to the action of
1066 2336 2509 2393 the play) but also refined and delicate delineations of individual
1071 2390 2512 2448 character. But with the possible exception of the grandiose and
1077 2455 2503 2516 monstrous Waste and the statuesque thesis and antithesis of the
1069 2511 2506 2568 sociological Strife, their plays are not dramatic. To express it
1087 2560 2493 2623 with almost childish simplicity, their plays are not “exciting.
1078 2605 2520 2686 With a few exceptions they are charged with no atmosphere and
1082 2672 1509 2737 abut at no climax.
1126 2724 2518 2785 Mere ideas, however will not make the dramatic world go round
1078 2788 2519 2843 and mere psychology often only makes it go flat. Few words are
1073 2827 2512 2901 mouthed with such fluent irresponsibility as “technique,? but it
1084 2882 2494 2950 may be said—and said, we think, truly, and without affectation—
1085 2930 2522 2993 that no play can be a success without a certain minimum of
1088 2986 2509 3067 Stechnique?': that is to say, either one continnous thread of
1086 3045 2502 3107 dramatic interest on which successive acts are strung, or some
1086 3106 2512 3171 particular arch-effect to which (especially if a one-act play) the
1082 3171 2505 3226 whole play abuts and to the atmosphere of which all the elements
1079 3213 1647 3278 are harmonionslv toned.
1133 3254 2519 3320 The vice of the English drama, then, is this: plays of good
1088 3329 2520 3384 technical mechanism possess little or no“ problem'’ interest; plays
1080 3369 2533 3431 of “ problem?' or psychological interest possess little or no
1084 3433 1610 3507 technical mechanism.
1119 3485 2524 3552 Let us, consequently, glancing first at his plays, and perhaps
1073 3550 2521 3626 later at those short stories which stand in the most intimate
