3344 4320
141 334 190 400 1
1476 305 1944 402 box 36/4
211 313 1322 422 Panphlets, offprints
1783 803 2312 942 InLILe
2060 925 2322 1055 Ge¬
1204 1329 1887 1427 ARTHUR SCHNITZLE.
850 1442 2246 1488 My dear friend, as far as that grotesque realism is concerned, which con¬
821 1499 2250 1554 siders it its duty to get along without stage management or prompter,
829 1541 2261 1583 that realism, in which a fifth act frequently fails to be reached, because a
820 1591 2258 1641 tile has fallen upon the hero’s head in the second act—I am not interested.
821 1639 2262 1697 As for myself, I let the curtain go up when it begins to be amusing, and
820 1661 1830 1718 1 let it go down at the moment which I consider fit.
820 1742 2254 1811 Ir is in these words, touched with a delicate flippancy which
813 1822 2251 1886 is thoroughly characteristic, that Arthur Schnitzler endeavours to
828 1873 2255 1931 summarise the technique which, though it has lifted him to the
824 1925 2255 1981 summit of the Austrian drama, is as yet comparatively unknown
831 1981 2252 2033 to the English public, if one except the performance of two of
824 2020 2256 2089 his one-act pieces by the New Stage Club, and the recent pro¬
831 2080 2010 2149 duction of the play Liebelei at the Afternoon Theatre.
866 2142 2261 2201 It is in fact because Schnitzler’s plays combining, and on the
818 2195 2254 2249 whole combining efficiently, the psychological interest of pure
825 2233 865 2300 7
853 2249 2264 2305 problem'’ with the emotional interest of pure“ drama'’ afford
828 2304 2253 2366 specimens of a type novel to at any rate the majority of our
823 2360 2246 2422 theatre-goers, that they provoke something more than a cursory
826 2418 2264 2471 examination not only of themselves, but of the standpoint and
816 2477 2247 2543 method of the man who wrote them. Above all is this the case
828 2524 2263 2583 in a country like England, where the problem play is hampered
816 2587 2257 2646 by so many handicaps. The exaggerated officialdom of our
823 2632 2257 2684 English propriety, beneficial though it may be from the moral
817 2706 2254 2758 aspect, produces artistically unfortunate results. Many first-class
823 2758 2258 2812 problem plays are exiled from the stage, but that is not where
823 2811 2260 2866 the mischief ends: even when they are produced, it is only to be
827 2853 2258 2923 looked upon with suspicion as eccentric symptoms of dangerous,
820 2907 2261 2966 not to say anarchistic tendencies. When, however, official and
833 2960 2242 3032 Prespectable?’ dramatists (f.c., dramatists of the stamp of Mr.
828 3019 2256 3069 Pinero or of Mr. Sutro) produce so-called problem plays before
821 3074 2244 3133 official and “respectable'’ audiences (f.e., audiences of a calihre
827 3128 2261 3189 other than that of those who patronise the Court and Stage Society
829 3191 2249 3256 performances), it will usually be found (if, indeed, the play is not
821 3235 2249 3310 an innocuous family drama, or simply a comedy of intrigue, for
819 3299 2258 3349 in many cases the word“ problem?’ has degenerated into a mere
820 3341 2252 3397 euphemism for some slight forgetfulness of the seventh Command¬
830 3397 2254 3446 ment) that the dramatist has sacrificed the duty of working out
818 3465 2259 3534 his problems logically and artisticaily to the still more paramount
828 3508 2117 3578 duty of appeasing the moral consciousness of his audience.
