3344 4320
1478 243 1949 332 box 36/4
255 253 1332 346 Pamphlets, offprints
989 953 1107 1034 462
1442 957 1939 1040 ARTHUR SCHNITZLER.
973 1066 2405 1132 the fact that he was once a doctor, he is reminiscent of Mr. Henry
982 1128 2413 1189 James—of a Mr. James, however, who writes without preciosity
979 1196 2410 1249 about individuals linked with ordinary human beings by someshred
974 1236 2409 1304 of normality. Among his short stories we would mention in par¬
984 1291 2414 1355 ticular Die Frau die Weisen, Das neue Lied, and the hypnotic
986 1344 2412 1410 fantasia at the beginning of Dammerseelen. His latest novel,
969 1408 2416 1461 moreover, Der Weg ins Freie, is achef d’aurre, with its delicate
983 1450 2409 1506 and exhaustive analysis of the more modern phases of Viennese
987 1510 2416 1563 life. His style, it should be added, flows with a limpidity and
975 1570 2422 1629 is balanced by a cadence found only too rarely in the German
980 1624 1241 1692 language.
1027 1688 2415 1736 To revert, however, to Schnitzler the dramatist, what are his
979 1743 2419 1794 chief claims, his chief excellencies, his chief defects? It seems
988 1779 2419 1841 to us that the essence of his merit lies in the fact that he handles
966 1848 2410 1909 problems neither as ends in themselves, as do the more advanced
975 1892 2404 1956 of our own dramatists, nor yet, like Sudermann, as mere pegs
977 1954 2406 2026 on which to hang violently theatrical stage effects. Some
974 2013 2408 2072 problem may constitute the centre of most of his plays; yet,
974 2067 2402 2121 with a few exceptions, this problem is not presented too nakedly
978 2120 2420 2174 or without sufficient relief. Each problem is bathed in an artistic
978 2179 2416 2233 atmosphere and each character in the picture limned with the
981 2233 2415 2290 most subtle psychology. It is true that, as has already been
985 2288 2404 2360 pointed out, many of the acts in his longer dramas exhibit too
978 2349 2416 2398 strong a tendeney to form self-independent pictures; yet it is
982 2381 2404 2448 this defect which forms the chief charm of his one-acters. It
972 2451 2405 2508 is true that nearly all his characters are Bohemian—artists,
981 2505 2412 2553 fläneurs, actresses, journalists, doctors, painters—yet cach author
976 2559 2412 2614 creates as of right the population of his own individual world;
984 2622 2411 2673 and is it not rather a claim to glory to have attained such heights
972 2665 2412 2727 of dramatie celebrity and yet scarcely ever to have written a
975 2712 2410 2789 single play specifically devoted to fashionable life? It is true
977 2779 2413 2837 that the ethics of these plays, with their chronic and inevitable
983 2827 2423 2900 intrigues, may strike the English mind as somewhat unnsual;
975 2868 2420 2948 get Schnitzler enjoys the reputation of being the most brilliant
979 2939 2419 2998 and accurate portrayer of contemporary Viennese life. After
978 2995 2425 3059 all, from the standpoint of dramatic art, that which counts is
974 3058 2133 3113 not the ethics but the presentation of the problem.
1038 3094 2426 3159 Tet, with all his subtlety and all his problems, he is never
971 3161 2412 3220 heavy. Vienna stands intellectually nearer to Paris than to
976 3203 2411 3270 Berlin, so that the Teutonic introspection and sentimentalism
985 3259 2423 3324 are tonched with a Gallic sprightliness and a Gallie grace. No
984 3330 2420 3382 dramatist has written tragedy with so light a hand, or comedy
980 3379 2329 3443 with so ironically pathetic a smile as has Arthur Schnitzler.
1880 3423 2399 3512 Honacr B. SamuEn.
