3436 4320
190 210 271 294 1
2105 135 2370 213 —
1527 199 1979 299 box 36/4
305 202 1370 309 Pamphlets offorints
1511 772 1860 865 Bühne und Welt.
2414 789 2553 875 365
831 894 2539 952 gnügter Robustheit das Leben nehmen könnte, ohne alles bedenkliche Grübeln und
834 959 2544 1009 auch ohne alle heroische, zum Ausnahmetum berechtigende Tatkraft. Das macht für
833 1008 2533 1084 mich den bitteren Humor des Lustspiels „Literatur“ und des hanebüchenen Schwankes
842 1070 2536 1133 „Komtesse Mizzi oder der Familientag“ aus, daß ich durch die Worte dieser gleich¬
841 1113 2549 1195 mütigen Ordner ihrer Lebenswirrnis immer aus Schnitzlers eigenem Alunde ein
838 1166 2039 1236 fast neidisches „so leicht geht es auch“ zu hören vermeine.
953 1193 2532 1305 Wie schwer Naturen, die ihm gleichen, mit dem Lben zu ringen haben, das
829 1273 2541 1344 hat Schnitzler, bis zur Spitzfindigkeit individualisierend, im „Zwischenspiel“ gezeigt,
837 1333 2530 1382 einem Drama, das er wohl aus Selbstironie „Komödie“ nannte. Der Kapellmeister
830 1381 2532 1450 Amadäus und die Sängerin Cäcilie trennen sich nach mehrjähriger, glücklicher
836 1438 2534 1514 Ehe, finden sich zu kurzem Liebesrausch wieder und müssen aufs neue und dauernder
835 1497 2539 1569 zur Bewahrung ihrer Selbstachtung voneine der gehen, obwohl sie ihre geistige
835 1545 2543 1628 und seelische Zusammengehörigkeit klar empfnden. Sie haben eine neue und freiere
833 1591 2533 1675 Ehe führen wollen und sind bei diesem Unterfangen gescheitert. Sie wollten sich
838 1652 2540 1732 immer wahrhaftige Freundschaft halten, ihren Sinnen aber sollte es erlaubt sein,
841 1713 2532 1777 auch über die eheliche Grenze hinauszugreifen, und sie bedachten im Anfang wohl
839 1748 2539 1834 nicht, wie schlecht es um die getrennte Buchführung zwischen seelischer und sinnlicher
838 1811 2533 1875 Liebe steht. Als ihre Ehe ganz aufhörte, wollten sie wie Kameraden leben; als
833 1872 2537 1950 dann die alte Liebe wieder die Kameradschaft stört, sind sie zu feinfühlig, ein so
832 1913 1594 1991 brüchiges Verhältnis weiterzuführen.
947 1971 2529 2042 Wie der Roman zur Novelle, verhält sich zu dieser dramatischen Ehestudie
826 2035 2528 2102 Schnitzlers reichstes Gegenwartsstück „Der einsame Weg“. Im „Zwischenspiel“ ging
825 2089 2529 2146 es um das Verhältnis der Gatten zueinander, im „Einsamen Weg“ tritt das Kind
820 2157 2520 2212 entscheidend in den Dordergrund; im „Zwischenspiel“ lernt man uns die schwanken¬
831 2192 2522 2247 den Ebenbilder Schnitzlers kennen, im „Einsamen Weg“ sucht er auch die geschlossenen
824 2248 2528 2310 Charaktere, die Tatmenschen zu malen. Das Kernwort dieser Dichtung ist hier
833 2305 2548 2370 schon einmal genannt worden, als es sich darum handelte, Anatels Zustände von .
835 2351 2516 2424 wirklicher Liebe abzugrenzen. „Lieben heißt, für jemand andern auf der Welt sein.“
833 2404 2513 2474 (Und der auf solchen Satz ein tiefes Drama basierte, heißt unablässig „der Erotiker“!)
824 2463 2526 2507 Dat Julian Fichtner, der sich die Freiheit des künstlerischen Schaffens bewahren, und
827 2516 2531 2561 Stephan von Sala, der sich die Freiheit des künstlerischen Lebensgenusses nicht ver¬
820 2570 2534 2648 kümmern wollte, diese Weisheit zu spät erfassen, das macht den absteigenden Teil
830 2609 2523 2703 ihres Lebensweges so einsam. Sie haben nur genießen, nur nehmen wollen, sie
827 2668 2522 2744 haben sich selber niemals fortgeschenkt, und so haben sie denn auch niemals die
813 2739 2511 2801 völlige und dauernde Hingabe einer andern Seele erfahren. Und es ist nur eine
821 2781 2512 2853 Transposition des gleichen Themas ins Weibliche, was Schnitzler an der Einsamkeit
830 2838 2521 2920 einer alternden Schauspielerin zeigt. Auch Irene Herms war nur die Genießende,
815 2897 2510 2962 die Nehmende, genießend in ihrem Kunstschaffen, genießend in ihrer Liebesleidenschaft.
822 2944 2516 3009 Dem naturgebotenen Geben, der Pflicht gegen das Kind, das sie hätte haben
826 3002 2519 3049 können, hat sie sich entzogen. Doch nicht etwa als ein Moralisierender stellt Schnitzler
823 3048 2515 3128 seinen Menschen diese ethische Rechnung auf. Sondern nur wie ein Arzt auf den
822 3106 2503 3167 Willen der Natur aufmerksam macht, den er deshalb noch längst nicht für das aus¬
813 3151 2515 3231 schließlich Gute hält. Denn der lebensdurstige Dichter begreift ja allzu gut jedes
817 3205 2519 3271 Streben nach fessellosem Genuß, er weiß allzu genau, daß die im Nahmen der Pflicht
823 3270 2518 3327 Bleibenden diesen Rahmen manchmal als Fessel empfinden müssen. So hat er denn
815 3318 2504 3401 die Gegenspieler der Skrupellosen und Einsamen keineswegs zu ganz Glücklichen, für
814 3380 2512 3454 ihre Tugend belohnten Menschen gemacht. Professor Wegrath, der die verlassene
816 3433 2511 3487 Jugendgeliebte des genialeren Fichtner geheiratet und dessen Kind für den eigenen
811 3478 2510 3538 Sohn hält, genießt doch nur ein schmerzliches Glück, obwohl Felix, als er die Wahr¬
807 3543 2519 3593 heit erfährt, sich ganz als Wegraths Sohn fühlt und zu dem einsamen Fichtner, der
806 3593 2510 3657 ihn um Kindesliebe aufleht, mit völliger Kälte sagt: „Ihr Sohn . .. es ist nichts
2515 4073 2581 4159 7
