3436 4320
1533 286 1999 391 box 36/4
181 290 1378 395 1. Pamphlets, Offprints
1597 862 1956 951 Bühne und Welt.
2495 892 2640 985 565
930 971 2626 1075 erklärt schließlich: „Ich glaube überhaupt nicht, daß solche Wanderungen ins
934 1050 2634 1137 Freie sich gemeinsam unternehmen lassen ... denn die Straßen laufen ja nicht im
932 1089 2631 1175 Lande draußen, sondern in uns selbst. Es kommt nur für jeden darauf an, seinen
923 1148 2626 1238 inneren Weg zu finden ... den Mlut seiner eigenen Natur zu haben.“ Und das,
927 1190 2625 1291 meinte nun Arthur Schnitzler, sei für ihn so entscheidend gewesen, daß ihm die
915 1244 2630 1343 tausendfache Verschiedenheit der inneren Wege aufgegangen sei, daß er es aufgegeben
927 1304 2627 1386 habe, in welcher Angelegenheit auch immer, nach allgemein gültigen Lösungen
922 1373 2619 1465 zu suchen, die er mit seiner ewigen Skepsis, dem steten Rundherum seines Betrachtens
924 1409 2625 1498 doch niemals finden könnte. Früher, sagte er, und mir ist das wohl wörtlich im
925 1457 2614 1537 Gedächnis geblieben — früher bin ich von Fragen ausgegangen; jetzt gehe
923 1497 2623 1611 ich von Menschen aus. Nimmt man es mit der chronologischen Genauigkeit
923 1575 2609 1668 nicht allzu ängstlich, so hat man in diesem Satz wirklich die entscheidende Entwickelung
919 1618 2608 1727 des Dramatikers Schnitzler: Er schreibt Thesenstücke und versagt; er dichtet, wenn
919 1671 2542 1754 der Ausdruck gestattet ist, Menschendramen und erweist sich als völliger Dichter.
1033 1737 2597 1820 Der junge Schnitzler ließ sich von der Zeitströmung der neunziger Jahre be¬
907 1789 2601 1864 einflussen und basierte etliche seiner Dramen auf allgemeinen Fragen, für die allgemeine
903 1849 2600 1935 Lösungen gesucht wurden. Da ging es um das Duell, um das Liebesrecht der Frau
906 1902 2598 1987 usw. Diese Stücke mißlangen dem Dichter, weil er für sie zu objektiv war. Man
908 1955 2601 2041 verstehe mich recht; ich bin nicht etwa der Meinung, daß ein Dichter in solchen
908 1988 2608 2105 Theaterdramen nur dann wirken kann, wenn er ganz unkünstlerisch schwarze
898 2060 2599 2124 und weiße Duppen auf die Bühne stellt. Nein, seinen Gestalten gegenüber
905 2099 2603 2205 kann er gar nicht objektiv genug sein. Aber mit dieser Objektivität — das übersieht
895 2150 2592 2247 man immer wieder und sollte es doch spätestens an „Nora“ und den „Stützen der
894 2219 2594 2311 Gesellschaft“ etwa gelernt haben! — mit dieser Objektivität kann sich sehr wohl
893 2272 2602 2365 eine auf die Sache selber gerichtete Subjektivität verbinden, kann nicht nur, sondern
904 2323 2600 2420 muß es sogar, wenn anders nicht das Drama der eigentlich dramatischen Stoßkraft
902 2377 2598 2473 verlustig gehen soll. In den vierziger Jahren fochten Freiligrath und Herwegh ihr
897 2435 2601 2524 berühmtes Duell aus. Jener schrieb: „Der Dichter steht auf einer höheren Warte
898 2482 2596 2582 als auf der Zinne der Partei“, und herwegh erwiderte leidenschaftlich: „Partei!
879 2540 2589 2626 Partei! Wer sollte sie nicht nehmen, die noch die Mutter aller Siege war!“ Der
887 2589 2590 2677 Dramatiker muß in manchem Fall diesen beiden Reinungen gerecht werden, muß die
889 2644 2577 2740 Menschen Bonaparte und d’Enghien so unparteilich zeichnen, wie das Freiligrath
885 2717 2578 2794 verlangt, und muß doch nach herweghs Forderung der Sache gegenüber „nur offen
885 2768 2578 2837 wie ein Mann: Für oder Wider“ Stellung nehmen. Und das eben ist Schnitzlers
881 2805 2577 2905 für den Thesendramatiker allzugroße Objektivität, daß er auch an der feindlichen
882 2859 2580 2960 Sache das Gute, an der ihm sympathischen das Unerfreuliche sieht, daß er also auch
879 2911 2572 3009 ihr gegenüber parteilos bleibt. So wurden „Märchen“ und „Freiwild“ im Kern
878 2975 2567 3064 undramatische Stücke, interessant, aber ohne alle Wucht des Zusammenpralls, und
882 3018 2571 3116 dadurch, daß Schnitzler diesen Mangel gewissermaßen zu übertäuben suchte, indem
878 3079 2569 3164 er zum mindesten im „Freiwild“ die äußere Wandlung zu einer recht gewaltsamen
870 3136 2576 3227 machte, offenbarte er ihn der feineren Empfindung erst recht. Die Inkonsequenz
880 3196 2567 3282 Fedor Danners, der sich über das „Märchen“ von den Gefallenen hinwegsetzen will
864 3245 2561 3329 und auf eine erbärmliche Weise daran scheitert, das sinnlos inkonsequente Verhalten
863 3307 2563 3370 Paul Rönnings im „Freiwild“ der Diellfrage gegenüber — beides erscheint mir
863 3364 2556 3438 peinlich und vermag durchaus kein Alitgefühl beim Hörer oder Leser zu erregen.
865 3391 2564 3481 Trauriger aber als um diese zwei Dramen ist es um das dritte der gleichen Gattung
872 3442 2563 3545 bestellt. Denn während jene von Anfang bis zum Ende eben nur wie eine Abhandlung
865 3522 2569 3604 oder Diskussion interessieren, nirgends erhitzen und so auch nirgends erkälten, reißt
866 3574 2562 3646 Schnitzler im „Vermächtnis“ durch einen meisterlich gelungenen Akt den Hörer hin
858 3601 2562 3701 und stößt ihn nachher um so gründlicher ab. Denn dieses Stück ist im Anfang eine
867 3682 2563 3772 erschütternde Menschendarstellung und wird erst im weiteren Ablauf zum fatalen
