3392 4256
242 106 1322 203 26.2. Das Bacchusfest
1492 103 1979 217 box 32/10
2492 71 2550 139 8
2416 138 2575 194 —
2419 210 3193 258 som Egtemanden, som er Digter nok
2417 268 3200 333 til at ane, hvad der er sket, fer det er
2414 322 3200 393 udtalt, og til at vise, at det er intet og
2411 387 3199 451 ber vere intet, ikke andet eller mere
2407 446 3191 503 end den Elskovsnat, Enhver ved der
2413 505 3191 568 antike Bacchusfest havde Lov til a
2415 567 3190 630 epleve i fremmede Arme, og som Da
2404 620 3182 689 gen derpaa skulde vere glemt. Mo
2413 679 3179 738 ralen er den lidt trivielle —: Egte
2410 736 3186 801 skabsbrud — Benbrud — smaa heen
2405 790 3178 869 delige Uheld, videre! — Er man Ver
2411 858 3176 920 densmand, eller er man det ikke
2408 906 3173 968 Aanden og Kunsten i en saadan Ba
2411 972 3174 1027 gatel ligger helt og holdent i Dialoger
2413 1032 3175 1094 som til Gengald virkelig er mesterli
2411 1084 2726 1152 og blaendende.
2467 1137 3141 1215 Stykket blev udmerket spillet
2408 1199 3175 1275 Albrecht Schmidt som Egtemande
2404 1261 3171 1337 Clara Pontoppidan som Hustruen
2394 1323 3178 1391 dage Schmidt som Elskeren. Seerl
2397 1398 3161 1460 sidstnevntes Preestation var sikker
2406 1457 3154 1520 morsom, og Samspillet var udmark
2399 1496 3148 1571 afstemt — kun en Grad 7or diskret¬
2392 1560 3160 1627 Schnitzler kalder Stykket en Komed
2415 1613 3158 1709 — Elskeren maa gerne vere lidt Dor
2394 1677 3158 1750 pap og Egtemanden gerne have me
2394 1735 3162 1807 Tempo, det er jo dog hans digteris
2396 1804 3118 1863 Ordstrem, der lammer de andre
2382 1865 3139 1944 kort sagt, samtlige Farver maa ger
2381 1918 3145 2003 meettes lidt mere. Men det vil n#
2385 1973 2807 2040 komme avtomatisk.
2450 2027 3153 2103 Ligger Meningen 1 Bacchusfest
2379 2102 3151 2168 bestandig bag Ordene, saa ter m.
2390 2161 3142 2234 nok sige, at Intet forbliver uudtalt
2391 2218 3136 2306 Man kan, kvad man vil, og krever d
2384 2265 3136 2353 ferste Stykke intimt Kammerspil, ##
2384 2323 3138 2417 er det andet til Gengeld lutter K
2376 2379 3134 2462 styme, Maske og Ageren. De sede
2375 2445 3131 2520 Hemmeligheder hvisles og hvent
2377 2516 3135 2571 „afsides“ ud over Lamperekken
2384 2560 3129 2635 der voldsomme Gestus. Man heher
2386 2620 3132 2690 blot at vide, at det er bearbejdet „ef
2383 2682 3120 2761 det Franske“ (hvilket vil sige efter
2373 2744 3133 2813 to Ligegyldigheder Ancelots og Cos
2374 2800 3137 2887 berousses Stykke) ved Elverheis Fé
2378 2856 3125 2941 fatter i samme Aar, hvor han ovd
2374 2919 3113 3011 satte Farinelli — for at vide Genre
2377 2971 3138 3074 Det gamle Lystspil er jo for evr#
2374 3043 3137 3117 saa velkendt fra tidligere Opferelse
2368 3106 3133 3178 at der ikke er nogen Grund til at ges#
2365 3156 3146 3229 give dets Indhold, det vil desuden ver
2361 3221 3141 3293 re Synd at rebe det for dem, der 1##
2365 3293 3130 3364 kender det — for det skal netop nyds
2370 3347 3126 3423 saa dampende naivt, som det er. S
2360 3396 3126 3477 er jo ikke moderne Skuespilleres sta
2357 3468 3121 3528 ke Side, Realismen har spoleret de
2361 3521 3131 3594 for de fleste af dem, og der manglei
2359 3582 3117 3653 lidt Stil 1 Aftes. Men Eyvind Joha
2358 3650 3126 3708 Svendsen havde det rette troskyldi¬
2363 3694 3128 3773 d’Artagnan-Sving over den ildful
2362 3765 3113 3831 Leitnant, der vinder Hertuginde
2352 3815 3115 3874 Haand og Hjerte trods alle Vanskeli
2361 3876 3108 3940 heder, og Clara Pontoppidan klare
2358 3930 3120 4002 naturligvis Barnekongen Carl II (Al
2358 3992 3109 4064 na Larssens gamle Rolle) med Br.
3060 4030 3153 4102 E
2360 4049 2491 4105 vour.
