3392 4256
286 116 1389 216 26.2. Das Baschusfest
157 1659 1521 1707 Schnitzlers Einakter schrift in einer Position, die dem andern die Rück¬
165 1701 546 1763 t bedeutend leichter
562 1712 1513 1763 eroberung der zaghaften Bacchantin leicht macht.
160 1746 549 1799 Charakterstudie. Das
552 1754 1517 1825 Die HH. Eßler und Schlott steuern zum Haupt¬
166 1791 555 1848 der Worte und im
557 1800 1131 1870 spiel zwei gute Chargen bei.
158 1830 553 1898 der Schnitzler, trotz
162 1878 546 1937 amüsante Apereus
176 1915 551 1982 die Frau des sehr
138 1961 550 2024 kaufner ihren Mann
152 2012 547 2073 s wegen verlassen
159 2054 548 2108 rzeugend dargetan.
161 2097 553 2153 die Art, wie dann
161 2146 555 2201 n Gespräch mit den
174 2182 545 2243 führt — unter be¬
184 2234 555 2285 sein neues Stück
162 2267 545 2324 jenen alten Brauch
169 2319 545 2371 snahme=Nacht der
145 2355 552 2414 jährend die Wieder¬
190 2400 537 2459 Tod bringt. Solch
187 2445 472 2500 det kein Mann
172 2484 529 2545 he Drum und Dran
471 2628 525 2678 en
458 2802 507 2846 ind
467 2838 523 2891 lle
456 2929 515 2985 ort,
460 2975 536 3044 5r¬
1542 118 2047 212 box 32/10
2603 1454 2882 1507 N. esssAsssse
1828 1443 2506 1503 M.
1868 1536 2849 1626 Argus Suisse et International de la Presse S.A.
2074 1599 2629 1662 23, Rue du Rhöne - GENEVE
1876 1668 2846 1736 Adr. télg.: Coupures-Genève - Tél. Stand 40.05
1894 1769 2820 1830 Bureau international de coupures de journaux
1983 1821 2735 1866 Traductions de et en toutes langues.
1861 1933 2850 2007 Correspondants dans toutes les grandes villes.
1855 2067 2287 2132 Estrait du Journal
1849 2043 2674 2225 Aeneen ere W
1872 2266 2030 2319 Date:
2260 2256 2686 2355 —
2087 2415 2369 2498 Theater
1987 2490 2476 2563 Schauspielhaus Zürich.
1685 2544 2865 2622 B. Arthur Schnitzler ist bei uns etwas außer Kurs
1617 2599 2858 2650 gesetzt. „Liebelei“ und „Anatol“ zierten die Spielpläne der
1625 2650 2856 2702 beiden letzten Jahre, beides Werke der frühen Produktion des
1623 2694 2864 2749 charmanten Wieners — die Stücke des vergangenen Jahrzehnts
1622 2737 2863 2779 blieben uns leider vorenthalten. Auch das „Baechusfest“
1626 2781 2887 2832 datiert aus dem zweiten Kriegsjahr — Arnold Korff glänzte
1632 2825 2857 2882 vor Jahren auf der alten Pfauen=Bühne mit dem zugehöri¬
1635 2870 2859 2923 gen Zyklus „Komödie der Worte“. Theo Shall gibt den
1623 2909 2861 2947 Schriftsteller Staufner, der den „Zweikampf“ mit dem, segel¬
1628 2949 2856 2998 tüchtigen Anbeter seiner Frau so spielend leicht gewinnt, etwas
1623 2997 2860 3050 zu massiv; strahlende Ueberlegenheit, mit wenigen Aksenten.
1621 3035 2859 3086 wäre hier besser angebracht. Traute Carlsen wünschte
1630 3080 2871 3123 man in dieser Rolle der von der sommerfrischlichen Einsamkeit zu
1632 3122 2861 3169 Seitenwegen verführten Frau Agnes etwas unerfahrener, ta¬
1621 3162 2857 3221 stender. Nur dann würde ihr rasch verflackerndes Abenteuer¬
1631 3216 2872 3274 chen mit Dr. Wernig, ihr beglücktes Zurückgleiten zu dem ver¬
1624 3255 2855 3314 götterten Gatten völlig glaubhaft. Carl Goldner spielt
1617 3295 2857 3347 diesen ungefährlichen Gegner so herzenskühl, daß sein Vor¬
1630 3340 2867 3399 stoß beim ersten Anlauf mißlingen muß. — Trotzdem: der
1624 3390 2864 3437 Einakter verbreitete eine vergnügliche Atmosphäre, die der
1618 3427 2861 3483 Spielleiter (Theo Shall) durch köstlich echten Bahnhofbetrieb
1617 3463 2057 3530 wirksam untermalte.
1695 3527 2860 3584 Von Georges Courteline, der in den Neunziger¬
1621 3577 2854 3647 jahren des ahgetretenen Jahrhunderts zuerst als Verfasser
3174 2408 3286 2500 600
