3344 4352
150 157 277 202 henden
145 197 292 240 sohnen
142 229 297 280 id doch
148 272 288 314 aufzu¬
129 307 293 354 ach dem
133 348 288 394 enSinn.
143 383 290 433 eward.
135 424 292 472 starken
158 469 276 526 kennen
165 519 272 586 ie an
139 581 278 624 für uns
199 617 269 665 62),
213 660 264 704 nd
205 739 280 779 alt
244 905 272 937 „
204 964 272 1014 1e8.
203 1478 262 1521 on
199 1513 272 1556 cht
193 1550 269 1601 fzer
163 1589 249 1638 hat.“
192 1631 262 1675 eine
187 1707 265 1760 rab¬
206 1791 268 1837 ien
221 1909 264 1955 it.
204 3080 262 3123 er
189 3151 277 3202 im
189 3195 276 3237 das
140 3232 277 3291 winnt.
140 3274 264 3314 etwas
132 3305 264 3357 risches,
123 3344 265 3397 isches“.
130 3388 263 3433 tsteller-
139 3425 260 3473 darein¬
187 3506 263 3553 U8-
161 3545 257 3591 iener
199 3592 234 3627 er
141 3617 252 3670 nüthig
148 3661 252 3715 Bissel
189 3702 256 3749 lle,
158 3780 249 3830 iers.“
211 3826 259 3865 an
207 3861 275 3909 nt
123 3896 267 3948 irdigen,
204 3935 262 3993 hl
625 162 1388 209 der Pose, dieser burschikos-übermüthige
628 200 1387 245 Weiber- und Federheld schon alles bis dato
614 237 1412 296 geleistet: Ein Verdienst wird man ihm nicht
625 280 1395 326 rauben: er hat den jungen Kollegen den
626 314 1385 364 Rücken gestärkt, ihnen einen Sammel- und
615 359 1393 403 Mittelpunkt gegeben und die Ueberzeugung
628 394 1395 442 beigebracht, dass Jung-Wien nicht den An¬
618 431 1392 476 schluss an Jung-Berlin braucht, um etwas
628 468 1401 512 Gutes aus sich zu machen. Fraglos ist er
626 509 1385 559 ein wenig Poseur, etwas „Fatzke, wie die
624 557 1390 598 an der Spree sagen würden, und ich glaube,
620 583 1394 627 die Wiener wissen das am besten; aber
618 632 1395 667 trotzdem nehmen sie ihn ernst, denn s##
620 670 1394 717 wissen, er ist ein geborener Führer, ein
611 702 1394 752 Mann des Aufsehens und Erfolges, ein
613 742 1395 793 Pionier, der den anderen die Wege ebnet,
618 779 1390 830 der goldene Brücken schlägt und Ruhmes¬
620 823 1391 865 tempelchen baut, er ist der Mann, der das
620 861 1396 907 Wienerthum unter die Leute gebracht hat und
612 903 1397 949 bringt — wer weiss, wie sehr noch. Freilich,
625 935 1399 990 er stcht nicht allein, und die um ihn über¬
612 978 1388 1020 ragen ihn des Oefteren sogar an Dichtergrösse
612 1015 1393 1067 und natürlicher Begabung. Da ist zum
625 1057 1393 1103 Beispiel J. J. David, der eine Art Uebergang
629 1101 1395 1145 von (den Aelteren zu den Modernen bildet,
613 1135 1387 1186 der köstlich-sensitive Peter Altenberg, der
627 1168 1390 1211 mehr den Duft der Dinge als die Dinge
628 1210 1399 1256 wiedergiebt, da ist Hugo von Hofmannsthal,
620 1248 1399 1293 der wundervolle Verseschmied, da ist vor
622 1290 1392 1338 allem Arthur Schnitzler. Gar so lange ist
614 1337 1396 1378 es noch nicht her, dass man in Wien
611 1367 1393 1420 lächelte, wenn man von dem Doktor medi¬
612 1416 1388 1457 cinae Arthur Schnitzler sprach, der ein Sohn
626 1446 1390 1496 seines Vaters sei, und, wie es heisst, auch
617 1482 1387 1538 Verse mache; man spöttelte wohl, dass er
620 1523 1392 1572 unter den Dichtern ein guter Arzt und
621 1571 1387 1612 unter den Aerzten ein guter Dichter sei. Das
621 1603 1397 1653 wurde mit einem Schlage anders, als Schnitzlers
620 1650 1387 1696 Drama „Liebelei“ erschien, die Tragödie des
622 1685 1394 1729 aussichtslosen Liebesverhältnisses, eine echt
624 1719 1392 1771 Wiener Dichtung, die aber überall gefiel und
617 1757 1399 1808 überall aufgeführt wurde. Vorher war
627 1794 1386 1849 „Anatole“ erschienen, eine Serie von Vorhang¬
622 1837 1395 1884 lüftern, dramatischen Situationen und Dialogen,
620 1881 1394 1927 durchweg etwas dekadent, aber prächtig in
619 1915 1387 1963 ihrer Naturwahrheit und von einem be¬
621 1950 1397 2007 strickenden Stimmungsreiz. Das’ Neue in alle¬
614 1993 1390 2038 dem war die Entdeckung der Vorstadtstube
620 2033 1390 2082 mit dem „süssen Mädel“ — das ist eine
626 2070 1399 2125 Wiener Bezeichnung, auf die Sache aber ver¬
619 2113 1404 2156 stand man sich in der ganzen, wenigstens in
619 2146 1387 2196 der halben Welt. Gleich würde man die Nase
619 2195 1393 2239 rümpfen über Arthur Schnitzler, wenn er nicht
628 2229 1398 2274 mehr gekonnt hätte. Aber er konnte mehr.
620 2271 1399 2318 Er schrieb den „Grünen Kakadu“, eine
616 2308 1397 2348 meisterhafte Darstellung der Revolution im
622 2348 1398 2394 kleinsten Duodezformat, und seitdem glauben
622 2384 1398 2434 auch die anderen, die Nicht-Wiener, dass
609 2423 1409 2471 Schnitzler der Welt noch viel zu sagen hat;
618 2468 1389 2508 nennt man die besten Namen, wird auch der
609 2505 900 2556 seine genannt.
698 2544 1396 2586 Das sind ein paar Ausschnitte aus der
619 2583 1391 2627 jüngsten Wiener Litteraturgeschichte, über die
622 2621 1412 2671 uns gestern in der Litterarischen Gesellschaft
615 2664 1386 2703 Herr Marcell Salzer ein kleines, ungemein
612 2702 1392 2750 anregendes Kolleg las. Es war keine Ka¬
1324 2744 1403 2792 eine
617 2740 1300 2784 thederweisheit, keine Dogmenlehre, nur
614 2778 1303 2823 Plauderei, die aber um so förderlicher
1319 2782 1390 2826 war,
614 2824 1388 2871 je einfacher und spontaner sie sich gab. Und
612 2853 1397 2904 der liebenswürdigen theoretischen Unter¬
623 2903 1394 2943 weisung folgte sogleich ein Praktikum, und
614 2940 1389 2981 dieses war sogar bei weitem die Hauptsache.
617 2976 1396 3021 Denn Herr Salzer recitirte seine Landsleute
614 3015 1388 3063 mit einem Schwunge, einer Natürlichkeit und
617 3054 1397 3108 Liebe, wie es eben nur ein Landsmann ver¬
611 3093 1390 3131 mag, Wir standen ganz unter dem Zauber
616 3133 1387 3175 dieser Dichtungen und glaubten, Wiener Luft
615 3167 1391 3210 zu athmen. Gedichte von David, Hugo von
610 3210 1404 3254 Hofmannsthal und Anton Lindner leiteten die
620 3251 1390 3297 beiden Theile ein. Peter Altenberg war durch
617 3288 1391 3339 ein paar Skizzen seines prächtigen Büchleins
624 3331 1390 3377 „Wie ich es sehe“ Hermann Bahr durch
617 3359 1387 3417 eine Humoreske „Die schöne Frau vertreten,
619 3406 1387 3449 die Herr Salzer von A bis Z auswendig, oder
618 3445 1404 3497 ich möchte hier lieber den vielsagenderen
621 3486 1395 3528 französischen Ausdruck gebrauchen, par
612 3524 1391 3563 coeur vortrug. Und doch wurde die brillante
624 3565 1394 3607 Wirkung dieser allerliebsten Carricatur noch
614 3602 1382 3650 bei weitem übertroffen durch die dramatische
618 3643 1405 3680 Plauderei „Weihnachtseinkäufe aus Arthur
619 3677 1399 3724 Schnitzler’s „Anatol“, in der sich Geist und
617 3719 1383 3772 Gemüth zu einer vollkommenen Harmonie
611 3760 1394 3805 vereinen. „Anatol“ ist den Königsbergern
614 3801 1382 3842 übrigens nicht ganz unbekannt; schon vor
620 3840 1393 3883 Jahren las uns Emanuel Reicher ein paar
614 3882 1392 3924 Stücke daraus vor und hatte damit den¬
619 3913 1392 3956 selben Beifall, wie gestern Marcell Salzer.
611 3954 1391 4014 Den passenden Schluss machte ein von
1491 132 1911 177 eneenemn
1421 170 2192 234 Uebrigen ihrer aber durchaus würdig zu
1410 205 1653 253 sein scheint.
1479 223 2182 293 Alles in Allem war „Jung-Wien“ einer
1413 286 2184 334 der unterhaltendsten und anregendsten Abende
1419 323 2173 373 der Litterarischen Gesellschaft — Dank der
1416 366 2180 409 reichen und schönen Spenden dieser Pocten
1406 404 2174 444 und der vortrefflichen Charakterisirungskunst
1409 436 1730 492 Ihres Interpreten.
1480 471 2181 523 Landauer Anzeiger (25. 1. 00). Herr
1416 523 2170 573 Marcell Salzer ist ein höchst gewandter Re¬
1416 567 2180 608 citator, dessen echt österreichische Gemüth¬
1415 599 2179 638 lichkeit dem Vortrage von vornherein eine
1414 642 2170 680 gewisse Wärme giebt. Seine Ausdrucks¬
1412 680 2172 728 fähigkeit ist erstaunlich. Wie köstlich ge¬
1408 717 2180 759 lang ihm z. B., um nur eins zu erwähnen,
1420 753 2176 795 das Liliencron'sche Gedicht mit seinem. Halli
1416 794 2186 846 und Halloh! Die Zuhörer lachten und
1416 831 2007 870 klatschten Beifall ohne Unterlass.
1493 868 2185 919 Landauer Zeitung (2. II. 99). Der auf
1414 904 2182 955 gestern anberaumte Vortrag des Gewerbe¬
1421 953 2171 994 vereins im Theatersaal war sehr gut be¬
1424 987 2176 1028 sucht, so dass schon lange vor Beginn der
1416 1027 2182 1067 Saal dicht besetzt war. Man hat offenbar
1416 1073 2184 1115 grosse Erwartungen auf Herrn Marcell Salzer
1416 1116 2177 1154 gesetzt, und dieselben rechtfertigen sich denn
1422 1141 2172 1183 auch in der glänzendsten Weise. Im 2. Act
1420 1183 2174 1228 der „Weber“ wird uns in tief ergreifender
1415 1218 2177 1270 Weise die bittere Noth und Armuth einer
1411 1256 2182 1312 Weberfamilie geschildert. In meisterhafter
1412 1297 2182 1347 Weise brachte Herr Saizer diesen Act zum
1414 1332 2184 1380 Vortrag. Unübertrefflich zeigt sich der Re¬
1408 1377 2189 1427 citator besonders darin, dass er es versteht,
1419 1415 2189 1460 ebenso das schwache Hüsteln eines alter¬
1418 1458 2185 1502 gebeugten Greises nachzuahmen, wie den
1416 1491 2187 1542 wilden, gellenden Verzweiflungsschrei eines
1412 1531 2184 1577 lebensmüden Weibes. Doch wenden wir uns
1421 1573 2175 1613 lieber den erheiternden Humoresken zu, mit
1420 1611 2176 1659 denen uns Herr Salzer reichlich bedacht hat.
1423 1650 2183 1701 Besonders gefiel hier die unübertreffliche
1412 1691 2187 1733 Darstellung der „schönen Frau“, die von
1418 1729 2183 1775 dem unter den Launen der Gemahlin arg
1420 1771 2187 1817 leidenden Gemahl in so vorzüglicher Weise
1414 1811 2185 1856 ironisirt wird. Diese Proben mögen genügen,
1420 1848 2185 1895 um unsern Lesern zu zeigen, dass wir gestern
1417 1895 2174 1941 Abend einen Kunstgenuss erster Güte hatten.
1412 1926 2185 1973 Es ist daher nicht zu verwundern, wenn sich
1425 1968 2193 2005 am Schlusse jeder einzelnen Leistung wahre
1425 2003 2185 2050 Beifallsstürme entfesselten, die am Schlusse
1424 2038 2185 2088 des ganzen Vortrages eine förmliche
1415 2079 1827 2134 Ovation darstellten.
1481 2115 2199 2189 Landshuter Zeitung (10. 12. 98). Man
1425 2167 2189 2224 versprach sich von dem Wiener Marcell
1425 2205 2183 2244 Salzer einen besonders amüsanten Abend.
1419 2245 2176 2296 Und man fand sich auch nicht getäuscht.
1422 2284 2182 2333 Herr Salzer verstand es, durch seine Vor¬
1426 2329 2177 2374 tragskunst seine Zuhörer bald „bis zu
1424 2359 2186 2422 Thränen zu rühren, bald zu unbändiger
1417 2398 1825 2455 Heiterkeit mitzureissen.
1482 2439 2181 2491 Kurier von Niederbayern (Landshut,
1411 2476 2179 2528 10. 12. 98). Herr Marcell Salzer, eine sym¬
1421 2520 2174 2572 pathische Erscheinung, gewann durch die
1423 2561 2174 2605 lebenswarme Natürlichkeit seiner Vortrags¬
1426 2596 1903 2645 weise seine Hörer im Flug.
1493 2624 2173 2677 Leipzig (Vorlesung vom 20. 11. 96 in
1413 2666 1490 2710 der
1495 2667 2177 2711 „Litterarischen Gesellschaft").
1410 2702 2180 2753 Magazin für Litteratur (Berlin, 28. 11. 96).
1512 2751 2176 2801 Marcell Salzer versteht, im Gegensatz
1421 2789 2189 2830 zu seinen Collegen, das, was er liest. Er
1412 2822 2172 2878 gab in seiner Einleitung ein kurzes Feuilleton
1411 2866 2193 2920 über die jungen Wiener Autoren, in dem
1417 2902 2182 2954 leichten, preciösen Stile, den er von seinen
1420 2945 2176 2989 Freunden gelernt hat. Dann las er die
1411 2980 2168 3029 Dichtungen. Er las mit Temperament, mit
1414 3029 2175 3073 feinen und feinsten Modulationen seiner
1409 3065 2169 3110 schmiegsamen Stimme, in sorgsam durch¬
1416 3103 2180 3155 empfundenem Verständniss für die zarten,
1422 3137 2179 3202 zerbrechlichen Stimmungen, die er uns
1416 3173 1621 3226 suggerirte.
1476 3205 2101 3253 Leipziger Tageblatt (24. 11. 96.) —
1413 3241 2171 3306 Herr Marcell Salzer verstand es vortrefflich,
1409 3297 2174 3335 die verschiedenen Werke zu charakterisiren
1410 3322 2166 3384 und das zahlreich erschienene Publikum haf
1413 3376 2165 3424 durch Jung-Wien noch Jung-Berlin und Jung.
1419 3408 1826 3454 Leipzig kennen gelernt.
1489 3439 2178 3493 Leipziger Neueste Nachrichten (23. 11.
1416 3482 1536 3533 1896).
1636 3491 2173 3544 Die Zuhörerschaft konnte mit
1416 3529 2178 3578 gebührender Sympathie dem ebenso selbst¬
1411 3572 2174 3631 losen als eigene Kritikfähigkeit zeigenden
1413 3604 1789 3654 Recitator beistimmen.
1472 3647 2171 3701 Leipziger Volkszeitung (21. 11. 96).—
1453 3686 2175 3735 Das war echt österreichische, weanerische
1410 3721 2175 3771 Küche, die uns der Wiener Recitator Marcell
1418 3764 2173 3813 Salzer geschmackvoll servirte. Was uns
1415 3805 2116 3857 Herr Salzer bot, war des Lobes würdig.
1474 3845 2172 3893 Die Redenden Künste (Leipzig, 28.11.96).
1412 3884 2170 3929 Salzer ist das Dichterwerk für sich die Haupt¬
1408 3923 2168 3970 sache, hinter das er sich keusch zurückzieht,
1405 3959 2185 4022 er will nichts, als dem Dichter mit fühlendem
2210 170 2960 219 selbst wirklich begeistern kann. Und der
2203 206 2973 261 Hlörer seinerseits wird stets die Echtheit dieser
2198 244 2972 299 Begeisterung fühlen, und was vom Herzen
2203 285 2982 341 kommt, wird auch bei ihm den Weg zum
2202 321 2605 373 Herzen nicht verfehlen.
2259 357 2969 403 Die Gesellschaft (Leipzig. Juni 96).
2195 395 2973 441 Marcell Salzer wusste seiner Kunst die Weihe
2198 445 2976 486 des Augenblicks zu geben. Er las mit
2201 478 2981 529 flehender, hillloser Stimme, mit visionären
2207 516 2974 559 Augen. Aber er wusste auch um das wahr¬
2202 555 2981 596 haft erschütternde Lebenssegment einen so
2200 595 2968 638 intensiven Flor süssdustender Stimmung zu
2201 636 2969 671 spinnen und mit dem Tone des Frühlings,
2208 670 2974 712 des Furchtbaren und der Versöhnung so
2204 708 2972 750 suggestive Gefühlsschauer zu erzwingen, dass
2210 752 2965 814 sich das Lauschen fast wie zu einer An¬
2211 786 2625 837 dachtsstunde gestaltete.
2275 822 2971 865 Leipziger Neueste Nachrichten (11. 12.
2209 865 2972 909 1898). Auf Veranlassung des Landes¬
2209 907 2975 943 verbandes der „Gesellschaft für Ver¬
2203 938 2982 979 breitung von Volksbildung trug der
2202 978 2979 1029 in Deutschland wie in Oesterreich rühmlichst
2200 1023 2983 1072 Fekannte Recitator Herr Marcell Salzer aus
2202 1054 2975 1107 Wien Dichtungen reichsdeutscher und öster¬
2211 1099 2977 1145 reichischer Poeten vor. Hatte er mit ersteren
2210 1132 2973 1187 schon stürmischen Beifall gefunden, so ge¬
2201 1174 2973 1210 wannen seine Vorträge aus den öster¬
2208 1214 2982 1249 reichischen Dialectdichtungen vollends die
2200 1253 2983 1298 Herzen der Zuhörer. Meisterhaft beherrschte
2214 1292 2974 1335 er sowohl die Stimme, wie intimes Geberden¬
2208 1333 2984 1383 und Mienenspiel, so dass man die handelnden
2209 1366 2863 1420 Personen vor sich zu haben meinte.
2277 1405 2981 1458 Lemberg. „Militär-Wissenschaft¬
2211 1443 2981 1493 licher und Casino-Verein in Lem¬
2215 1483 2989 1526 berg (2. 2. 97). Euer Wohlgeboren! Es
2205 1523 2991 1569 gereicht mir zum Vergnügen, zu constatiren,
2201 1562 2980 1606 dass Ihre am 28. Jänner 1897 im hiesigen
2212 1601 2987 1657 Militär-Wissenschaftlichen und Casino-Vereir
2203 1650 2986 1692 abgehaltene Recitation ungetheilten Beifall
2213 1676 2993 1735 fand. — Das reichhaltige Programm war mit
2200 1717 2995 1773 Rücksicht auf das aus den Mitgliedern des
2203 1760 2989 1811 Casinos, deren Familien und geladenen
2207 1790 2989 1847 Gästen bestehende sehr zahlreiche Auditorium
2217 1836 2981 1880 sehr geschickt und mit feinem Geschmack
2210 1880 2982 1922 zusammengestellt. Ich wünsche Ihnen für die
2210 1914 2681 1965 Zukunft gleiches Gelingen.
2275 1945 2975 2012 Mit dem Ausdrucke meiner Werth¬
2208 1991 2388 2042 schätzung
2381 2024 2806 2077 Der Vereins-Präses
2487 2067 2699 2123 Plentzner
2227 2111 2957 2169 K. u. k. Feldmarschall-Lieutenant.
2324 2178 2991 2243 Ueber die Lemberger Vorlesungen
2209 2216 2987 2271 Marcell Salzer's vom 4. u. 5. Januar 1898
2198 2272 2988 2319 schreibt Herr Universitäts - Professor
2193 2304 2990 2347 Dr. Karl Maria Werner im Märzheft der
2204 2345 2992 2407 „Gesellschaft“ (Berlin 1898): Salzer’s
2209 2391 2981 2435 Vorzüge sind ein ganz schlichter Vortrag,
2205 2433 2981 2482 ein künstlerisches Abtönen und Masshalten,
2196 2470 2980 2522 ein leichtes, fein pointirtes Sprechen, ein ge¬
2209 2505 2977 2546 wisser prickelnder und picanter Reiz im
2203 2543 2977 2604 Detail, vollständige Gewalt über seine
2190 2581 2979 2643 Stimme, Beherrschung des Hochdeutschen
2209 2626 2973 2666 wie der Dialecte, und nicht zum Wenigsten
2209 2660 2982 2715 litterarisches Gefühl und geschmackvolles
2205 2704 2973 2751 Verständniss bei der Auswahl der Vortrags¬
2198 2742 2979 2796 stücke. Wir Deutschen in Lemberg, die wir
2209 2777 2983 2845 kein Theater besitzen, danken Salzer doppelt
2201 2814 2515 2864 für den Genuss.
2261 2842 2988 2905 Przeglad (Lemberg, 8.2. 98). Wiedenski
2199 2896 2992 2945 deklamator Marceli Salzer odczytal onegdaj
2204 2933 2891 2982 slynny dramat Halbego „Mlodosé“
2202 2969 2984 3018 przeciwienstwie do Strakoscha jest Salzer
2195 3010 2985 3058 reprezentantem nowej szkoly deklamatorskiej,
2195 3048 2979 3095 czyta naturalnie, bez przesady, a podkresla
2200 3089 2987 3125 subtelne intencye pocty, kladzie nacisk na
2203 3126 2981 3174 psychologie osöb i sytuacyi, i stara sie w.
2196 3159 2978 3214 publicznosci wywolac nie bezposrednie
2192 3205 2973 3254 wrazenie za jakakolwiek cene, lecz zaintereso¬
2201 3243 2983 3283 wanie sie samem dzielem i zrozumienie go,
2205 3284 2976 3328 co potem posrednio wywoluje wrazenie
2199 3325 2978 3365 trwalsze i glebsze. P. Salzer jest jeszcze z
2199 3356 2973 3405 innego wzgledu osobistoscia bardzo interesu¬
2197 3405 2975 3458 jaca, gra on bowiem w nowozytnej literaturze
2194 3436 2974 3482 niemieckiej role propagatora, odczytujac po
2202 3478 2979 3529 miastach niemieckich utwory poetôw najno¬
2198 3526 2981 3568 wszej szkoly i wywalczajac dla nich przez
2196 3550 2984 3600 swöj talent recytatorski i ognisty temperament
2188 3597 2972 3645 przebojem uznanie, on to pierwszy np.
2195 3634 2957 3682 zapoznal wiedenska publicznoséz „Mlodoscia“
2189 3671 2983 3726 Halbego. Na odczyt sobotni zebralo sie
2193 3722 2969 3765 osöb bardzo niewiele, a te ktöre przyszly,
2189 3761 2941 3808 goraco oklaskiwaly wybornego recytatora.
2267 3796 2971 3848 Liegnitzer Tageblatt (9. 12. 99). Vor¬
2190 3838 2983 3882 tragsabend von Marcell Salzer. Vor
2193 3873 2967 3929 den Mitgliedern des „Technischen Ver¬
2188 3911 2968 3966 eins, welche den Saal bis zum letzten
2196 3957 2975 4014 Platz füllten, hielt gestern der Recitator
