3344 4352
-4 3498 34 3545 14
7 1948 58 2005 18
8 1560 59 1623 11
453 114 2026 166 einem sehr willkommenen Gast, dem be- Liliencron'schen „Bruder Lüderlich“ dankte
459 146 1248 212 kannten ausgezeichneten Recitator Marcell
1245 152 2018 203 Eine grössere Anzahl besonderer Verehrer
455 186 1236 227 Salzer aus Wien, Gelegenheit, seine seltene
1242 199 2011 243 des Vortragsmeisters gab ihrem Dank durch
460 222 1237 271 Vortragskunst im besten Lichte zu zeigen.
1239 231 2013 287 Ueberreichung eines Lorbeerkranzes nebst
457 255 1223 310 „Jung-Wien“ war das Thema, das er für
1239 266 2018 318 Schleife mit gestickter Widmung Ausdruck.
443 298 1226 345 diese Gelegenheit gewählt hatte, und er gab
1243 309 2011 366 Herr Salzer wird im Ortsverein Düsseldorf
443 342 1220 383 zunächst in einem einleitenden Vortrag eine
1236 353 1965 408 stets ein sehr gern gesehener Gast sein.
455 373 1236 430 geistvolle Charakteristik der jungen und
1299 384 2020 444 Elberfeld: Täglicher Anzeiger (8./10./1I.
446 406 1232 463 jüngsten Wiener Poeten. Den stärksten
1240 432 2008 491 11. 90). Vorträge über moderne
448 455 1221 500 sichtbaren Erfolg erzielte Herr Salzer mit
1243 471 2013 531 deutsche Dichtung von Dr. Walter,
446 486 1225 540 seinem köstlichen Vortrag von Hermann
1243 507 2011 567 Bloem und Marcell Salzer (ef. Barmer
440 531 1221 576 Bahr’s Humoreske „Die schöne Frau“ und
1234 542 1675 603 Zeitung Seite 2). —
1670 553 2010 609 Im zweiten Theile
442 567 1225 622 mit dem rührend-komischen Sittenbild aus
1240 595 2020 643 des Abends trug Herr Marcell Salzer, Recitator
432 596 1231 673 dem Wiener Leben „Das Pferd“ von Chr.
1240 631 2015 685 aus Wien, eine Anzahl lyrischer Dich¬
432 636 757 707 G. Morgenstern.
1228 672 2005 726 tungen von Lilieneron, Arno Holz, Gustav
1227 710 2015 763 Falke und Richard Dehmel vor. Mit er¬
437 714 1221 805 Moderne Poesie und Prosa.
1241 747 2005 800 staunlicher Virtuosität wusste Herr Salzer
1226 786 2005 834 diese Gedichte zur Geltung zu bringen, im
506 795 1220 852 Düsseldorfer Neueste Nachrichten (12.11.
1233 819 2002 872 heroischen die Wucht, im lyrischen die An¬
435 834 1221 897 99). Gedichte wollen genossen, geschen,
1240 866 2008 913 muth und die Lieblichkeit hervorzuheben und
435 866 1220 925 aber nicht im grossen Kreise vorgelesen sein.
1235 897 2008 948 auch die Pointen sicher und effectvoll heraus¬
435 920 1213 972 Gedichte gleichen trauten Freunden, die man
1236 938 2009 988 zuschälen. Zugleich zeigte Herr Salzer dabei
437 960 1216 1007 empfängt, wenn man bei sich zu Hause ist;
1228 986 2010 1029 ein feines Verständniss für das wirklich
437 995 1218 1038 wenn man abgelegt hat, was von des All¬
1237 1010 1999 1068 Poetische, für das Zarte und Sinnige auf der
437 1035 1220 1090 tags Kümmernissen einen bedrückte und den
1239 1054 2007 1109 einen, für das Gewuchtige, Humoristische und
428 1067 1220 1126 Sehnsuchtsflug der Seele hemmte; sie gleichen
1227 1090 1739 1146 Kecke auf der andern Seite.
425 1091 1215 1166 Freunden, deren Sorgen und Freuden, deren
424 1135 1227 1202 Kämpfen und Ringen man verstcht, weil man
1307 1158 2005 1221 Die Wiedergabe der Novellen durch
430 1186 1215 1235 Alles, Alles mitzufühlen im Stande ist; weil
1236 1200 2007 1260 Herrn Salzer war wieder ganz ausgezeichnet.
434 1225 1212 1282 jede Nuance ihrer Psychologie auf verwandte
1236 1246 2003 1303 Das Rührende in der kleinen Wildenbruch¬
427 1271 1219 1319 Empfindungen stösst. Und so geht’s am
1237 1286 2003 1342 schen Geschichte „Das Orakel“ wusste er
434 1297 1212 1361 Ende mit dem Genuss eines jeden Kunst¬
1227 1325 2010 1372 vorzüglich zu betonen; prächtig charakteri¬
432 1341 1215 1400 werkes. Ich bin der Geniessende; ich habe
1235 1367 2009 1420 sirte er die beiden Alten in der Sylvester¬
436 1380 1211 1446 ein Recht, Alles zu kosten, was mir kostens¬
1231 1402 2006 1455 beichte, mit köstlichem Humor wusste er
435 1423 1222 1480 werth erscheint und zwar so, dass diese
1227 1444 1999 1490 über die schöne Frau zu plaudern, die nicht
421 1458 1213 1510 geistige Erquickung durch nichts gestört und
1225 1477 2010 1534 leben kann, wenn sie nicht bewundert wird;
433 1501 1212 1556 durch nichts beeinträchtigt wird. Im grossen
1230 1526 2017 1585 ergreifend kam das Tragische in der Er¬
430 1536 1207 1589 Kreise muss man auf Vieles verzichten, und
1236 1560 1879 1628 zählung „Der Narr zum Ausdruck.
425 1570 1209 1636 man entschliesst sich nur dann zu einer der¬
416 1614 1229 1663 artigen Entsagung, wenn durch den geistigen
1284 1613 2007 1687 Den überaus fesselnden und geistreichen
427 1656 1212 1713 und künstlerischen Gehalt des Vortrags ein
1226 1673 2004 1739 Darlegungen Dr. Bloem’s folgten die Reci¬
427 1681 1217 1744 Aequivalent für diese Selbstentäusserung ge¬
1218 1714 2007 1770 tationen des Herrn Marcell Salzer. Dieser
421 1736 1204 1781 boten wird; wenn z. B. ein Marcell Salzer
1231 1751 2002 1799 brachte das Vorspiel zum „Johannes“ von
422 1773 1217 1829 den Interpreten „moderner Poesie und Prosa“
1230 1781 2001 1842 Sudermann, „Anatol“ von Schnitzler und
420 1807 1207 1862 macht. Was er gestern Abend von Detlev
1228 1828 2005 1887 den zweiten Act von Hauptmann's „Webern“
430 1855 1210 1901 von Lilieneron, von Hugo Gerlach, Gottfried
1227 1871 2010 1932 zu Gehör. Herr Salzer verstand es meister¬
423 1894 1208 1940 Keller, Arthur Schnitzler, Peter Rosegger und
1231 1910 2000 1960 haft, zunächst den getragenen elegischen
425 1925 1218 1979 Fanny Gröger bot, war von einer packenden
1221 1949 1997 2006 Ton in der erstgenannten Dichtung, dann den
429 1967 1206 2024 Gewaltigkeit des Vortrags, von einer tiefen
1223 1995 2002 2042 prickelnd-geistreichen, fein pointirten in der
432 1997 1219 2061 Verinnerlichung und gewissenhaften Gründ¬
1220 2029 2004 2077 Wiener Plauderei und schliesslich den ge¬
422 2027 1215 2101 lichkeit, dass jede Kritik überflüssig, jedes
1222 2057 1996 2114 wuchtigen expulsiven, mit grellen Lichtern
428 2083 1205 2136 Wort der Anerkennung zwecklos wäre.
1220 2104 2001 2151 durchsetzten in dem 2. Act der „Weber“
418 2116 1209 2179 Salzer begeisterte, riss mit fort, zwang den
1227 2139 2001 2194 festzuhalten. Vor unserm geistigen Auge
423 2154 1202 2208 Hörer in den Bann jeder Stimmungsphase
1225 2180 2004 2233 bauten sich die geschilderten Scenen lebendig
413 2195 1200 2251 und — trat trotz alledem nicht mit seiner
1222 2219 1990 2272 auf; bei den „Webern“ meinte man den
421 2238 1212 2298 Kunst in den Vordergrund, der Dichtung und
1223 2257 1990 2306 ganzen Jammer mit zu erleben. Herr Salzer
416 2276 1213 2328 dem Dichter zum Schaden. Wie malte er
1224 2301 1997 2344 documentirte sich dabei als ein geistreicher
423 2316 1212 2374 mit derben Strichen den kraftstrotzenden,
1224 2334 2003 2395 Interpret, der dem Dichter bis zu den feinsten
418 2362 1213 2416 seines und seines Rechtes bewussten Pidder
1218 2381 1988 2424 Andeutungen folgt. Ganz besonders glück¬
418 2389 1203 2456 Lüng; wie stimmungsfein brachte er „Das
1220 2416 1993 2463 lich beanlagt scheint er für die Wiener Scene
413 2438 1196 2483 Gewitter“ heraus! Mit welcher Technik
1212 2457 1995 2498 zu sein, für die elegante humoristisch¬
413 2474 1214 2524 wusste er Gerlach’s grob hingehauene, er¬
1221 2493 1995 2559 elegische Stimmung, die er vielleicht noch
407 2502 1203 2558 greifende Scizze „In letzter Stunde“ wieder¬
1220 2533 1529 2582 weiter cultivirt.
412 2545 1217 2610 zugeben! Ich könnte Vortrag um Vortrag
1276 2563 1995 2639 Emder Zeitung (Emden, 16. 2.99). Wir
406 2582 1210 2650 durchgehen und wüsste nur Rühmenswerthes
1224 2611 1993 2667 können nur aufrichtig gestehen, dass Herr
415 2629 1206 2685 zu vermelden. Von den litterarischen Gaben
1223 2664 1985 2707 Marcell Salzer uns vortrefflich zu unter¬
419 2666 1208 2730 selber nichts; sie sind durchweg bekannt,
1222 2696 1987 2749 halten verstanden hat und dass wir be¬
416 2705 1195 2758 und wem etwa Fanny Gröger’s feine Satire
1218 2745 1991 2791 dauerten, als das fast zweistündige Pro¬
479 2751 1200 2799 als solche fasse ich sie auf — „Sanct
1213 2778 1988 2827 gramm zu Ende war. Herr Salzer hat uns
411 2774 1194 2836 Nothburgas Erdenwallen“ unbekannt war, der
1221 2811 1987 2862 hier, gelegentlich seiner Rückreise aus Eng¬
422 2823 1195 2887 wird sich gefreut haben, die Bekanntschaft
1205 2855 1996 2905 land, wo er in Manchester, London etc. mit
411 2854 1202 2914 eines starken Talentes gemacht zu haben. —
1219 2897 1989 2945 durchschlagendem Erfolg gesprochen hat,
413 2901 1200 2954 Der Beginn der dieswinterlichen Campagne
1222 2932 1770 2991 einen seltenen Genuss geboten.
419 2948 1213 2997 war gut. Mag die litterarische Gesellschaft
1282 2968 1985 3033 Essener General-Anzeiger (18. 1. 1900).
414 2971 1205 3032 zusehen, dass Sieg um Sieg erfochten und
1217 3004 1984 3068 Im Krupp’schen Bildungsverein trug Herr
409 3015 1196 3085 der modernen Litteratur ein immer aus¬
1220 3056 1988 3110 Marcell Salzer aus Wien am letzten
408 3049 1199 3111 gedehnteres Verständniss erschlossen wird.
1217 3095 1988 3137 Sonntag eine grössere Anzahl ausgesuchter
466 3097 1193 3149 Der grosse Sanl des Ilotels lleck dürfte
1208 3132 1993 3185 Werke unserer zeitgenössischen Dichter, wie
410 3130 981 3176 auf die Dauer zu klein sein.
1218 3168 1991 3223 Rosegger, Morgenstern, Liliencron und Andere,
483 3162 1204 3225 Düsseldorf: (Ortsverein des Verbandes
1210 3209 1992 3261 in vollendeter Weise vor. Sein äusserst an¬
407 3214 1196 3272 deutscher Post- und Telegraphen-Assistenten)
1214 3251 1989 3296 genehmes, modulationsfähiges Organ wurde
407 3242 1198 3306 Deutsche Postzeitung (Berlin, 16. 2. 1900.)
1205 3284 1982 3339 beim Vortrag durch eine beredte Mimik
406 3293 1195 3346 -Am 26. Januar vereinigten sich die Mitglieder
1210 3331 1979 3375 unterstützt und fand allgemeinen Beifall. Der
406 3333 1201 3380 mit ihren Damen und Gästen zur Feier des
1218 3362 1983 3415 Redner verstand alle Saiten des menschlichen
404 3370 1195 3418 Geburtstages Sr. Majestät des Kaisers. Der
1211 3406 1980 3447 Herzens meisterlich zu berühren, und wenn
406 3410 1199 3461 erste Theil der Feier bestand aus Vorträgen
1215 3447 1989 3495 öfters laute Lachsalven ihn an der Fort¬
411 3448 1190 3498 des Wiener Recitators Marcell Salzer, der
1205 3487 1984 3530 setzung seiner Recitation unterbrachen, so
409 3476 1192 3545 bei den Angehörigen des Ortsvereins durch
1209 3524 1978 3570 rollten doch an anderen Stellen stille Zähren
410 3529 1201 3567 seine vorjährige Recitation moderner Dich¬
1205 3559 1976 3608 verstohlen über die Wangen der athemlos
410 3558 1206 3619 tungen noch im besten Andenken stand.
1211 3603 1990 3654 lauschenden Menge. Der Name Marcel!
410 3608 1187 3662 Herr Salzer las Dichtungen von Heinrich
1205 3641 1988 3692 Salzer sollte auch in Zukunft auf dem
404 3641 1199 3698 Vierordt, Friedrich Halm, Goethe und zwei
1212 3679 1979 3721 Jahresprogramm des Krupp’schen Bildungs¬
409 3677 1199 3729 Erzählungen von Hermann Sudermann: „Des
1203 3717 1982 3764 vereins nie fehlen, selbst wenn die dafür zu
406 3711 1185 3774 Hausfreundes Sylvesterbeichte“ und „La
1200 3756 1991 3801 bringenden Opfer vielleicht etwas hoch
407 3760 1198 3812 donna e mobile“. Den Schluss bildeten Proben
1212 3795 1355 3850 wären.
402 3805 1193 3847 österreichischen Volkshumors (Rosegger). Am
397 3833 1204 3890 besten liegen dem Wiener Künstler die
1269 3828 1978 3894 Flensburg: Norddeutsche Zeitung (4. 2.
405 3878 1190 3921 stimmungsvollen Dichtungen seiner Lands¬
1204 3885 1982 3937 1900). Es war ein glücklicher Gedanke, den
398 3914 1195 3965 leute und der modernen reichsdeutschen
1201 3921 1980 3978 Herrn Marcell Salzer für einen Vortragsabend
398 3959 1194 3997 Autoren. Seine klare, feinpointirte Vortrags¬
1207 3962 1978 4019 zu engagiren. Was wir bisher über diesen
412 3988 1972 4055 weise entfaltete wahre Beifallsstürme, für Wiener Recitator gehört und gelesen hatten,
2044 126 2804 185 st in vollem Masse eingetroffen. Die zahl¬
2033 168 2822 210 reiche Zuhörerschaft, die sich gestern Abend
2026 206 2832 251 im Saale des „Flensburger Hof“ versammelt
2027 238 2829 295 hatte, hat in Hlerrn Salzer einen Sprech- und
2040 277 2821 323 Vortragskünstler im besten Sinne des Wortes
2026 321 2833 380 kennen gelernt. Seine sorgfältig geschulte
2019 357 2822 419 technische und geistige Veranlagung befähigt
2029 394 2820 454 ihn, den verschiedensten Anforderungen der
2023 436 2830 484 von ihm vorgetragenen Dichtungen, allen
2022 480 2816 526 Stimmungen und individuellen Besonderheiten
2025 515 2812 573 in künstlerischer Form gerecht zu werden.
2027 552 2831 602 Der Künstler versteht sich besonders auf
2023 593 2829 637 intimere Wirkungen. Mit grossem Geschicke
2024 632 2832 693 bewegt er sich auf dem humoristischen Ge¬
2023 666 2824 723 biete. Hermann Bahr's sehr amüsante
2023 706 2824 761 Scizze „Die schöne Frau“ Liliencron's Ge¬
2030 747 2823 797 dicht von den sieben jungen Mädchen und
2031 787 2822 823 „Die Musik kommt“, sowie Rosseger’s Dialect¬
2028 820 2819 873 humoresken kamen, mit voller Künstlerschaft
2020 868 2822 916 vorgetragen, vortrefflich zur Geltung. Die
2023 894 2829 941 Zuhörerschaft war höchst befriedigt von dem
2020 937 2821 985 Gebotenen, spendete lebhaften Beifall und
2023 976 2823 1022 wird es gern erfahren, dass Herr Marcell
2016 1013 2815 1080 Salzer beabsichtigt, gelegentlich wieder hier¬
2025 1052 2346 1102 her zu kommen.
2085 1080 2810 1148 Geraisches Tageblatt (17. 2. 98). Der
2008 1125 2811 1187 Kaufmännische Verein hielt seine gestrige
2032 1172 2817 1223 Versammlung in der Tonhalle ab, weil mit
2025 1210 2802 1253 Recht befürchtet wurde, dass der gewöhn¬
2023 1251 2810 1303 liche Versammlungssaal für einen Recitations¬
2025 1284 2821 1338 abend des Herrn Marcell Salzer aus Wien
2027 1323 2817 1370 nicht ausreichen würde. — In der Kriegs¬
2019 1365 2816 1410 novelle Liliencron’s „Der Narr“ schuf das
2023 1407 2806 1450 modulationsfähige Organ des Recitators eine
2027 1434 2814 1491 ganze Reihe greitbarer Momente des Sol¬
2015 1478 2810 1530 datenlebens im Kampf und am Krankenbett.
2013 1524 2806 1559 Einen tiefen Eindruck bei allem Humor
2017 1554 2804 1605 machte Chr. G. Morgenstern's „Das Pferd“
2005 1594 2809 1651 in seiner rührenden Schilderung zweier
2020 1623 2811 1685 heruntergekommener Individuen, des Pri¬
2024 1681 2811 1726 vatiers Sommer und seines Rosses „Pascha“.
2070 1710 2805 1756 Dialecthumoresken bildeten den dritten
2017 1742 2808 1803 Theil der mit grossem Beifall aufgenommenen
2017 1790 2802 1835 Recitationsproben des intelligenten Recitators.
2079 1830 2817 1887 Gleiwitz, Der oberschlesische Wanderer
2007 1862 2819 1921 (11. 1I. 08). Wir hatten gestern auf Ver¬
2013 1910 2802 1957 anlassung der Gleiwitzer Ressourcengesell¬
2011 1949 2818 2008 schaft den Genuss, Herrn Marcell Salzer zu
2012 1988 2803 2030 ören. Von den namhaftesten Blättern der
2016 2025 2809 2076 rauptstädte gingen dem Künstler die
2015 2063 2808 2112 schmeichelhaftesten Beurtheilungen voraus.
2020 2102 2808 2154 Wir müssen anerkennen, dass Herr Salzer
2009 2147 2798 2190 diesem Rufe voll und ganz gerecht wurde.
2052 2184 2803 2232 Fassen wir seine Leistung zusammen, So
2009 2211 2794 2267 können wir nur bestätigen, dass es ein
2014 2258 2815 2319 Kunstgenuss war, dem Vortrage dieses
2006 2290 2385 2348 Mannes zu lauschen.
2079 2316 2813 2389 Gleiwitz: Der oberschlesische Wanderer
2011 2370 2809 2433 (5. 12. 99). Der gestern Abend von Herrn
2016 2421 2805 2474 Marcell Salzer aus Wien im Saale des
2003 2453 2811 2505 Deutschen Hauses veranstaltete Recitations¬
2018 2494 2803 2544 abend hatte ein zahlreiches Publikum an¬
2000 2536 2801 2589 gelockt. Der Saal war vollständig besetzt.
2003 2575 2803 2611 Das Recitationsprogramm war in interessanter
2015 2607 2813 2654 Weise zusammengestellt und zeichnete sich
2002 2646 2812 2702 durch Mannigfaltigkeit aus. Den Vortritt
2006 2693 2808 2744 darin hatten altbiblische Poesien, deren
2001 2726 2805 2773 Vortrag Herr Salzer einige kurze, einleitende
2002 2768 2807 2812 Bemerkungen voranschickte, in denen er auf
2005 2809 2804 2861 die künstlerische und dichterische Kraft vieler
1999 2836 2802 2894 Bibeldarstellungen hinwies. Zu eindrucks¬
2007 2886 2803 2921 vollster Wirkung gelangte in seiner Recitation
2003 2931 2802 2975 „Simson und Delila“, sowie Heinrich Heine’s
2002 2970 2789 3014 „Belsazar“, bekanntlich der betreffenden Er¬
2011 3003 2806 3054 zählung aus dem Buche Daniel nachgedichtet.
2012 3040 2797 3090 Dann kamen einige Goethe'sche Gedichte an
2006 3080 2785 3124 die Reihe, und zwar „Zueignung“. „Der ge¬
2004 3119 2794 3166 treue bekart“ und „Wirkung in die Ferne“
1997 3139 2798 3192 Während nach unserem Gefühl die lyrische
2000 3180 2808 3235 Stimmung der „Zueignung“ nicht in ihrer
2004 3233 2805 3272 ganzen Schönheit vermittelt wurde, bot die
2000 3268 2795 3319 Recitation der beiden anderen Gedichte
2003 3307 2792 3353 Cabinetsstücke vollendeter Vortragskunst.
1997 3344 2799 3390 Nun folgte eine hübsche Plauderei von Arthur
2004 3387 2795 3426 Schnitzler, dann eine recht drastische Humo¬
2002 3424 2791 3467 reske von Fanny Groeger und schliesslich
2000 3467 2797 3525 bekam man noch einige sehr lustige, mit
2006 3503 2799 3557 schlagkräftigen Pointen versehene Rosegger¬
2003 3545 2794 3593 sche Schwänke zu hören. Herr Salzer wusste
1995 3589 2786 3634 die einzelnen Gestalten dieser humoristischen
1998 3621 2799 3660 Scizzen mit aller Feinheit zu zeichnen und
1991 3662 2788 3716 plastisch greifbar vor das geistige Auge des
1999 3694 2788 3745 Zuhörers zu rücken. Nach fast allen Vor¬
2000 3738 2785 3789 trägen wurde ihm reichster Beifall zu Theil.
2042 3779 2788 3820 Eine nicht geringe Ueberraschung wurde
1985 3809 2790 3858 den Erschienenen durch die Polizei bereitet.
2000 3852 2787 3905 An Stelle von Schnitzler’s Plauderei hatte
1993 3895 2792 3947 der Künstler eigenlich „Des Hausfreunds Syl¬
1998 3935 2793 3985 vesterbeichte“ von Sudermann zum Vortrag
1988 3972 2787 4024 ausersehen. Im letzten Augenblicke aber
1991 4009 2770 4066 hatte die Polizei, wie sich Herr Salzer mit¬
