3392 4320
149 233 1311 323 2. Guttings box 37/2
126 711 295 785 #e I. Frike
627 722 1414 788 Wiener sein. Der Wiener schwört auch
132 772 284 822 hs Herr
627 776 1402 828 darauf, dass sein Bestes noch kommt, und
136 813 287 864 hrte uns
632 821 1408 872 was hat dieser Rufer im Streit, dieser geni¬
173 852 291 902 nden
629 867 1403 911 ale Selbstbeweihräucherer, dieser Marquis
145 889 300 939 chenden
630 902 1401 947 der Pose, dieser burschikos-übermüthige
183 933 282 979 nnen
620 940 1407 980 Weiber- und Federheld schon alles bis dato
616 979 1423 1035 geleistet? Ein Verdienst wird man ihm nicht
620 1017 1409 1072 rauben: er hat den jungen Kollegen den
620 1044 1401 1099 Rücken gestärkt, ihnen einen Sammel- und
627 1097 1406 1150 Mittelpunkt gegeben und die Ueberzeugung
628 1127 1398 1181 beigebracht, dass Jung-Wien nicht den An¬
628 1169 1415 1222 schluss an Jung-Berlin braucht, um etwas
621 1213 1414 1252 Gutes aus sich zu machen. Fraglos ist er
614 1246 1398 1301 ein wenig Poseur, etwas „Fatzke,“ wie die
624 1290 1404 1339 an der Spree sagen würden, und ich glaube,
622 1333 1401 1373 die Wiener wissen das am besten; aber
622 1364 1400 1419 trotzdem nehmen sie ihn ernst, denn sie
1336 1409 1404 1455 ein
628 1400 1329 1461 wissen, er ist ein geborener Führer,
624 1437 1406 1501 Mann des Aufsehens und Erfolges, ein
622 1478 1409 1543 Pionier, der den anderen die Wege ebnet,
619 1527 1403 1574 der goldene Brücken schlägt und Ruhmes¬
629 1565 1403 1609 tempelchen baut, er ist der Mann, der das
627 1601 1424 1642 Wienerthum unter die Leute gebracht hat und
214 1634 270 1681 us,
614 1636 1411 1700 bringt — wer weiss, wie sehr noch. Freilich,
622 1670 1401 1733 er steht nicht allein, und die um ihn über¬
631 1720 1407 1770 ragen ihn des Oefteren sogar an Dichtergrösse
232 1753 286 1797 n.
630 1759 1414 1807 und natürlicher Begabung. Da ist zum
217 1793 280 1834 nd
627 1790 1409 1852 Beispiel J. J. David, der eine Art Uebergang
628 1840 1410 1886 von (den Aelteren zu den Modernen bildet,
628 1869 1400 1929 der köstlich-sensitive Peter Altenberg, der
198 1906 253 1953 zle
620 1912 1403 1961 mehr den Duft der Dinge als die Dinge
200 1951 288 1989 des
622 1958 1405 2004 wiedergiebt, da ist Hugo von Hofmannsthal,
184 1980 282 2030 stadt
620 1983 1402 2037 der wundervolle Verseschmied, da ist vor
151 2025 283 2073 spielt,
624 2034 1402 2078 allem Arthur Schnitzler. Gar so lange ist
137 2057 281 2111 kleinen
628 2069 1414 2117 es noch nicht her, dass man in Wien
144 2102 264 2150 natol“)
616 2114 1418 2157 lächelte, wenn man von dem Doktor medi¬
147 2142 260 2185 r uns
620 2150 1409 2202 cinae Arthur Schnitzler sprach, der ein Sohn
128 2178 268 2232 Mädel“,
616 2184 1403 2233 seines Vaters sei, und, wie es heisst, auch
128 2220 281 2271 nd von
633 2226 1399 2280 Verse mache; man spöttelte wohl, dass er
142 2260 282 2317 ersteht
623 2268 1410 2316 unter den Dichtern ein guter Arzt und
143 2297 284 2351 Seufzer
619 2309 1406 2351 unter den Aerzten ein guter Dichter sei. Das
129 2335 267 2393 es hat.“
621 2345 1410 2397 wurde mit einem Schlage anders, als Schnitzlers
156 2372 297 2436 eeine
628 2385 1413 2430 Drama „Liebelei“ erschien, die Tragödie des
618 2425 1405 2471 aussichtslosen Liebesverhältnisses, eine echt
144 2452 290 2512 herab¬
626 2467 1404 2523 Wiener Dichtung, die aber überall gefiel und
154 2495 296 2541 er Zur
619 2502 1411 2569 überall aufgeführt wurde. Vorher war
153 2527 299 2584 seinen
617 2540 1398 2596 „Anatole“ erschienen, eine Serie von Vorhang¬
128 2568 294 2624 n, sein
621 2589 1409 2638 lüftern, dramatischen Situationen und Dialogen,
137 2610 280 2667 arob in
623 2621 1406 2675 durchweg etwas dekadent, aber prächtig in
144 2648 274 2708 sbricht,
621 2659 1410 2707 ihrer Naturwahrheit und von einem be¬
125 2688 280 2741 „Misse-
628 2706 1404 2750 strickenden Stimmungsreiz. Das' Neue in alle¬
144 2731 275 2780 ne Sen¬
620 2741 1406 2790 dem war die Entdeckung der Vorstadtstube
169 2767 288 2819 netes
621 2778 1406 2826 mit dem „süssen Mädel“ — das ist eine
158 2806 267 2857 rkung,
630 2820 1410 2868 Wiener Bezeichnung, auf die Sache aber ver¬
176 2848 282 2894 errn
631 2855 1411 2905 stand man sich in der ganzen, wenigstens in
147 2880 270 2932 ns an
624 2897 1404 2941 der halben Welt. Gleich würde man die Nase
192 2923 268 2973 Ger¬
621 2935 1412 2983 rümpfen über Arthur Schnitzler, wenn er nicht
622 2972 1399 3018 mehr gekonnt hätte. Aber er konnte mehr
144 2990 243 3050 gsber
623 3013 1408 3063 Er schrieb den „Grünen Kakadu“, eine
618 3057 1411 3101 meisterhafte Darstellung der Revolution im
624 3088 1399 3137 kleinsten Duodezformat, und seitdem glauben
626 3137 1412 3184 auch die anderen, die Nicht-Wiener, dass
622 3170 1417 3215 Schnitzler der Welt noch viel zu sagen hat;
623 3212 1414 3274 nennt man die besten Namen, wird auch der
632 3251 912 3304 seine genannt.
699 3271 1409 3336 Das sind ein paar Ausschnitte aus der
620 3329 1399 3375 jüngsten Wiener Litteraturgeschichte, über die
629 3374 1416 3417 uns gestern in der Litterarischen Gesellschaft
623 3406 1399 3451 Herr Marcell Salzer ein kleines, ungemein
616 3448 1409 3485 anregendes Kolleg las. Es war keine Ka¬
619 3481 1415 3529 thederweisheit, keine Dogmenlehre, nur eine
1322 3527 1403 3572 war,
618 3525 1315 3577 Plauderei, die aber um so förderlicher
626 3567 1407 3613 je einfacher und spontaner sie sich gab. Und
631 3603 1407 3648 der liebenswürdigen theoretischen Unter¬
623 3641 1412 3695 weisung folgte sogleich ein Praktikum, und
615 3680 1410 3732 dieses war sogar bei weitem die Hauptsache.
622 3724 1403 3765 Denn Herr Salzer recitirte seine Landsleute
153 3743 200 3790 Ju
618 3760 1405 3804 mit einem Schwunge, einer Natürlichkeit und
623 3801 1410 3847 Liebe, wie es eben nur ein Landsmann ver¬
620 3837 1401 3880 mag, Wir standen ganz unter dem Zauber
231 3860 283 3908 1.
620 3878 1398 3926 dieser Dichtungen und glaubten, Wiener Luft
129 3893 279 3953 ben im
626 3915 1408 3959 zu athmen. Gedichte von David, Hugo von
124 3936 291 3989 as, das
614 3953 1415 3998 Hofmannsthal und Anton Lindner leiteten die
123 3975 282 4023 gewinnt,
626 3996 1410 4044 beiden Theile ein. Peter Altenberg war durch
146 4013 282 4062 etwas
621 4037 1406 4079 ein paar Skizzen seines prächtigen Büchleins
122 4051 275 4100 Prisches,
626 4069 1397 4118 „Wie ich es sehe“, Hermann Bahr durch
114 4088 286 4141 isches“.
622 4102 1398 4156 eine Humoreske „Die schöne Frau“ vertreten,
128 4130 286 4178 tsteller-
633 4146 1397 4194 die Herr Salzer von A bis Z auswendig, oder
1426 738 2980 813 echtem Humor durchwentes Lebens- und Herzen nachempfinden und durch seinen
1425 786 2197 841 Sittenbild von Chr. G. Morgenstern, der etwas
2204 790 2969 839 Vortrag dieselbe Wirkung dem Hörer über¬
1421 823 2196 880 abseits von der sensitiven Richtung der
2204 827 2982 878 mitteln. Er wird darum auch immer nur
2213 863 2995 911 solche Werke vortragen, für die er sich
1414 857 2195 910 jüngsten Wiener Dichterschule zu stehen, im
2205 903 2983 958 selbst wirklich begeistern kann. Und der
1426 906 2192 957 Uebrigen ihrer aber durchaus würdig zu
1415 943 1666 996 sein scheint.
2196 942 2997 1000 Hörer seinerseits wird stets die Echthleit dieser
2204 982 2989 1024 Begeisterung fühlen, und was vom Herzen
1492 971 2185 1032 Alles in Allem war „Jung-Wien“ einer
2212 1023 2998 1089 kommt, wird auch bei ihm den Weg zum
1419 1013 2187 1069 der unterhaltendsten und anregendsten Abende
2215 1058 2624 1119 Herzen nicht verfehlen.
1415 1059 2196 1115 der Litterarischen Gesellschaft — Dank der
2278 1081 2989 1150 Die Gesellschaft (Leipzig, Juni 96).
1420 1106 2196 1146 reichen und schönen Spenden dieser Poeten
2202 1133 2986 1186 Marcell Salzer wusste. seiner Kunst die Weihe
1418 1140 2189 1202 und der vortrefflichen Charakterisirungskunst
2202 1180 2976 1227 des Augenblicks zu geben. Er las mit
1414 1181 1759 1230 Ihres Interpreten.
2208 1216 2982 1273 flehender, hilfloser Stimme, mit visionären
1484 1205 2187 1272 Landauer Anzeiger (25. 1. 99). Herr
2207 1256 2979 1303 Augen. Aber er wusste auch um das wahr¬
1421 1257 2187 1305 Marcell Salzer ist ein höchst gewandter Re¬
2204 1294 2987 1336 haft erschütternde Lebenssegment einen 8o
1419 1305 2189 1351 citator, dessen echt österreichische Gemüth¬
2208 1333 2994 1384 intensiven Flor süssdustender Stimmung zu
1421 1340 2186 1392 lichkeit dem Vortrage von vornherein eine
2215 1372 3004 1414 spinnen und mit dem Tone des Frühlings,
1423 1380 2195 1422 gewisse Wärme giebt. Seine Ausdrucks¬
2210 1417 2995 1468 des Furchtbaren und der Versöhnung so
1413 1418 2185 1479 fähigkeit ist erstaunlich. Wie köstlich ge¬
2208 1452 2995 1494 suggestive Gefühlsschauer zu erzwingen, dass
1423 1459 2197 1506 lang ihm z. B., um nur eins zu erwähnen,
2207 1491 2979 1554 sich das Lauschen fast wie zu einer An¬
1428 1497 2187 1544 das Liliencron'sche Gedicht mit seinem, Halli
2213 1527 2640 1580 dachtsstunde gestaltete.
1420 1528 2187 1601 und Halloh! Die Zuhörer lachten und
2281 1544 2987 1614 Leipziger Neueste Nachrichten (11. 12.
1424 1573 2022 1625 klatschten Beifall ohne Unterlass.
2202 1593 2994 1656 1898). Auf Veranlassung des Landes¬
1496 1600 2193 1672 Landauer Zeitung (2. 11. 58). Der auf
2203 1638 3002 1703 verbandes der „Gesellschaft für Ver¬
1422 1626 2194 1708 gestern anberaumte Vortrag des Gewerbe¬
2211 1682 2995 1734 breitung von Volksbildung“ trug der
1420 1696 2200 1737 vereins im Theatersaal war sehr gut be¬
2207 1715 2988 1761 in Deutschland wie in Oesterreich rühmlichst
1425 1730 2187 1772 sucht, so dass schon lange vor Heginn der
2210 1757 2997 1803 ekannte Recitator Herr Marcell Salzer aus
1425 1763 2195 1815 Saal dicht besetzt war. Man hat offenbar
2201 1793 2986 1842 Wien Dichtungen reichsdeutscher und öster¬
2213 1839 2989 1898 reichischer Poeten vor. Hatte er mit ersteren
1427 1846 2195 1902 gesetzt, und dieselben rechtfertigen sich denn
2216 1879 2990 1939 schon stürmischen Beifall gefunden, so ge¬
1426 1890 2192 1934 auch in der glänzendsten Weise. Im 2. Act
2215 1919 2994 1967 wannen seine Vorträge aus den öster¬
1423 1924 2191 1966 der „Weber“ wird uns in tief ergreifender
2214 1946 2990 2001 reichischen Dialectdichtungen vollends die
1419 1964 2195 2014 Weise die bittere Noth und Armuth einer
2205 1988 3000 2031 Herzen der Zuhörer. Meisterhaft beherrschte
1428 2005 2192 2043 Weberfamilie geschildert. In meisterhafter
2216 2035 2992 2093 er sowohl die Stimme, wie intimes Geberden¬
1429 2038 2199 2090 Weise brachte Herr Saizer diesen Act zum
2207 2074 3000 2114 und Mienenspiel, so dass man die handelnden
1422 2083 2194 2125 Vortrag. Unübertrefflich zeigt sich der Re¬
2203 2110 2870 2168 Personen vor sich zu haben meinte.
1424 2116 2194 2168 citator besonders darin, dass er es verstcht,
2279 2155 2994 2195 Lemberg. „Militär-Wissenschaft¬
1423 2161 2191 2210 ebenso das schwache Hüsteln eines alter¬
2213 2177 2344 2235 licher
2353 2181 2987 2244 und Casino-Verein in Lem¬
1425 2200 2190 2259 gebeugten Greises nachzuahmen, wie den
2208 2227 3003 2279 berg“ (2. 2. 97). Euer Wohlgeboren! Es
1421 2240 2189 2279 wilden, gellenden Verzweillungsschrei eines
2213 2270 3000 2313 gereicht mir zum Vergnügen, zu constatiren,
1424 2274 2194 2322 lebensmüden Weibes. Doch wenden wir uns
2207 2308 2992 2352 dass Ihre am 28. Jänner 1897 im hiesigen
1421 2319 2199 2361 lieber den erheiternden Humoresken zu, mit
2211 2343 3012 2387 Militär-Wissenschaftlichen und Casino-Vereir
1423 2366 2195 2408 denen uns Herr Salzer reichlich bedacht hat.
2216 2385 3002 2440 abgehaltene Recitation ungetheilten Beifall
1424 2390 2200 2444 Besonders gefiel hier die unübertreffliche
2216 2429 3003 2471 fand. — Das reichhaltige Programm war mit
1417 2433 2194 2479 Darstellung der „schönen Frau“, die von
2216 2464 3002 2506 Rücksicht auf das aus den Mitgliedern des
1418 2474 2198 2526 dem unter den Launen der Gemahlin arg
2213 2510 2993 2554 Casinos, deren Familien und geladenen
1424 2515 2198 2557 leidenden Gemahl in so vorzüglicher Weise
2201 2545 2998 2601 Gästen bestehende sehr zahlreich- Auditorium
1415 2554 2198 2604 ironisirt wird. Diese Proben mögen genügen,
2211 2584 2995 2626 sehr geschickt und mit feinem Geschmack
1431 2595 2187 2636 um unsern Lesern zu zeigen, dass wir gestern
2207 2618 2993 2686 zusammengestellt. Ich wünsche Ihnen für die
1423 2633 2193 2682 Abend einen Kunstgenuss erster Güte hatten.
2211 2659 2686 2716 Zukunft gleiches Gelingen.
1424 2673 2190 2720 Es ist daher nicht zu verwundern, wenn sich
2284 2674 2996 2763 Mit dem Ausdrucke meiner Werth¬
1426 2713 2200 2757 am Schlusse jeder einzelnen Leistung wahre
2214 2732 2399 2790 schätzung
1428 2748 2188 2795 Beifallsstürme entfesselten, die am Schlusse
2378 2752 2825 2824 Der Vereins-Präses
1425 2785 2210 2840 des ganzen Vortrages eine förmliche
2492 2812 2700 2867 Plentzner
1422 2825 1831 2879 Ovation darstellten.
2230 2838 2971 2918 K. u. k. Feldmarschall-Lieutenant.
1487 2862 2195 2929 Landshuter Zeitung (10. 12. 98). Man
1420 2897 2194 2958 versprach sich von dem Wiener Marcell
2335 2912 3002 2991 Ueber die Lemberger Vorlesungen
1416 2949 2188 2995 Salzer einen besonders amüsanten Abend.
2207 2961 2995 3023 Marcell Salzer’s vom 4. u. 5. Januar 1898
1431 2982 2190 3053 Und man fand sich auch nicht getäuscht.
2209 3008 3008 3052 schreibt Herr Universitäts -Professor
1427 3026 2190 3082 Herr Salzer verstand es, durch seine Vor¬
2205 3048 3002 3101 Dr. Karl Maria Werner im Märzheft der
1417 3064 2193 3112 tragskunst seine Zuhörer bald „bis zu
2209 3088 3003 3147 „Gesellschaft“ (Berlin 1898): Salzer’s
1428 3105 2188 3171 Thränen zu rühren“, bald zu unbändiger
2206 3135 2993 3175 Vorzüge sind ein ganz schlichter Vortrag,
1406 3140 1846 3194 Heiterkeit mitzureissen.
2198 3174 2987 3222 ein künstlerisches Abtönen und Masshalten,
1487 3170 2198 3234 Kurier von Niederbayern (Landshut,
2214 3216 2982 3267 ein leichtes, fein pointirtes Sprechen, ein ge¬
1418 3226 2195 3268 10. 12. 98). Herr Marcell Salzer, eine Sym¬
2208 3251 2995 3304 wisser prickelnder und picanter Reiz im
1415 3261 2191 3319 pathische Erscheinung, gewann durch die
2207 3284 2990 3331 Detail, vollständige Gewalt über seine
1424 3307 2191 3359 lebenswarme Natürlichkeit seiner Vortrags¬
2191 3323 2994 3384 Stimme, Beherrschung des Hochdeutschen
1421 3343 1916 3396 weise seine Hörer im Flug.
2208 3374 2986 3411 wie der Dialecte, und nicht zum Wenigsten
1493 3365 2186 3429 Leipzig (Vorlesung vom 20. 11. 96 in
2201 3407 2996 3458 litterarisches Gefühl und geschmackvolles
1419 3388 1511 3459 der
1504 3413 2193 3465 „Litterarischen Gesellschaft“).
2203 3446 2989 3490 Verständniss bei der Auswahl der Vortrags¬
1422 3451 2194 3504 Magazin für Litteratur (Berlin, 28. 11. 96).
2201 3490 2989 3533 stücke. Wir Deutschen in Lemberg, die wir
1516 3498 2190 3541 Marcell Salzer versteht, im Gegensatz
2210 3526 2996 3586 kein Theater besitzen, danken Salzer doppelt
1422 3526 2202 3574 zu seinen Collegen, das, was er liest. Er
2203 3561 2511 3622 für den Genuss.
1419 3573 2191 3623 gab in seiner Einleitung ein kurzes Feuilleton
2272 3573 2994 3648 Przeglad (Lemberg, 8. 2. 98). Wiedenski
1424 3614 2189 3657 über die jungen Wiener Autoren, in dem
2203 3637 3000 3686 deklamator Marceli Salzer odczytal onegdaj
1419 3649 2189 3698 leichten, preciösen Stile, den er von seinen
2196 3669 2909 3727 slynny dramat Halbego „Mlodosé“.
1425 3686 2186 3737 Freunden gelernt hat. Dann las er die
2195 3710 2994 3773 przeciwienstwie do Strakoscha jest Salzer
1424 3726 2184 3768 Dichtungen. Er las mit Temperament, mit
2203 3758 2998 3797 reprezentantem nowej szkoly deklamatorskiej,
1417 3765 2189 3816 feinen und feinsten Modulationen seiner
2206 3797 3006 3852 czyta naturalnie, bez przesady, a podkresia
1422 3804 2183 3849 schmiegsamen Stimme, in sorgsam durch¬
2206 3829 2995 3880 subtelne intencye pocty, kladzie nacisk na
1419 3842 2184 3901 empfundenem Verständniss für die zarten,
2205 3856 2996 3915 psychologie osöb i sytuacyi, i stara sie w.
1425 3880 2190 3944 zerbrechlichen Stimmungen, die er uns
2184 3900 2999 3956 publicznosci wywolac nie bezposrednie
1417 3918 1632 3973 suggerirte.
2197 3943 2981 3997 wrazenie za jakakolwiek cene, lecz zaintereso¬
1488 3943 2116 4000 Leipziger Tageblatt (24. 11. 96.) —
2195 3985 2984 4031 wanie sie samem dzielem i zrozumienie go,
1425 3985 2182 4047 Herr Marcell Salzer verstand es vortrefflich,
2195 4022 2989 4076 co potem posrednio wywoluje wrazenie
1425 4040 2184 4093 die verschiedenen Werke zu charakterisiren
2197 4063 2987 4113 trwalsze i glebsze. P. Salzer jest jeszcze z
1428 4073 2178 4129 und das zahlreich erschienene Publikum hat
2192 4096 2985 4144 innego wzgledu osobistoscia bardzo interesu¬
1415 4106 2170 4169 durch Jung-Wien noch Jung-Berlin und Jung¬
2184 4133 2994 4193 jaca, gra on bowiem w nowozytnej literaturze
1419 4150 1832 4196 Leipzig kennen gelernt.
