3344 4320
184 206 1335 294 2. Cuttings box 37/2
505 671 1301 739 stehens seinen Mitgliedern und den sonstigen
504 723 1302 764 Besuchern auf dem Gebiete der Technik,
495 767 1284 820 Wissenschaft und Kunst schon mancherlei
494 800 1292 848 Gutes geboten. Die Recitationsvorträge vom
497 833 1291 884 letzten Sonnabend haben jedoch selbst hoch¬
489 891 1295 935 gehende Erwartungen weit überholt. Die
494 918 1294 970 Salzwedeler Bürgerschaft hat in den beiden
499 958 1287 1010 letzten Jahrzehnten wohl zehn bis zwölf
494 991 1286 1046 Recitatoren zu hören Gelegenheit gehabt, da¬
498 1035 1284 1088 runter Namen von bestem Klange, wie
496 1067 1282 1121 einen Palleske, Türschmann, Strakosch,
498 1114 1282 1157 Schmidt-Häsler. Aber der junge Wiener
490 1145 1284 1193 Recitator Marceli Salzer, der für den ge¬
496 1186 1288 1233 nannten Abend von dem Vereinsvorstand ge¬
493 1230 1291 1282 wonnen war, hat den Zuhörern künstlerische
491 1270 1285 1327 Leistungen zu bieten verstanden, die in ihrer
500 1308 1284 1362 Gesammtheit von keinem einzigen der hier
497 1332 1283 1398 Gehörten übertroffen worden sind, vielmehr
500 1381 1290 1435 den allerbesten Darbietungen sich gleichwerthig
495 1426 1283 1486 erwiesen, ja die meisten weit hinter sich
498 1460 1292 1516 zurückgelassen haben. Der grössere Theil
505 1503 1295 1560 der Recitatoren pflegt von der Bühne zu
504 1538 1294 1589 kommen und vermag diesen Ursprung auch
495 1566 1283 1633 beim Vortrag epischer und lyrischer Dicht¬
501 1610 1285 1659 ungen oder bei der blossen Recitation dra¬
499 1658 1296 1703 matischer Partien nicht zu verleugnen. Sie
496 1692 1290 1743 geberden sich auf dem Podium, als ob sie
495 1731 1293 1781 die weltbedeutenden Bretter unter ihren Füssen
494 1773 1300 1830 hätten; sie sprechen nicht, sie spielen, trotz
492 1812 1296 1864 modernstem Gesellschaftsfrack, und möchten
496 1855 1294 1905 dem Zuhörer einbilden, dass ein Männer¬
504 1889 1288 1941 organ durch Fisteln zu einer Frauenstimme
507 1932 1297 1980 und damit zugleich das bärtige Männergesicht
502 1969 1290 2013 zu einem Jungfrauenantlitz, zu einem Grethchen,
509 2007 1301 2060 einer Ophelia, würde. Für Herrn Marcell
498 2046 1292 2094 Salzer musste von vornherein die Thatsache
500 2086 1298 2124 einnehmen, dass sein umfangreiches Programm
497 2124 1299 2169 auch Stücke des Alten Testamentes umfasste,
496 2162 1302 2209 und dass er mit ihrem Vortrage nach Ausweis
509 2197 1303 2251 vieler Kritiken eine höchst andachtsvolle
501 2229 1299 2289 Stimmung zu erzielen vermag. Das beweist,
501 2287 1305 2337 dass dieser Recitator aller schauspielerischen
515 2314 1303 2370 Verstiegenheit abhold sein muss. Und das
493 2357 1299 2411 hat er auch am hiesigen Vortragsabend durch¬
504 2399 1294 2447 aus bewährt — praktisch und theoretisch.
498 2439 1298 2478 Ja, auch theoretisch. Ich hatte in der Pause
502 2476 1314 2533 Gelegenheit, meine Gedanken über die Reci¬
504 2511 1300 2564 tationskunst mit ihm auszutauschen, und ich
500 2555 1308 2595 habe meine Freude daran gehabt, wahr¬
509 2589 1301 2637 zunehmen, mit wie klarem Bewusstsein er von
510 2630 1298 2688 Anfang an die besondere Aufgabe seiner
513 2668 1303 2722 Kunst, die er erst vor vier Jahren zum Lebens¬
511 2710 1307 2754 beruf erkoren, erfasst hat. Es hat zu allen
509 2740 1308 2806 Zeiten grosse Schauspieler gegeben — grosse
509 2783 1303 2836 Recitatoren muss man mit der Diogenes¬
508 2816 1308 2871 laterne suchen. Herr Salzer ist einer. Dazu
511 2858 1305 2919 reicht natürlich nicht hin, dass er jene Klippe,
518 2900 1304 2942 woran schon so viele gescheitert sind, ein¬
503 2942 1301 2992 sichtsvoll vermieden hat. Es müssen noch
502 2983 1304 3034 positive Vorzüge hinzukommen. Es giebt
513 3013 1315 3065 Recitatoren, die, mit ungewöhnlichen Stimm¬
508 3053 1312 3107 mitteln ausgerüstet, sich darauf viel zu Gute
511 3100 1313 3140 thun und sie möglichst geltend zu machen
521 3137 1305 3184 sich angelegen sein lassen. Gewiss kann
512 3174 1302 3221 damit ein bestrickender Reiz auf das Ohr
516 3215 1308 3258 ausgeübt werden, aber wenn schon bei der
510 3257 1298 3301 Musik mit diesem rein physischen Zauber
515 3294 1311 3344 noch lange nicht Alles gethan ist, so noch
505 3331 1309 3376 viel weniger bei der Nachschaffung eines
514 3375 1314 3428 dichterischen Gebildes. Man kann nicht ge¬
515 3409 1310 3455 rade sagen, dass das Organ des Herrn Salzer
511 3443 1313 3507 an und für sich schon etwas besonders Ein¬
518 3483 1307 3543 schmeichelndes besässe; aber er beherrscht
515 3525 1315 3575 es in allen Schattirungen mit vollkommener
510 3566 1310 3614 Sicherheit, und er weiss — und das ist die
515 3608 1317 3666 Hauptsache und macht ihn eben zu einem
885 3641 1309 3698 seine Stimmmittel auf's
514 3650 833 3696 wahren Künstler
512 3683 1314 3729 wirksamste in den Dienst der ldee der je¬
510 3720 1312 3770 weiligen Dichtung zu stellen, die er für einen
513 3767 1309 3802 theilnehmendlen Kreis aus dem Gebite des
518 3788 1309 3844 Auges (die Poesie wird uns ja vorzugsweise
515 3835 1310 3878 in Buchform geboten) in das Gebiet des Ohres
509 3875 1308 3918 zu übertragen sich bemüht. Man merkt es
518 3917 1306 3961 dabei dem Ganzen und allem Einzelnen an,
519 3953 1319 3997 dass er aus den betreffenden Dichtungen ein
518 3997 1306 4053 ernstes, eindringendes Studium gemacht hat,
516 4032 1310 4080 und dass ein gutes Stück Dichternatur in ihm
526 4072 1312 4122 selbst lebt und webt. Und beides zusammen
533 4111 1309 4156 hat ihn zu einem feinsinnigen Ausleger und
1297 668 2891 719 Vortragsabend war von dem Vorstand des prickelnde Humor der Wiener Dialectdich¬
1302 721 2090 772 Vereins ursprünglich als eine etwas ver¬
2094 725 2900 772 tungen, wie der tragische Ernst anderer zum
1301 755 2091 807 spätete Goethe - Gedenkfeier geplant. Dieser
2094 761 2893 818 Vortrag gebrachter Piecen — jede Stimmung
1294 804 2078 853 Plan ist hinterher, wenn auch nicht ganz auf¬
2095 798 2889 850 und jedes Empfinden brachte der Künstler
2100 833 2890 894 in einfacher naturwahrer Weise, und stets
1296 844 2084 891 gegeben, so doch erheblich geändert worden,
2095 885 2892 928 getragen von tiefdurchdachter und vornehmer
1297 875 2091 924 und das war aus verschiedenen Gründen gut.
1306 918 2090 969 An den alten Plan erinnerten noch die drei
2093 926 2898 976 Auffassung zum Ausdruck. Der Beifall, der
2102 959 2892 1003 dem talentvollen Recitator nach jedem ein¬
1292 963 2082 1009 ersten Vorträge: „Goethes Zueignung“, „Wir¬
1300 995 2079 1045 kung in die Ferne“ und „Der getreue Eckart“.
2101 995 2905 1038 zeinen Stück, wie besonders am Schluss des
2095 1032 2905 1079 Vortrags entgegenschallte, war ein reichlich
1299 1039 2079 1084 „Die Zueignung“ war an dem ganzen Abend
2095 1072 2897 1128 verdienter. Herr Marcell Salzer wird hier,
1295 1078 2083 1123 die einzige Darbietung, die trotz einzelner
2100 1113 2894 1169 wie überall, wo er einmal aufgetreten ist,
1307 1113 2090 1166 guter Momente meinen Beifall nicht zu finden
2095 1152 2838 1215 stets ein gern wiedergesehener Gast sein.
1305 1156 2083 1200 vermochte: der Vortrag schien mir nicht
1295 1194 2097 1237 schlicht genug und hatte einen kleinen Stich
1302 1228 2089 1278 ins Sentimentale. Ich habe es Herrn Salzer
2121 1240 2884 1316 Melodram-Vortrag „Enoch
1305 1265 2101 1317 nicht verschwiegen, und er gab mir Recht:
1304 1307 2096 1352 er selber sei mit dieser Leistung nicht zu¬
2369 1293 2606 1370 Arden.“
1305 1347 2101 1403 frieden; er habe zu dieser Dichtung noch
2167 1347 2898 1423 Stassfurter Zeitung (12. 1. 1900). Der
1306 1386 2093 1431 nicht das rechte Verhältniss gewonnen. Die
2105 1412 2903 1463 grosse Kremmling’'sche Saal gefüllt bis auf
1298 1419 2085 1482 beiden folgenden Balladen wurden aber meister¬
2107 1447 2894 1504 den letzten Platz, das ist für Veranstaltungen
1296 1457 2090 1513 haft vorgetragen und sind mir seit jenem
2108 1491 2900 1541 zur Darbietung wirklicher Kunstgenüsse ein
1307 1506 2092 1557 Abend erheblich lieber geworden, als sie es
2105 1526 2893 1577 Ereigniss, wie man es hier nur selten zu er¬
1301 1545 2085 1589 bis dahin waren. Den übrigen Theil des Pro¬
2098 1572 2900 1621 leben Gelegenheit hat. Und diese Versamm¬
1297 1579 2091 1623 gramms bildeten Prosa- und Versdichtungen
2109 1597 2915 1650 lung, sehr pünktlich zur Stelle, — rühmend
1300 1619 2094 1671 von Wildenbruch, Bahr, Lilieneron und
2108 1638 2914 1695 sei es anerkannt, lauschte in lautloser Stille
1308 1643 2086 1700 Rosegger. Dem Zuhörerkreise wird wohl das
2103 1681 2907 1732 dem Künstlerpaar, das, gleichsam in einander
1308 1695 2098 1735 Meiste hiervon, gar manchem sogar Alles bis
2103 1719 2911 1759 verwachsen, die reichen Saiten seines
1313 1735 2096 1781 dahin unbekannt gewesen sein, und man wird
2111 1762 2903 1811 Könnens in fortschreitender Gestaltung ent¬
1305 1770 2089 1819 dem Spender für diese litterarische Be¬
2111 1804 2908 1848 faltete: das war kein Vortrag mehr, unter¬
1308 1806 2100 1863 reicherung innerlich Dank gewusst haben;
2113 1844 2901 1890 stützt durch Clavierspiel, das war Leben,
1311 1849 2093 1896 für den künstlerischen Genuss, den seine
2107 1880 2903 1935 köstlich wahres Leben, in jedem Wort, jeder
1312 1885 2090 1932 hervorragende, ausserordentlich plastische
2103 1915 2909 1969 Miene, jeder Geste, jedem Ton, das die an¬
1311 1930 2099 1977 Vortragsweise den Lauschenden bereitet hat,
2111 1956 2905 2007 dächtig lauschende Gemeinde gefangen hielt.
1310 1965 2100 2013 haben sie ihrem Dankgefühle auch äusserlich
2111 1991 2915 2042 wie in magischem Zauber, Leben aus dem
1312 2006 2100 2058 immer von Neuem Ausdruck verliehen.
2109 2030 2901 2082 Leben, das in der Wiederspiegelung der
1313 2039 2087 2094 Kicherndes Behagen begleitete die humo¬
2116 2072 2902 2121 seelischen Affecte das Herz erbeben liess in
1310 2085 2088 2130 ristischen Vorträge, und lebhafter Beifall folgte
2109 2110 2911 2161 allen Fasern und in der Scenengebung tiefsten
1317 2122 2098 2170 mit Ausnahme des ersten Gedichtes jeder ein¬
2112 2150 2912 2209 Seelenleidens auch Starken unwillkürlich die
1311 2167 2098 2215 zeinen Nummer. Ich habe nur höchst selten
2098 2190 2904 2239 Thränen in die Augen drängte. Solch einen
1315 2204 2094 2246 einer Versammlung beigewohnt, wo sämmt¬
2103 2230 2906 2275 Zauber muss man mit erleben, um ihn ver¬
1313 2245 2088 2291 liche Anwesende, ob Alt oder Jung, ob Mann
2108 2259 2906 2315 stehen zu können, beschreiben lässt sich die
1310 2279 2092 2327 oder Weib, dem Sprecher von Anfang bis zu
2108 2304 2914 2357 Situation doch nur schlecht; ermöglicht wird
1313 2319 2099 2361 Ende die ungeschwächte Aufmerksamkeit wie
2111 2345 2907 2392 sie, wie gesagt, nur dadurch, dass Meister
1312 2359 2097 2411 hier zugewandt hätten. Man muss dringend
2103 2392 2909 2436 in ihrem Fache sich als Meister geben. Und
1320 2401 2093 2443 wünschen, dass sich Gelegenheit finde, Herrn
2108 2426 2907 2472 als solcher verfügt Herr Marcell Salzer in
1323 2439 2091 2492 Salzer noch öfter in unserer Stadt zu hören.
2109 2464 2909 2513 erster Linie über ein ausreichendes Organ,
1378 2473 2092 2522 Schleswiger Nachrichten (26. 1. 98).
2111 2489 2901 2549 das ohne jede Einbusse den schrillsten
1320 2506 2092 2567 Die ausserordentliche Schärfe der Charakteri¬
2102 2540 2902 2582 Wechsel der Modulation gleichsam spielend
1313 2556 2095 2601 sirung, die malerische, alle Schönheiten des
2111 2576 2909 2624 überwindet und erträgt. Was den Vortrag
1327 2594 2097 2642 Stoffes auf's Schärfste herausarbeitende, den
2112 2621 2900 2670 selbst anbelangt, so ist jede Nuance sorg¬
1323 2633 2092 2686 Hörer bezwingende, oft überraschende Vor¬
2106 2660 2904 2705 fältig ausgefeilt, das Pathos edel wohltönend,
1315 2674 2101 2720 tragsweise Salzer’s brachte alle Vortrags¬
2114 2697 2904 2743 Lachen, Weinen, Seufzen Natur und daher
1319 2710 2092 2756 stücke zur vollsten Wirkung, die sich in dem
2104 2733 2587 2784 von packender Wirkung.
2585 2730 2914 2784 Und nun sein
1319 2748 2095 2791 wiederholten Beifall äusserte. Die Hörer
2111 2765 2907 2826 Partner Herr Lehrer Giese. Wie ein Zephyr¬
1314 2785 2094 2826 wurden offenbar immer wärmer, und sie
2105 2812 2911 2862 Hauch schweben die Accorde durch den
1329 2818 2095 2873 wurden ganz in Banden geschlagen, als
2109 2853 2903 2903 Saal, die Scenenmalung ergänzend, ab und
1324 2863 2092 2906 Herr Salzer nach der Pause ganz köstliche,
2111 2888 2901 2931 zu in gewaltiger Wucht. Trotzdem die
1311 2915 2097 2951 wenn auch eigenartige, von einer eigenthüm¬
2108 2915 2897 2976 Scenenmalung in dem Melodrama „Enoch
1321 2940 2094 2988 lichen feinen Picanterie durchzogene, hier ge¬
2112 2970 2904 3014 Arden“ zu einem grossen Theil von Com¬
1327 2980 2088 3021 wiss kaum Jemand bekannte Erzeugnisse der
2108 3004 2898 3063 ponisten der Musik zugewiesen ist, bliet
1329 3018 2099 3068 Wiener Moderne zum Vortrage brachte. Mit
2101 3044 2899 3096 Herrn Giese’s Mitwirkung vornehm decent
1317 3060 2104 3104 dem Bewusstsein, von einem ausserordent¬
2108 3077 2907 3123 und doch die Situation ruhig beherrschend.
1324 3097 2101 3143 lich gewandten Plauderer vortrefflich unter¬
2108 3118 2909 3165 Nur dadurch, dass der Beamtenverein als
1324 3133 2098 3181 halten worden zu sein, gingen die Zuhörer
2107 3160 2901 3205 die erste Bedingung des Recitators, einer
1327 3172 2100 3219 heim, wohl alle mit dem Wunsche, dass
2109 3201 2905 3249 tüchtigen, feinfühligen Clavierspieler zu stellen
1329 3211 2097 3269 Herr Salzer, wenn er mal wieder nach
2111 3243 2903 3286 in der Person des Herrn Lehrer P. Giese se
1324 3246 2094 3301 Schleswig-Holstein kommt, an Schleswig
2107 3281 2906 3326 glänzend erfüllen konnte, ist auch die
1328 3287 2094 3334 nicht vorübergehen möge. Herr Salzer, der
2108 3321 2894 3367 Premiere des Melodramas „Enoch Arden“
1328 3330 2096 3374 überall in Schleswig-Holstein mit durch¬
2116 3358 2904 3407 hier vorzüglich ausgefallen. Der Beamten¬
1319 3371 2093 3419 schlagendem Erfolg gelesen, wird wohl im
2121 3391 2903 3444 Verein Stassfurt-Leopoldshall aber
1328 3410 2092 3460 nächsten Jahre seine Vortragsreise fortsetzen,
2110 3434 2902 3486 hat seinen Mitgliedern und Gästen einer
1329 3451 2093 3499 und so verabschieden wir uns von dem
2106 3474 2906 3521 Kunstgenuss allerersten Ranges verschafft
1325 3479 2101 3544 liebenswürdigen Wiener mit dem Rufe: „Auf
2098 3500 2672 3564 der noch lange anhalten wird.
1327 3523 1586 3575 Wiedersehen!“
2173 3543 2892 3598 Stettiner Morgen- und Abend-Zeitung
1398 3540 2104 3611 Schneeberg: Erzgeb. Volksfreund (20.1.
2118 3590 2904 3639 (19. 1. 98). (Recitation des Märchendramas
1324 3593 2099 3645 1900). Der gestern vom Kaufmännischen
2116 3634 2890 3683 „Die versunkene Glocke“ von Gerhart Haupt¬
1332 3637 2101 3686 Verein veranstaltete Recitationsabend hatte
2118 3669 2254 3718 mann.)
2339 3647 2896 3721 Herr Salzer hatte sich aber
1328 3683 2102 3729 ein zahlreiches Publikum von Mitgliedern
2116 3702 2898 3752 eine grössere und schwierigere Aufgabe, die
1326 3719 2102 3761 und Gästen angelockt, welches den im
2106 3729 2902 3788 Charakterisirung des Glockengiessers selbst
1331 3754 2098 3796 Voraus vielgerühmten Leistungen des Reci¬
2104 3783 2898 3834 gestellt. Mit tiefer Empfindung und wirkungs¬
1317 3793 2097 3841 tators Marcell Salzer aus Wien mit gespannter
2115 3815 2907 3866 voller Steigerung — im Tonfalle und in der
1323 3830 2097 3874 Erwartung entgegensah. Waren dem Verein
2107 3859 2901 3908 Phrase lebhaft an Kainz erinnernd — brachte
1328 3873 2101 3921 in früheren Jahren bei ähnlichen Veran¬
2115 3900 2901 3942 er seine Worte zum Ausdruck und wusste
1332 3907 2105 3958 staltungen verschiedentlich sehr mässige
2115 3929 2557 3995 uns wirklich zu fesseln.
1331 3939 2100 3994 Kunstleistungen geboten worden, so hat Herr
2174 3957 2909 4028 Ostsee-Zeitung (Stettin, 2. 3. 99). Herr
1321 3986 2101 4036 Marcell Salzer den ihm vorangehenden Ruf
2115 4012 2907 4071 Salzer leistet in der That Bedeutendes. Erhatein
1325 4025 2102 4070 als echter Künstler in seinem Fache in
2116 4056 2900 4110 volltönendes, kräftiges. sehr modulationsfähiges
1327 4063 2103 4114 glänzender Weise gerechtfertigt. Eine von
2111 4096 2899 4137 Organ und ist dadurch in der Lage, allen
1331 4100 2096 4153 jedem comödiantenhaften Pathos freie Vor¬
2334 4142 2897 4172 von der der tiefernsten an hin¬
1974 4133 2027 4174 #
