3296 4352
134 231 1267 315 2. Cuttings box 37/2
1531 580 1610 643 18
375 666 1151 715 Platz gefüllt, als der Recitator, dem ein so
1173 671 1944 726 ist es sehr verdienstvoll, die prächtigen Ge¬
365 710 1114 768 guter Ruf vorangegangen war, ihn betrat.
1155 722 1938 768 dichte Detlev v. Liliencron's in weiteren
451 749 1147 803 Wir dürfen nun mit Vergnügen hier
1167 757 1687 800 Kreisen bekannt zu machen.
376 792 1155 834 sagen, dass uns Herr Salzer einen grossen
1237 784 1950 834 Berner Tagblatt (7. u. 12. 10. 99). Einen
373 832 1148 867 Genuss bereitet hat. Was uns über ihn be¬
1167 823 1932 885 herrlichen Abend hat der noch junge Wiener
376 866 1151 915 richtet worden war, hat sich hier in Basel
1173 873 1941 922 Recitator Marcell Salzer, der sich bereits
367 911 1149 953 bewahrheitet: Marcell Salzer ist wirklich ein
1175 917 1929 962 eines hohen Rufes im gesammten deutschen
373 947 1152 990 Vortragskünstler, der sich mit Feinfühligkeit
1171 946 1928 1003 Sprachgebiet erfreut, seinen Zuhörern im
367 991 1153 1026 in das Wesen von Dichtwerken hineinzu¬
1162 988 1930 1042 Palmensaal bereitet. Hier tiefer, unheilbarer
366 1028 1150 1067 finden vermag. Das zeigte sich schon im
1168 1026 1941 1085 Seelenschmerz, dort übersprudelnder Froh¬
358 1072 1145 1114 ersten Stück, der gemüthstiefen Novelle „Das
1174 1076 1935 1121 muth, da behagliche Lebensfreude, da die
373 1096 1153 1155 Orakel“ von Wildenbruch, die der Recitator
1175 1105 1939 1161 Zuckungen wilder Leidenschaft, alles wusste
365 1146 1151 1190 in derjenigen Einfachheit und Innigkeit hin¬
1162 1145 1939 1193 der geniale Recitator in einer Weise wieder¬
372 1187 1149 1223 erzählte, aus der sie Wildenbruch heraus¬
1170 1186 1934 1234 zugeben, die stets des gewollten Effectes
360 1215 1152 1276 gedichtet hat. Dann kar Lyrik. Von
1173 1230 1932 1274 sicher war. Es war ein durchaus un¬
360 1261 1146 1312 G. Keller bot uns Herr Salzer das frohe
1170 1274 1940 1321 gekünstelter Vortrag von Anfang bis zu
371 1306 1149 1353 „Denker und Dichter“ und das edie „Jung
1164 1306 1937 1356 Ende, aber von einer dramatischen Lebendig¬
356 1341 1151 1392 gewohnt, alt gethan“ in schöner Vollendung.
1165 1339 1934 1387 keit, die schwer zu überbieten sein dürfte.
367 1379 1159 1427 C. F. Meyer war mit dem „Hochzeitslied“
1197 1370 1935 1431 Alle Register lässt er spielen, vom blasirt¬
356 1410 1152 1463 und der Ballade „Mit zwei Worten“ ver¬
1167 1418 1935 1468 frivolen Ton der Wiener Mondaine bis zum
363 1451 1154 1512 treten. Der dritte Lyriker dieser ersten Ab¬
1168 1460 1930 1504 übermüthigen Jauchzen des Naturburschen
366 1495 1151 1553 theilung war Detlev von Liliencron: „Das
1174 1499 1939 1547 vom Schlage eines Detlev von Lilieneron und
367 1528 1154 1588 Gewitter“, „Bruder Lüderlich“ und „Die
1169 1540 1927 1582 die nervöse Beweglichkeit dieser Litteratur
364 1571 1148 1622 Musik“ gaben da Herrn Salzer Gelegenheit
1169 1578 1924 1630 spiegelt sich auf's interessanteste im Mienen¬
362 1616 1154 1658 zur Entfaltung seines besten Könnens; noch
1166 1616 1936 1658 spiel des Vortragenden. Ein besonderer
1166 1649 1934 1702 Liebling des Recitators scheint Liliencron zu
360 1653 1148 1704 nie haben wir lachende Schalkhaftigkeit,
371 1687 1153 1733 tollenden Uebermuth und unbändige Lebens¬
1172 1690 1932 1737 sein; die sinnliche Frische und den musi¬
1159 1732 1935 1781 kalischen Wohllaut dieses Poeten hat er denn
367 1723 1151 1783 lust besser, echter, hinreissender wieder¬
1166 1767 1809 1814 auch prächtig zur Geltung gebracht.
360 1776 1151 1814 gegeben gehört. Prachtvoll war auch, wie
365 1806 1151 1849 Herr Salzer, z. B. im dritten Gedicht, die
1225 1807 1933 1859 Bern: Intelligenzblatt (7. u. 10. 12. 99).
370 1845 1151 1892 Tonmalerei zur Geltung brachte. Dann kam
1164 1846 1932 1895 Der Recitator Marcell Salzer hat in seinem
365 1886 1143 1934 Hermann Bahr an die Reihe. Bahr hat
1173 1889 1937 1936 gut besuchten Debüt sich Bern ganz erobert.
1170 1929 1928 1975 Mit jeder Nummer des fein ausgewählten
361 1933 1152 1977 nichts Tiefes zu sagen, aber um so Vergnüg¬
1164 1968 1937 2011 Programmes wuchs in den Zuhörern die
362 1964 1146 2009 licheres. In seiner Humoreske „Die schöne
361 2005 1143 2050 Frau“ ist ein Stück leichtlebigen Wiener¬
1167 2005 1932 2053 Ueberzeugung, einen Meister seiner Kunst
362 2045 1143 2090 thums festgehalten, und Marcell Salzer, der
1166 2047 1938 2094 vor sich zu haben. Herr Salzer legt in Ton
361 2079 1149 2131 sein Wien im Innersten kennt, hat dieses
1166 2090 1931 2132 und Sprache so viel, dass die Zuhörer nicht
1160 2123 1925 2177 nur gefesselt, sondern hingerissen werden
352 2165 1139 2229 in heller Freude und neckischer Schönheit
1167 2161 1930 2218 und ganz unter dem Eindrucke der vor¬
350 2199 646 2257 angelacht hat.
1157 2198 1920 2244 getragenen Werke stehen. — Bei seinem
436 2231 1139 2292 Der zweite Theil des Programms war
1168 2245 1930 2291 zweiten Auftreten konnte Herr Salzer mit
356 2281 1147 2317 Goethe gewidmet. „Der Gott und die Baja¬
1166 2279 1925 2326 Genugthuung constatiren, dass er sich die
1164 2316 1927 2371 Herzen der Berner im Sturm erobert hat,
358 2313 1136 2372 jadere“ für uns persönlich die ergreifendste
1166 2360 1927 2407 denn kaum vermochte der Grossrathssaal das
365 2361 1149 2407 Ballade des grossen Dichters, eröffnete die
1167 2402 1932 2448 zahlreich herbeigeströmte Auditorium zu
356 2403 1140 2451 Serie. Wir dürfen sagen: es geschah mit
1166 2444 1927 2488 fassen. Auch die auswärtige Lehrerschaft
367 2435 1137 2489 grosser Kunst; dann kam die liebenswürdig
1169 2480 1932 2528 hatte sich die seltene Gelegenheit, einen
372 2478 1145 2533 humoristische „Wirkung in die Ferne“: „Die
361 2517 1139 2559 Königin steht im hohen Saal“, dann „Der
1169 2508 1947 2568 Künstler ersten Ranges in der Recitation zu
353 2547 1144 2610 getreue Eckart“ diese so herzig einfache und
1167 2555 1927 2610 hören, nicht entgehen lassen. Die Auffassung
370 2601 1142 2643 doch von den Schauern der Gespensternacht
1167 2598 1919 2640 und Wiedergabe des neuen Programms war
1159 2636 1933 2687 auch diesmal wieder meisterhaft, namentlich
355 2675 1139 2720 Sachen hat Marcell Salzer den ihnen eigenen
1163 2676 1931 2735 aber übten die humoristischen Vorträge eine
362 2715 1141 2769 Ton gefunden und hat sie uns dargeboten in
1158 2717 1935 2762 wahrhaft elektrisirende Wirkung auf die
358 2746 1142 2791 all ihrer Frische. Nochmals kam dann Wien
1156 2759 1925 2804 athemlos lauschende Menge aus, die durch
1160 2786 1918 2830 brausenden Beifall den Genuss des Ge¬
364 2789 1148 2838 dran mit Chr. G. Morgenstern’s Lebens- und
1161 2827 1929 2872 botenen belohnte. Möge der beliebte Re¬
357 2824 1144 2882 Sittenbild „Das Pferd“, einer naturalistischen,
366 2870 1138 2909 in ihrem Schluss aber doch innerlich be¬
1164 2867 1931 2919 citator den Weg nach Bern recht bald
1153 2903 1431 2960 wieder finden.
369 2904 1146 2958 wegenden Studie, der der Künstler in allen
1228 2943 1922 2995 Biel: Tagesanzeiger für die Stadt Biel
362 2948 1152 2991 ihren Theilen völlig gerecht wurde. Ton und
356 2985 1138 3035 Stimmung wirkten. Den Schluss machte
1163 2985 1931 3038 und das Seeland (21. 1. 99). —— Der Saal
1166 3025 1931 3071 war drückend voll. Das Programm war aber
352 3022 1138 3077 Rosegger. Da zeigte nun Herr Salzer, wie
360 3055 1137 3114 gut er auch den Dialect beherrscht. Die
1159 3065 1919 3117 auch verheissend und Neugierde erweckend;
1155 3104 1921 3151 es wies Namen der besten modernen Dichter
352 3098 1144 3151 ganze Ursprünglichkeit des Steirischen kam
356 3153 1137 3192 heraus, als er die höchst gelungenen Anec¬
1156 3148 1927 3194 auf, deren Werke für ein grösseres Publikum
1165 3181 1848 3221 noch den Reiz der Neuheit besitzen. —
354 3187 1132 3232 doten „Ein wissenschaftliches Gespräch“ und
354 3224 1021 3274 „Der Regenschirm“ zum besten gab.
1150 3215 1927 3270 Besonders die Lyrik Detlev von Liliencron’s
451 3256 1144 3301 Wir sind also mit den besten Eindrücken
1154 3269 1928 3311 gab Herrn Salzer Gelegenheit, seine glänzende
1162 3302 1923 3344 Vortragskunst nach allen Richtungen leuchten
354 3300 1142 3347 aus dem Saale zu Schmieden weggegangen,
1157 3341 1934 3386 zu dassen. Am meisten angesprochen hat
353 3340 1139 3386 und wir glauben Herrn Salzer versichern zu
1159 3381 1922 3423 uns „Das Gewitter“ mit dem köstlichen Re¬
360 3373 1144 3422 können, dass er mit seinem Debut sich das
355 3419 1145 3466 Baseler Publikum gewonnen hat. Er soll
1156 3421 1929 3467 frain „Wo die rothen Kühe grasen“, den
358 3455 1144 3505 nur wiederkommen; er wird dann sehen, wie
1154 3456 1928 3501 Herr Salzer so fein interpretirte, dass ihm
1162 3498 1915 3537 der Dichter dafür danken müsste. Hermann
349 3497 1133 3547 gern die Freunde, die er sich am Dienstag
358 3538 1141 3583 Abend in unserer Stadt gewonnen hat, ihn
1162 3537 1927 3587 Bahr’s Humoreske „Die schöne Frau“ schloss
365 3575 879 3624 willkommen heissen werden.
1149 3586 1914 3627 den Abend in gelungener Weise und hinter¬
436 3608 1141 3661 Basler Nachrichten (22. 3. 1900). Das
1163 3614 1929 3662 liess jene heitere Stimmung, jenes prickelnde
360 3652 1143 3705 Debut des Herrn Marcell Salzer in Basel
1157 3655 1916 3709 Gefühl, wie es der Schaumwein spendet, der
361 3689 1139 3740 hatte sich eines guten Besuches und unge¬
1158 3695 1935 3734 nach vollendetem Mahle in angenehmer Ge¬
1161 3734 1924 3780 sellschaft genossen wird. Herr Salzer leistet
355 3731 1136 3784 wöhnlich lebhaften Beifalls zu erfreuen. Der
1164 3771 1923 3813 auf seinem Gebiete wirklich Gutes. Ver¬
355 3774 1145 3819 Künstler hat sich bei uns zweifelsohne auf
1162 3808 1922 3847 ständnissvolles Eingehen auf die Intentionen
356 3810 1139 3859 das beste eingeführt. Sein sorgfältig ge¬
1156 3854 1923 3893 des Dichters und ein klangvolles Organ, dem
364 3854 1133 3894 bildetes, modulationsfähiges Organ, sein leb¬
1158 3889 1920 3931 alle Töne zu Gebote stehen, zeichnen ihn
356 3887 1145 3939 haftes Temperament und eine, wie aus allem
1157 3928 1924 3977 aus. Der kaufmännische Verein hat uns mit
351 3932 1145 3978 ersichtlich war, treffsichere Auffassung setzten
1161 3960 1927 4022 dem Salzer’schen Recitationsabend einen
361 3966 1133 4005 ihn in Stand, seine Recitationen in jeder Be¬
1151 4008 1589 4065 grossen Genuss geboten.
351 4012 1134 4065 ziehung durchzubilden und zu schönster
369 4045 745 4096 Wirkung zu bringen.
442 4068 1039 4131 Bern: „Der Bund“ (9. 10. 99).
1258 4073 1803 4150 „Bahnwärter Thiel.“
352 4115 1155 4164 Marcell Salzer’s Wirkung liegt in der wunder¬
1144 4133 1907 4186 Novelle von Gerhart Hauptmann.
832 4160 913 4195 1Zalh
1954 678 2768 735 Leben erhält, wenn sie gehört und nicht blos
1962 725 2755 783 gelesen wird, wie jede Erzählung ihren Zweck
1956 762 2455 804 nur dann wirklich erreicht.
2020 799 2761 851 Und wie verstand Herr Marcell Salzer in
1962 838 2746 879 diesem seinem einstündigen Vortrage die
1957 877 2753 934 Sprache zu handhaben! Wir wellen nicht
1955 918 2761 971 reden von der Sicherheit, mit de##er seine
1957 956 2749 1009 Stimme plötzlich zu moduliren reiss, um
1951 995 2744 1037 jetzt die Stimme eines Mannes, jetzt diejenige
1950 1036 2739 1090 einer Frau, jetzt die eines Kindes wiederzu¬
1952 1076 2746 1115 geben, einmal im gleichmässigen Tone des
1950 1114 2744 1152 Erzählers zu sprechen, dann im Effect der
1956 1150 2750 1209 Leidenschaft, hernach wieder stille Zärtlich¬
1956 1192 2757 1230 keit, hierauf jubelnde Freude, bald tiefes
1961 1227 2746 1288 Weh, bald wilden Hass zur Darstellung zu
1949 1262 2750 1324 bringen. Was vichnehr den Meister in der
1954 1310 2749 1350 souveränen Beherrschung des Wortes charak¬
1958 1348 2757 1403 terisirt, ist die Kunst, mit der er jedem
1951 1386 2746 1453 Buchstaben so zu sagen Bedeutung, Leben,
1958 1424 2747 1478 anschauliches, urkräftiges Leben, einzuhauchen
1962 1463 2750 1518 weiss. War es z. B. nicht, als er zu jener
1948 1497 2749 1547 Stelle der Hauptmann'schen Erzählung kam,
1953 1540 2740 1583 die das Vorüberfahren eines Zuges an der
1954 1577 2744 1623 Barrière schildert, an welcher der Bahnwärter
1953 1621 2746 1664 stcht, als stehe man dabei? Und dann die
1947 1656 2742 1720 Schilderung des Unglücks und seiner grauen¬
1945 1695 2736 1742 haften Folgen: wie ward man mitgerissen
1956 1735 2745 1793 vom Erzähler in Entsetzen, banger Erwartung
1938 1772 2739 1841 des Verhängnisses, vor dem es kein Ent¬
1956 1814 2412 1876 rinnen giebt, und qualve
2521 1809 2745 1875 Julden des¬
1958 1849 2088 1900 selben!
2016 1881 2416 1937 Hatte dieser erste #
2531 1883 2746 1944 Theil des
1947 1932 2442 1981 gestrigen Vortragsabends
2504 1934 2739 1989 d und er¬
1947 1972 2736 2024 schütternd auf die Zuhörer gewirkt, so ver¬
1958 2009 2742 2061 stand es Herr Marcell Salzer im zweiten
1950 2048 2744 2108 humoristischen Theil gleich meisterhaft, den
1947 2090 2740 2148 Saal in die fröhlichste Stimmung zu ver¬
1954 2134 2738 2168 setzen mit seiner köstlichen, bis in die
1953 2168 2752 2218 kleinsten, unscheinbarsten Details dem Leben
1951 2209 2737 2258 abgelauschten Vortragsweise, die uns das
1948 2243 2741 2292 feiste Pfäfflein, die gebrechlichen Alten, die
1950 2286 2755 2355 lebenslustige Jugend etc. etc. leibhaftig vor
1945 2321 2209 2381 Augen führte.
2007 2355 2736 2420 Kurzum, der kaufmännische Verein Biel
1941 2406 2741 2466 verdient unsern lebhaftesten Dank für den
1943 2443 2740 2506 seltenen genussreichen Abend, den er uns
1938 2484 2306 2533 gestern dargeboten.
2017 2509 2743 2572 Express (Stadtanzeiger für Biel, das
1951 2548 2599 2604 Seeland und den Jura, 21. 1. 99).
1943 2599 2736 2645 Unseren besten Dank für den Vortrag, den
1950 2635 2734 2678 uns der rührige Vorstand des Kaufmännischen
1953 2675 2739 2723 Vereins hat geniessen lassen. Einen wahren,
1941 2714 2731 2768 gediegenen Künstler hatten wir in Marcell
1941 2758 2740 2808 Salzer Gelegenheit zu hören, einen Künstler,
1941 2795 2742 2838 wie wir ihn nur selten wieder hören werden.
2019 2834 2745 2886 Chur: Der freie Rhätier (5. 10. 99). Der
1941 2865 2735 2926 Recitationsabend des Herrn Marcell Salzer
1942 2911 2738 2966 hat die Erwartungen der zahlreichen Zu¬
1940 2944 2747 3000 hörerschaft vollauf befriedigt, wenn nicht
1947 2988 2737 3037 übertroffen. Das reichhaltige Programm bot
1948 3027 2723 3072 die angenehmste Abwechslung. Die Glanz¬
1951 3068 2726 3110 nummer des Abends bildete für uns die
1948 3108 2722 3157 Audienzscene im III. Act des „Don Carlos“.
1942 3145 2731 3191 Sie war von wahrhaftiger Theaterwirkung,
1928 3180 2731 3237 die Zuhörer wurden mit hingerissen. Geradezu
1939 3226 2733 3274 überraschend wirkte die echt künstlerische
1946 3265 2731 3317 Aussprache, die den Dialog wunderbe deut¬
1939 3300 2287 3356 lich erkennen liess.
2010 3326 2741 3388 Chur: Neue Bündoner Zeitung (ö. 10.99).
1937 3380 2733 3424 Herr Salzer hat uns wieder einen sehr ge¬
1938 3415 2735 3460 nussreichen Abend geboten; namentlich Aus¬
1940 3461 2745 3503 gezeichnetes leistet er auf dem Gebiete des“
1942 3492 2732 3556 Schwankes. In Bahr’s „Die schöne Frau,
1947 3537 2733 3575 in den Humoresken von Rosegger und Lilien¬
1944 3576 2739 3633 cron brillirte der Recitator durch seine
1938 3613 2729 3664 geradezu fabelhafte Zungenfertigkeit und
1946 3647 2456 3705 angeborene Schauspielgabe.
2005 3689 2735 3737 Davoser Blätter (4. 11. 99). Der Vor¬
1937 3734 2717 3786 stand des Deutschen Clubs in Davos, der
1940 3772 2732 3818 den treitlichen Gedanken gehabt hat, für
1946 3812 2738 3858 seinen ersten Familienabend in der heurigen
1936 3843 2730 3892 Saison einen in allen litterarischen Kreisen
1943 3887 2729 3922 so angesehenen Recitator wie Marcell Salzer
1939 3921 2733 3968 zu Gaste zu laden, hat damit allen Gästen
1946 3960 2735 4004 und Freunden des Clubs eine Freude be¬
1926 3999 2743 4048 Freitet, für die sie ihm innigen Dank wissen
1934 4046 2726 4090 werden. Herr Salzer hat Bedeutendes ge¬
1928 4087 2733 4139 leistet; Jedermann hatte das Gefühl, einem
1939 4118 2735 4154 wahren und echten Meister der Recitations¬
2146 4152 2194 4204 10
2214 4162 2575 4210 Recn
