3296 4352
411 129 1163 182 guter Ruf vorangegangen war, ihn betrat.
1199 128 1989 174 dichte Detlev v. Lilieneron's in weteren
2008 115 2780 180 gelezen wirdl, weie ie ie 1.r Shrntingt inr en  e
1221 161 1734 210 Kreisen bekannt zu machen.
511 157 1205 208 Wir dürfen nun mit Vergnügen hier
1993 167 2494 211 Unur dann wirklich erreicht.
1278 176 2009 258 Berner Tagblatt (7 u. 12. 10.00). Einen
2073 202 2802 269 Und wie verstand Herr Marcell Salzer in
411 234 1197 280 Genuss bereitet hat. Was uns über ihn be¬
1217 236 1993 286 herrlichen Abend hat der noch junge Wiener
2000 217 2794 295 diesem seinem einstündigen Vortrage die
1212 277 1992 324 Recitator Marcell Salzer, der sich bereits
415 276 1205 324 richtet worden war, hat sich hier in Basel
2008 280 2808 336 Sprache zu handhaben! Wir wollen nicht
417 308 1205 356 bewahrheitet: Marcell Salzer ist wirklich ein
1223 316 1993 361 eines hohen Rufes im gesammten deutschen
2005 319 2811 376 reden von der Sicherheit, mit der er seine
422 354 1204 406 Vortragskünstler, der sich mit Feinfühligkeit
1213 352 1984 402 Sprachgebict erfreut, seinen Zuhörern im
2001 359 2797 405 Stimme plötzlich zu moduliren weiss, um
420 398 1206 445 in das Wesen von Dichtwerken hineinzu¬
1210 397 1981 440 Palmensaal bereitet. Hier tiefer, unheilbarer
1996 404 2807 454 jetzt die Stimme eines Mannes, jetzt diejenige
1219 435 1993 480 Seelenschmerz, dort übersprudelnder Froh¬
422 434 1206 480 finden vermag. Das zeigte sich schon im
2006 440 2808 480 einer Frau, jetzt die eines Kindes wiederzu¬
417 474 1207 517 ersten Stück, der gemüthstiefen Novelle „Das
1217 476 1993 521 muth, da behagliche Lebensfreude, da die
2013 480 2799 520 geben, einmal im gleichmässigen Tone des
413 507 1195 554 Orakel“ von Wildenbruch, die der Recitator
1213 506 1987 564 Zuckungen wilder Leidenschaft, alles wusste
2004 518 2802 571 Erzählers zu sprechen, dann im Effect der
411 555 1199 602 in derjenigen Einfachheit und Innigkeit hin¬
1216 554 1992 605 der geniale Recitator in einer Weise wieder¬
2004 552 2794 614 Leidenschaft, hernach wieder stille Zärtlich¬
419 593 1203 626 erzählte, aus der sie Wildenbruch heraus¬
1222 593 1997 644 zugeben, die stets des gewollten Effectes
2008 594 2811 650 keit, hierauf jubelnde Freude, bald tiefes
1219 634 1988 680 sicher war. Es war ein durchaus un¬
413 629 1207 686 gedichtet hat. Dann kam Lyrik. Von
1999 626 2810 690 Weh, bald wilden Hass zur Darstellung zu
415 661 1203 713 G. Keller bot uns Herr Salzer das frohe
1226 675 1994 719 gekünstelter Vortrag von Anfang bis zu
2000 661 2794 716 bringen. Was vielmehr den Meister in der
1216 703 1988 750 Ende, aber von einer dramatischen Lebendig¬
413 707 1201 756 „Denker und Dichter“ und das edle „Jung
2005 714 2799 771 souveränen Beherrschung des Wortes charak¬
419 744 1207 797 gewohnt, alt gethan“ in schöner Vollendung.
1214 749 1989 797 keit, die schwer zu überbieten sein dürfte.
2007 753 2799 807 terisirt, ist die Kunst, mit der er jedem
414 785 1204 834 C. F. Meyer war mit dem „Hochzeitslied“
1246 787 1981 834 Alle Register lässt er spielen, vom blasirt¬
2003 788 2815 860 Buchstaben so zu sagen Bedeutung, Leben,
418 818 1198 871 und der Ballade „Mit zwei Worten“ ver¬
1225 816 1987 868 frivolen Ton der Wiener Mondaine bis zum
2006 836 2802 886 anschauliches, urkräftiges Leben, einzuhauchen
1220 864 1998 907 übermüthigen Jauchzen des Naturburschen
418 864 1210 901 treten. Der dritte Lyriker dieser ersten Ab¬
2000 871 2796 932 weiss. War es z. B. nicht, als er zu jener
1224 891 1988 944 vom Schlage eines Detlev von Lilieneron und
416 902 1206 949 theilung war Detlev von Lilieneron: „Das
2003 900 2797 964 Stelle der Hauptmann'schen Erzählung kam,
1213 937 1988 994 die nervöse Beweglichkeit dieser Litteratur
415 929 1211 983 Gewitter“, „Bruder Lüderlich“ und „Die
1999 948 2800 982 die das Vorüberfahren eines Zuges an der
1224 983 1996 1020 spiegelt sich auf's interessanteste im Mienen¬
418 977 1216 1022 Musik“ gaben da Herrn Salzer Gelegenheit
2000 982 2800 1031 Barrière schildert, an welcher der Bahnwärter
409 1005 1201 1069 zur Entfaltung seines besten Könnens; noch
1215 1018 1981 1062 spiel des Vortragenden. Ein besonderer
2007 1025 2804 1075 sicht, als stehe man dabei? Und dann die
1214 1057 1988 1101 Liebling des Recitators scheint Liliencron zu
414 1056 1202 1111 nie haben wir lachende Schalkhaftigkeit,
2000 1060 2802 1105 Schilderung des Unglücks und seiner grauen¬
420 1092 1206 1142 tollenden Uebermuth und unbändige Lebens¬
1211 1096 1987 1141 sein; die sinnliche Frische und den musi¬
2002 1097 2794 1159 haften Folgen: wie ward man mitgerissen
1221 1137 1994 1190 kalischen Wohllaut dieses Poeten hat er denn
403 1135 1193 1179 lust besser, echter, hinreissender wieder¬
2009 1139 2805 1191 vom Erzähler in Entsetzen, banger Erwartung
1217 1176 1862 1215 auch prächtig zur Geltung gebracht.
415 1176 1197 1219 gegeben gehört. Prachtvoll war auch, wie
1989 1178 2795 1234 des Verhängnisses, vor dem es kein Ent¬
1279 1201 1987 1260 Bern: Intelligenzblatt (7. u. 10. 12. 99).
416 1215 1208 1265 Herr Salzer, z. B. im dritten Gedicht, die
2003 1216 2799 1283 rinnen giebt, und qualvollen Erdulden des¬
2008 1249 2151 1309 selben!
422 1251 1202 1296 Tonmalerei zur Geltung brachte. Dann kam
1224 1247 1986 1298 Der Recitator Marcell Salzer hat in seinem
1211 1296 2001 1342 gut besuchten Debüt sich Bern ganz erobert.
408 1293 1200 1347 Hermann Bahr an die Reihe. Bahr hat
2068 1270 2801 1335 Hatte dieser erste und ernste Theil des
1208 1329 1990 1378 Mit jeder Nummer des fein ausgewählten
421 1334 1199 1377 nichts Tiefes zu sagen, aber um so Vergnüg¬
2009 1323 2796 1388 gestrigen Vortragsabends ergreifend und er¬
1216 1368 1996 1409 Programmes wuchs in den Zuhörern die
410 1370 1200 1417 licheres. In seiner Humoreske „Die schöne
1998 1375 2800 1431 schütternd auf die Zuhörer gewirkt, so ver¬
1213 1408 1991 1455 Ueberzeugung, einen Meister seiner Kunst
407 1410 1203 1460 Frau“ ist ein Stück leichtlebigen Wiener¬
2001 1414 2805 1465 stand es Herr Marcell Salzer im zweiten
1220 1450 1986 1497 vor sich zu haben. Herr Salzer legt in Ton
421 1446 1197 1499 thums iestgehalten, und Marcell Salzer, der
1998 1454 2806 1507 humoristischen Theil gleich meisterhaft, den
1222 1492 1995 1542 und Sprache so viel, dass die Zuhörer nicht
412 1489 1204 1534 sein Wien im Innersten kennt, hat dieses
1997 1493 2802 1550 Saal in die fröhlichste Stimmung zu ver¬
418 1526 1198 1572 Bahr'sche Stück wiedergegeben, dass es uns
1215 1532 1989 1581 nur gefesselt, sondern hingerissen werden
1995 1527 2797 1571 setzen mit seiner köstlichen, bis in die
1222 1568 1979 1617 und ganz unter dem Eindrucke der vor¬
415 1568 1206 1630 in heller Freude und neckischer Schönheit
1997 1559 2809 1610 kleinsten, unscheinbarsten Details dem Leben
1208 1611 1990 1657 getragenen Werke stehen. — Bei seinem
407 1604 705 1667 angelacht hat.
1999 1609 2809 1648 abgelauschten Vortragsweise, die uns das
486 1622 1198 1699 Der zweite Theil des Programms war
1219 1647 1991 1688 zweiten Auftreten konnte Herr Salzer mit
2001 1646 2812 1708 feiste Pfäfflein, die gebrechlichen Alten, die
1206 1679 1979 1728 Genugthuung constatiren, dass er sich die
416 1676 1201 1729 Goethe gewidmet. „Der Gott und die Baja¬
1999 1686 2796 1743 lebenslustige Jugend etc. etc. leibhaftig vor
1994 1724 2258 1780 Augen führte.
1210 1722 1980 1774 Herzen der Berner im Sturm erobert hat,
410 1715 1202 1775 jadere“, für uns persönlich die ergreifendste
1211 1761 1997 1818 denn kaum vermochte der Grossrathssaal das
418 1764 1208 1809 Ballade des grossen Dichters, eröffnete die
2066 1755 2802 1826 Kurzum, der kaufmännische Verein Biel
1221 1807 1989 1848 zahlreich herbeigeströmte Auditorium zu
420 1804 1206 1856 Serie. Wir dürfen sagen: es geschah mit
2006 1807 2804 1851 verdient unsern lebhaftesten Dank für den
1211 1839 1987 1895 fassen. Auch die auswärtige Lehrerschaft
422 1840 1204 1895 grosser Kunst; dann kam die liebenswürdig
2005 1849 2794 1903 seltenen genussreichen Abend, den er uns
1992 1885 2365 1938 gestern dargeboten.
1213 1874 1981 1929 hatte sich die seltene Gelegenheit, einen
420 1878 1202 1929 humoristische „Wirkung in die Ferne“: „Die
1214 1910 2013 1971 Künstler ersten Ranges in der Recitation zu
415 1919 1199 1972 Königin steht im hohen Saal“, dann „Der
2071 1902 2803 1978 Express (Stadtanzeiger für Biel, das
1215 1963 1987 2011 hören, nicht entgehen lassen. Die Auffassung
404 1965 1204 2022 getreue Eckart“, diese so herzig einfache und
1999 1948 2685 2002 Seeland und den Jura, 21. 1. 00) —
1219 2003 1986 2046 und Wiedergabe des neuen Programms war
421 2004 1203 2047 doch von den Schauern der Gespensternacht
1999 2001 2801 2054 Unseren besten Dank für den Vortrag, den
1216 2047 1993 2090 auch diesmal wieder meisterhaft, namentlich
412 2035 1208 2086 umflossene Ballade. Auch in diesen beiden
2003 2041 2801 2082 uns der rührige Vorstand des Kaufmännischen
1222 2078 1995 2121 aber übten die humoristischen Vorträge eine
411 2083 1205 2126 Sachen hat Marcell Salzer den ihnen eigenen
2006 2077 2802 2139 Vereins hat geniessen lassen. Einen wahren,
1220 2115 1988 2164 wahrhaft elektrisirende Wirkung auf die
408 2120 1202 2165 Ton gefunden und hat sie uns dargeboten in
1996 2118 2801 2167 gediegenen Künstler hatten wir in Marcell
1216 2150 1986 2209 alhemlos lauschende Menge aus, die durch
415 2156 1205 2209 all ihrer Frische. Nochmals kam dann Wien
2005 2151 2803 2198 Salzer Gelegenheit zu hören, einen Künstler,
1209 2191 1992 2234 brausenden Beifall den Genuss des Ge¬
415 2198 1194 2241 dran mit Chr. G. Morgenstern’s Lebens- und
2003 2197 2793 2236 wie wir ihn nur selten wieder hören werden.
1211 2227 1987 2291 botenen belohnte. Möge der beliebte Re¬
411 2229 1205 2292 Sittenbild „Das Pferd“, einer naturalistischen,
2071 2232 2804 2293 Chur: Der freie Rhätier (ö. 10. 99). Der
1211 2266 1987 2334 citator den Weg nach Bern recht bald
2002 2260 2798 2314 Recitationsabend des Herrn Marcell Salzer
416 2272 1196 2313 in ihrem Schluss aber doch innerlich be¬
1212 2309 1476 2370 wieder finden.
1995 2314 2795 2360 hat die Erwartungen der zahlzeichen Zu¬
416 2305 1218 2363 wegenden Studie, der der Künstler in allen!
1283 2338 1993 2402 Biel: Tagesanzeiger für die Stadt Biel
2009 2350 2805 2397 hörerschaft vollauf befriedigt, wenn nicht
408 2346 1215 2402 ihren Theilen völlig gerecht wurde. Ton und
1809 2386 1986 2439 Der Saal
1220 2385 1720 2443 und das Seeland (21. 1. 99).
2003 2380 2811 2445 übertroffen. Das reichhaltige Programm bot
411 2396 1205 2442 Stimmung wirkten. Den Schluss machte
1220 2432 1993 2479 war drückend voll. Das Programm war aber
1998 2429 2790 2471 die angenehmste Abwechslung. Die Glanz¬
417 2429 1195 2477 Rosegger. Da zeigte nun Herr Salzer, wie
1224 2469 1987 2517 auch verheissend und Neugierde erweckend;
2003 2465 2801 2516 nummer des Abends bildete für uns die
406 2462 1198 2525 gut er auch den Dialect beherrscht. Die
1209 2517 1982 2553 es wies Namen der besten medernen Dichter
2009 2506 2795 2549 Audienzscene im III. Act des „Don Carlos“.
407 2513 1207 2562 ganze Ursprünglichkeit des Steirischen kam
1216 2546 1990 2595 auf, deren Werke für ein grösseres Publikum
2000 2551 2802 2596 Sie war von wahrhaftiger Theaterwirkung,
401 2553 1195 2605 heraus, als er die höchst gelungenen Anec¬
1219 2579 1929 2632 noch den Reiz der Neuheit besitzen. —
1997 2588 2797 2634 die Zuhörer wurden mit hingerissen. Geradezu
418 2586 1204 2635 doten „Ein wissenschaftliches Gespräch“ und
1999 2623 2795 2682 überraschend wirkte die echt künstlerische
1201 2626 1987 2675 Besonders die Lyrik Detlev von Liliencron's
420 2629 1080 2683 „Der Regenschirm“ zum besten gab.
2007 2666 2798 2726 Aussprache, die den Dialog wunderbar deut¬
498 2670 1194 2719 Wir sind also mit den besten Eindrücken
1209 2664 1987 2710 gab Herrn Salzer Gelegenheit, seine glänzende
2003 2702 2364 2759 lich erkennen liess.
1219 2705 1983 2746 Vortragskunst nach allen Richtungen leuchten
414 2685 1193 2761 aus dem Saale zu Schmieden weggegangen,
2068 2733 2787 2794 Chur: Neue Bündener Zeitung (5. 10.99).
1214 2743 1994 2794 zu dassen. Am meisten angesprochen hat
418 2739 1204 2791 und wir glauben Herrn Salzer versichern zu
1224 2787 1979 2838 uns „Das Gewitter“ mit dem köstlichen Re¬
2008 2767 2796 2836 Herr Salzer hat uns wieder einen sehr ge¬
415 2783 1197 2834 können, dass er mit seinem Debut sich das
1220 2825 1989 2874 frain Wo die rothen Kühe grasen“, den
2005 2821 2799 2867 nussreichen Abend geboten; namentlich Aus¬
414 2814 1204 2871 Baseler Publikum gewonnen hat. Er soll
1222 2844 2000 2905 Herr Salzer so fein interpretirte, dass ihm
405 2872 1209 2913 nur wiederkommen; er wird dann sehen, wie
2005 2857 2801 2913 gezeichnetes leistet er auf dem Gebiete des
1213 2906 1981 2951 der Dichter dafür danken müsste. Hermann
2006 2904 2802 2953 Schwankes. In Bahr’s „Die schöne Frau“,
405 2903 1201 2953 gern die Freunde, die er sich am Dienstag
1213 2937 1984 2991 Bahr’s Humoreske „Die schöne Frau“ schloss
1999 2945 2799 2993 in den Humoresken von Rosegger und Lilien¬
414 2951 1206 3004 Abend in unserer Stadt gewonnen hat, ihn
1998 2978 2796 3034 cron brillirte der Recitator durch seine
1195 2965 1988 3033 den Abend in gelungener Weise und hinter¬
406 2985 945 3042 willkommen heissen werden.
1995 3015 2797 3066 geradezu fabelhafte Zungenfertigkeit und
494 3016 1992 3065 Basler Nachrichten (22. 3. 1900). Das liess jene heitere Stimmung, jenes prickelnde
1997 3051 2508 3108 angeborene Schauspie. jabe.
1216 3058 1985 3109 Gefühl, wie es der Schaumwein spendet, der
414 3050 1212 3109 Debut des Herrn Marcell Salzer in Basel
2061 3099 2796 3148 Davoser Blätter (4. 11. 99). Der Vor¬
1211 3097 1991 3143 nach vollendetem Mahle in angenehmer Ge¬
417 3105 1201 3148 hatte sich eines guten Besuches und unge¬
2012 3136 2798 3182 stand des Deutschen Clubs in Davos, der
1219 3132 1990 3183 sellschaft genossen wird. Herr Salzer leistet
423 3139 1198 3180 wöhnlich lebhaften Beifalls zu erfreuen. Der
2001 3173 2801 3220 den treitlichen Gedanken gehabt hat, für
1211 3177 1984 3222 auf seinem Gebiete würhlien Gutes. Ver¬
413 3178 1203 3228 Künstler hat sich bei uns zweifelsohne auf
1220 3215 1991 3258 ständnissvolles Eingehen auf die Intentionen
2001 3206 2797 3257 seinen ersten Familienabend in der heurigen
409 3216 1195 3263 das beste eingeführt. Sein sorgfältig ge¬
1212 3252 1983 3293 des Dichters und ein klangvolles Organ, dem
2004 3247 2801 3295 Saison einen in allen litterarischen Kreisen
410 3251 1204 3304 bildetes, modulationsfähiges Organ, sein leb¬
2003 3293 2797 3332 so angesehenen Recitator wie Marcell Salzer
1221 3291 1989 3342 alle Töne zu Gebote stehen, zeichnen ihn
418 3289 1202 3352 haftes Temperament und eine, wie aus allem
2002 3330 2798 3381 zu Gaste zu laden, hat damit allen Gästen
1220 3333 1990 3377 aus. Der kaufmännische Verein hat uns mit
409 3337 1199 3379 ersichtlich war, treffsichere Auffassung setzten
1997 3368 2801 3417 und Freunden des Clubs eine Freude be¬
1209 3372 1993 3421 dem Salzer’schen Recitationsabend einen
414 3369 1196 3415 ihn in Stand, seine Recitationen in jeder Be¬
1994 3407 2794 3454 reitet, für die sie ihm innigen Dank wissen
1211 3413 1654 3471 grossen Genuss geboten.
413 3410 1199 3457 ziehung durchzubilden und zu schönster
420 3448 818 3505 Wirkung zu bringen.
1994 3479 2807 3526 leistet; Jedermann hatte das Gefühl, einem
491 3477 1123 3541 Bern: „Der Bund“ (9. 10. 99). —
1314 3474 1897 3563 „Bahnwärter Thiel.“
1993 3515 2797 3575 wahren und echten Meister der Recitations¬
408 3527 1208 3576 Marcell Salzer’s Wirkung liegt in der wunder¬
1240 3550 1973 3612 Novelle von Gerhart Hauptmann.
1991 3565 2791 3612 kunst gegenüberzustehen, und wohl keiner
420 3569 1218 3621 baren Ausführung der Einzelheiten, in der
2000 3604 2798 3645 der zahlreich erschienenen Gäste ging un¬
1284 3590 1990 3652 Biel: Tagblatt der Stadt Biel (27.10. 99).
418 3613 1214 3660 Feinheit der Charakterisirung, sowie in
2000 3642 2805 3678 befriedigt nach Hause. Herr Marcell Salzer
1211 3640 1990 3685 Einen Meister in der Kunst, zu sprechen,
411 3647 1197 3694 energischem Erfassen und Festhalten einer
1212 3683 1978 3732 hatten wir gestern Abend, Dank dem kauf¬
1998 3676 2798 3731 verfügt über ein kraft- und klangvolles Organ,
420 3685 1199 3740 Stimmung. Eine grossartige Wirkung erzielte
1220 3722 1990 3765 männischen Verein Biel, in der Tonhalle Ge¬
2000 3717 2804 3756 das ihm eine grosse Fülle feinster Nüancen
412 3722 1208 3764 Salzer sofort mit der ergreifenden Novelle
1213 3760 1985 3805 legenheit zu hören in der Person des Herrn
2007 3755 2797 3806 erlaubt und die Gestalten der von ihm vor¬
422 3763 1206 3808 Wildenbruch’s „Das Orakel“. So tief und
1990 3795 2804 3841 getragenen Dichtungen in Lebensgrösse und
1213 3796 1682 3848 Marcell Salzer aus Wien.
416 3807 1204 3851 gemüthvoll er nun die ernsten Sachen brachte,
2003 3830 2795 3885 packender Naturtreue dem Hörer vor die
1281 3822 1984 3885 Gleich die Novelle „Bahnwärter Thiel“
414 3840 1212 3886 so frisch und sprudelnd wirkte sein Humor
2000 3876 2794 3924 Seele zu zaubern weiss. Das Programm,
1218 3880 1989 3927 von Gerhart Hauptmann, mit deren Vortrag
421 3883 1209 3934 in den Rosegger’schen Humoresken; in der
1997 3907 2810 3957 mannigfaltig der Richtung und vielverheissend
1220 3923 1994 3961 er den Abend eröffnete, musste Jedem klar
420 3919 1206 3968 einen, der Geschichte vom Regenschirme,
2000 3951 2795 4002 dem Inhalte nach, wurde in seinen sämmt¬
1221 3960 1989 4009 machen, welch ein Unterschied es ist, ob
415 3951 1203 4006 brachte er ein kleines Meisterstück der Vor¬
1215 3988 2798 4051 man eine Erzählung blos lese oder auch lichen Nummern mit gleich vollendeter
418 3996 1210 4049 tragskunst. Die Auswahl der dargebotenen
1215 4039 2480 4094 höre, wie jede Erzählung eigentlich erst dann Meisterschaft durchgeführt.
420 4045 1222 4089 Dichtungen war vorzüglich — namentlich
3163 161 3291 220 1800).
3158 206 3268 255 und
3221 241 3260 291 108
