3344 4352
135 135 221 181 enei
131 167 236 215 reien
118 206 230 258 Dr.
122 247 232 296 auf
118 285 233 340 ann's
116 322 234 373 Auf¬
107 362 228 417 SIIIE
141 403 235 446 die
121 437 239 488 80er
103 480 242 536 eges.
111 521 238 572 mpfes
114 558 225 607 so.
121 593 234 644 eauf
107 628 238 694 biete
134 673 239 721 der
138 703 238 757 die
115 728 228 802 und,
104 785 227 835 sthe¬
110 827 229 878 tung
109 866 235 922 Feren
120 909 236 953 und
107 929 233 990 ech¬
113 979 230 1031 ände
104 1022 219 1071 lung.
119 1061 235 1112 sich
105 1102 231 1149 Sätze
107 1138 230 1203 dich¬
125 1181 230 1224 der
105 1221 216 1285 gen.
121 1249 226 1307 dem
106 1298 219 1347 Oesie
105 1328 214 1376 nbo¬
111 1372 217 1430 Péca¬
120 1413 217 1458 mo.
126 1453 225 1497 der
118 1490 228 1537 Holz
111 1527 226 1588 dner
122 1570 215 1619 den
107 1595 226 1654 wei
115 1645 214 1695 sich
119 1686 227 1733 rnen
125 1728 225 1779 vor¬
124 1766 218 1813 nist.
129 1807 235 1846 und
119 1840 221 1891 der
128 1959 226 2005 eren
136 1998 218 2044 ien,
119 2036 229 2087 That
121 2078 218 2122 ient¬
120 2117 220 2169 ieht,
129 2153 226 2200 den
151 2193 214 2239 die
120 2228 224 2279 dent
113 2272 215 2321 trirte
104 2308 218 2356 heo¬
129 2347 217 2393 irch
120 2385 217 2434 yrik.
122 2430 213 2471 ons¬
103 2465 213 2510 rch’s
121 2503 213 2554 inen
128 2543 218 2590 err
112 2582 208 2633 ichte
121 2624 217 2670 von
108 2659 221 2712 alke,
103 2699 212 2749 Pron.
127 2775 226 2826 des
115 2816 212 2865 be¬
102 2855 211 2905 igen
122 2895 218 2949 hen
94 3170 219 3214 Keite
92 3198 213 3257 Krreis
93 3240 211 3293 das
101 3278 219 3340 zehn
96 3316 217 3370 loem
89 3360 214 3416 ende
101 3399 206 3451 esten
120 3437 204 3484 Er¬
88 3447 211 3527 Alten
114 3520 218 3574 und
107 3552 215 3606 hen.
114 3598 206 3642 No¬
106 3637 213 3685 erne
95 3674 211 3722 inne
104 3716 201 3759 sie
103 3752 213 3803 Man
100 3791 202 3839 dem
99 3827 203 3880 ehen
101 3872 200 3920 Neue
107 3911 202 3957 der
98 3945 203 3999 gen.
90 3990 214 4033 nzes
97 4016 212 4075 alte
88 4063 214 4119 Ehen,
532 141 1318 180 ist ohne Nachtoige geblieben. Nur seinem
1332 127 2098 179 mgent undl Seitsheete dente   e
521 169 1310 224 Feinde und glücklicheren Nebenbuhler Richard
1334 165 2104 227 von Wildenbruch: „Das Orakei, Theodor
528 214 1308 262 Wagner ist es auf musikalischem Gebiete ge¬
1326 214 2098 265 Fontane: zwei Balladen; Hermann Bahr:
524 249 1307 291 lungen, dem Volke die alten Heldengestalten
1330 255 2102 302 „Die schöne Frau“, eine Wiener Hlumoreske;
527 288 1317 339 wieder lieb und werth zu machen. Was
1326 294 2109 337 Detlev von Lilieneron: „Der Narr“; Peter
524 328 1311 371 wir sonst an epischer Dichtkunst haben, die
1328 324 2086 374 Altenberg: „Ein schweres Herz“, und Her¬
530 368 1309 414 Werke von Scheffel, Julius Wolff u. A., sind
1325 372 2093 418 mann Sudermann: „Des Hausfreunds Syl¬
521 408 1312 447 keine Epen im technischen Sinne, sondern
1329 409 2089 452 vesterbeichte. Den zum Theil frei aus dem
519 448 1308 497 historische Romane in Versen. Die specifisch
1323 447 2089 491 Gedächtniss und meisterhaft vorgetragenen
525 487 1306 531 moderne Kunst hat einen eigentlichen gross¬
1317 483 2079 531 Recitationen folgten die Zuhörer mit ge¬
516 527 1314 570 artigen epischen Versuch nicht mehr hervor¬
1327 530 2091 572 spanntester Aufmerksamkeit. Beiden Vor¬
527 563 1307 613 gebracht. Nur ein Ansatz muss genannt
1329 565 2095 614 tragenden dankte das Publikum durch leb¬
1327 599 1583 657 haften Beifall.
531 601 1312 644 werden: Heinrich Hart, der Westfale, der mit
518 634 1317 694 seinem Bruder Julius zusammen 1882 einer
1346 655 2075 718 III. Das moderne Drama.
524 673 1315 719 der Ersten war, die den Kampfruf der neuen
517 718 1316 757 Richtung erlönen liessen, hat sich an dem
1388 717 2096 758 Barmer Zeitung (12.11.90). Der dritte
523 758 1310 806 Wiederautbau nach dem Bildersturm be¬
1321 761 2093 804 und letzte der von Herrn Dr. W. Bloem und
522 792 1308 847 theiligt, er hat ein grosses Epos projectirt:
1325 796 2091 841 Herrn Marcell Salzer veranstalteten Vortrags¬
529 837 1304 882 „Das Lied der Menschheit“, das auf 24 Bände
1328 839 2094 882 abende behandelte die moderne Dramatik.
523 874 1308 923 berechnet war und von dem auch einige
1318 869 2102 919 Ein zahlreiches Herren- und Damenpublikum
524 916 1318 962 Bände erschienen sind. Er hatte vor, die
1327 914 2091 962 hatte sich eingefunden und lauschte zunächst
514 960 1307 1000 ganze Entwickelung der Menschheit in Bildern
1332 953 2090 994 mit gespanntester Aufmerksamkeit den Aus¬
521 991 1312 1037 auszuführen. Das Gedicht ist nicht fertig
1325 991 2097 1032 führungen des Herrn Dr. Bloem, der in
522 1016 1303 1070 und wird wohl auch nicht fertig werden.
1316 1030 2102 1072 grossen Zügen, die aber in geistvoller Weise
525 1069 1316 1119 Ein anderer Zweig epischer Versdichtung, die
1328 1067 2104 1112 fesselnder Einzelheiten nicht entbehrten, die
521 1101 1304 1150 Ballade, wird von unseren Modernen nicht
1328 1107 2090 1152 Entwicklung des modernen Dramas und vor
523 1143 1318 1186 gepflegt. Erwähnt muss noch werden, dass
1327 1144 2093 1187 Allem das Aufkommen des realistisch-natura¬
529 1185 1317 1232 Theodor Fontane der einzige von den Alten
1319 1187 2096 1232 listischen Tendenzdramas schilderte. E. v. Wil¬
527 1218 1318 1267 gewesen ist, der mit vollem Herzen und
1326 1221 2097 1270 denbruch gehört noch der älteren, an Schiller
513 1261 1314 1317 jugendfrischer Kraft in das Lager der Mo¬
1332 1268 2090 1311 und Kleist anknüpfenden Richtung an; der
1326 1299 2104 1348 Mann, der revolutionirend wirkte, war der
520 1300 1307 1339 dernen übergesiedelt ist und alle die An¬
527 1334 1317 1387 regungen, die die neue Dichtung dem Schaffen
1318 1336 2106 1388 neue Magus des Nordens, Henrik lbsen, auf
528 1378 1313 1436 seiner Greisenjahre gegeben, zu von durch¬
1328 1378 2099 1429 dessen negativ-kritische Weltbetrachtung
1329 1418 2093 1464 Redner an der Hand einzelner Dramen näher
524 1414 1315 1464 aus modernem Geist getragenen Schöpfungen
530 1456 1308 1507 verwerthet hat. Im Uebrigen wurde die
1326 1456 2098 1503 einging. Von lbsen stammten jene Forde¬
521 1493 1306 1541 epische Versdichtung vollständig zurück¬
1327 1497 2101 1542 rungen, die bald darauf auch im deutschen
1328 1535 2108 1576 Drama ihren Widerhall fanden: das Recht
521 1530 1316 1587 gedrängt durch die epische Prosadichtung:
1331 1576 2095 1620 der individuellen Sittlichkeit und die Forde¬
524 1574 1307 1628 durch Roman, Novelle und Skizze. Der
520 1607 1317 1650 Roman giebt in grossartig angelegter Schil¬
1328 1615 2094 1666 rung des Auslebens der eigenen Persönlich¬
1324 1648 2098 1700 keit. Was bei dem nordischen Meister noch
524 1654 1315 1700 derung zugleich ein Weltbild, ein nach allen
1324 1692 2098 1740 kritisch gebunden war und sich in seinen
527 1693 1316 1739 Richtungen hin vielseitiges Bild eines ganzen
1331 1731 2101 1781 letzten Werken bis zur Anerkennung des
523 1731 1318 1780 Gesellschaftszustandes eine bestimmten Zeit
1332 1761 2096 1819 einen Ideals der Entsagung auswachsen
518 1769 1307 1819 und löst auf dem Hintergrunde dieser Zu¬
518 1806 1313 1865 standsschilderung zugleich eine Gewissens¬
1327 1811 2095 1853 konnte, zerflatterte in deutschen Köpfen zu
1334 1847 2099 1894 leeren Phantastereien und verschmolz sich
530 1848 1323 1900 frage der Menschheit, die Frage: Wie hat
529 1892 1316 1937 der sittliche Mensch in dem und dem Con¬
1325 1888 2103 1932 gleichzeitig mit geradezu widersprechenden
1332 1930 2098 1975 Ideengängen. So wirbelte der sittliche Indi¬
527 1922 1316 1970 flict der Pflichten sich zu verhalten? Das ist
1331 1965 2104 2017 vidualismus bald mit dem materialistischen
532 1964 1315 2016 das Ideal des Romans. Dem gegenüber stellt
533 2006 1313 2064 sich die Novelle als Schilderung einer ein¬
1335 2001 2101 2050 Socialismus in tollem Tanz durcheinander,
1334 2043 2111 2090 und den Niederschlag dieser Widersprüche
522 2047 1319 2094 zigen interessanten Begebenheit, eines ein¬
531 2079 1318 2134 zeinen interessanten menschlichen Schicksals.
1330 2086 2104 2130 finden wir bei Niemand stärker als bei
1327 2122 2099 2165 Gerhatt Hauptmann, dem Führer des deutschen
527 2117 1316 2166 Tritt das Handlungselement in einer solchen
1334 2161 2106 2204 Naturelismus im Drama. Der Charakteristik
528 2157 1318 2204 Schilderung zurück gegenüber der Schilderung
1327 2202 2111 2252 dieser in unserer Litteratur zweifellos einzig
533 2199 1316 2241 eines einzelnen Seelenzustandes oder zurück
520 2236 1319 2283 gegenüber der Schilderung eines einzigen Ge¬
1323 2239 2099 2279 dastehenden Persönlichkeit schickte der
528 2277 1317 2326 seilschaftszustandes, dann haben wir nicht
1333 2277 2107 2326 Redner eine feinsinnige Darstellung der
533 2318 1312 2362 mehr die Novelle, sondern die Skizze. Diese
1329 2311 2100 2365 Theorie des naturalistischen Dramas voraus,
528 2355 1315 2405 Skizze wird besonders gepflegt von den Im¬
1336 2355 2102 2403 wobei er Stoffwahl und Technik nach allen
1337 2394 2099 2439 ihren Seiten behandelte. Darauf hier näher
529 2382 1314 2440 pressionisten, von den Augenblicksmalern
534 2435 1319 2487 unter den Dichtern, denen es darum zu thun
1335 2434 2105 2478 einzugehen, müssen wir uns leider versagen.
519 2474 1314 2524 ist, die Dinge so zu schildern, wie sie sie
1325 2471 2101 2517 Mit feinsinniger Kritik beleuchtete Dr. Bloem
1324 2515 2100 2568 die inneren Widersprüche der naturalistischen
533 2505 1319 2565 sehen. Die höchste Blüthe epischer Prosa¬
528 2546 1324 2602 dichtung, der Roman, eignet sich zu einem
1336 2552 2103 2601 Theorie und die Consequenzen derselben,
1337 2591 2097 2636 wobei die Schatten Shakespeare's und Schiller’s
529 2590 1314 2638 recitatorischen Vortrage wegen der be¬
537 2630 1311 2670 schränkten Zeit nicht. Da nur abgeschlossene
1334 2631 2107 2673 als Zeugen in wirkungsvoller Recitation
522 2672 1325 2710 Dichtungen vorgeführt werden sollten, so
1339 2669 2101 2718 heraufbeschworen wurden, um schliesslich
524 2708 1309 2756 müssten sich die Recitationen im Wesent¬
1335 2718 2101 2761 zu dem Ergebniss zu kommen: der Natura¬
1328 2748 2104 2792 lismus ist unfähig, uns das grosse, heroische
528 2741 1313 2799 lichen auf das Gebiet der Novelle be¬
1329 2786 2097 2833 Drama zu schaffen Er scheitert dabei, wie
524 2788 1325 2836 schränken. Redner giebt im Folgenden eine
1326 2831 2101 2880 das Beispiel Gerhart Hauptmann's beweist,
532 2826 1323 2878 Uebersicht über die Entwickelung des mno¬
1325 2863 2101 2915 an seiner Theorie und vor Allem an seiner
532 2865 1317 2913 dernen Romans, wobei er zurückgreift auf
533 2899 1324 2952 das Werk über den „Roman des 19. Jahr¬
1324 2906 2100 2956 Weitanschauung, die der echten Tragik ent¬
1335 2945 2103 3001 behrt und daher keine echt tragische Persön¬
527 2943 1314 2987 hunderts“ von Hellmuth Mielke. Redner
1331 2983 2099 3031 lichkeit schaffen kann. Lebhafter Beifall
535 2987 1316 3036 ging von der Sonderstellung aus, die Berlin
1325 3020 2097 3066 wurde dem Redner für seinen überaus ge¬
528 3015 1319 3070 als Reichshauptstadt in dem deutschen Cultur¬
1329 3059 2104 3113 dankenreichen Vortrag zutheil. Darauf nahm
528 3061 1316 3105 leben einzunehmen gewusst hat und die in
527 3095 1316 3144 der neueren litterarischen Entwickelung sich
1338 3100 2096 3141 Herr Marcell Salzer das Wort zunächst zur
1334 3138 2100 3187 Recitation des Vorspiels von Sudermann's
534 3140 1317 3187 immer mehr in dem Grade geitend macht,
1326 3181 2100 3226 „Johannes“. Mit seiner klangvollen, schönen
530 3171 1311 3227 dass ein litterarischer Erfolg in der Provinz
1331 3215 2106 3257 Barytonstimme hob der Recitator die eir zelnen
522 3207 1315 3258 von einem litterarischen Erfolg in Berlin ab¬
1337 3253 2103 3294 Figuren in wirkungsvollster Weise von
521 3250 1318 3305 hängig ist. Auf dem heissen, vulcanisch
1329 3286 2109 3344 einander ab, wobei ihm die Charaliteristik
524 3286 1318 3339 unterminirten Boden Berlins sind die zwei
1328 3330 2094 3379 des religiös Schwärmerischen im „Jonannes“
523 3330 1320 3380 wesentlichen Schattirungen des modernen
1329 3369 2095 3412 neben den von Seufzern und Jamimer er¬
528 3360 1321 3411 Prosa-Romans erwachsen: desfeuilletonistisch¬
1332 3405 2098 3455 füllten Elenden Israels besonders gut gelang.
532 3409 1317 3464 realistischen Romans und des eigentlich con¬
1329 3448 2099 3490 Eine kleine reizende Plauderei, in gleichem
527 3449 1318 3509 sequenten naturalistischen Tendenz- und
1336 3486 2100 3532 Ton vorgetragen, war der Dialog „Weih¬
525 3485 1309 3535 Kampfromans. So grosse Ziele, wie der
1327 3526 2096 3574 nachtseinkäufe“ aus Schnitzler’s „Anatol“,
527 3523 1306 3571 grosse Meister auf dem naturalistischen Ge¬
1327 3565 2093 3608 dessen feine Stimmungsmomente Herr Salzer
536 3569 1312 3614 biete in Frankreich, Zola, haben sich unsere
1333 3603 2101 3649 mit den discretesten und doch zugleich
529 3604 1320 3650 deutschen Naturalisten nicht gestellt. Redner
1332 3645 2102 3693 prägnantesten Mitteln zu treffen wusste. Nach
532 3645 1317 3688 charakterisirt in Folgendem die bedeutendsten
1330 3686 2098 3730 diesem Aquarell des Wiener Leichtsinns aber
528 3683 1309 3735 Romanschriftsteller, den einstigen Fabrik¬
1332 3725 2094 3769 kam ein düsteres Gemälde in den kräftigsten
519 3720 1317 3776 arbeiter Max Kretzer, Hermann Sudermann,
1324 3765 2102 3805 und brennendsten Farben: der zweite Act
526 3757 1321 3807 den erfolgreichsten Romanschriftsteller der
1331 3803 2091 3851 aus Hauptmann’s „Webern“. Er dürfte in
521 3805 1314 3849 Gegenwart, ferner Ernst von Wildenbruch,
1332 3841 2098 3886 der wuchtigen Vortragsweise des Recitators
518 3840 1315 3881 Peter Altenberg, Hermann Bahr und die dich¬
1326 3877 2098 3918 den Zuhörern stark auf die Nerven gefallen
517 3878 1314 3928 tenden Frauen Helene Böhlau und Gabriele
1338 3921 2094 3972 sein, denn es wurde ihnen nichts geschenkt
518 3908 1316 3960 Reuter. Herr Recitator Marcell Salzer
1333 3958 2104 4002 von den grellen Verzweiflungstönen, die durch
523 3954 1322 3997 illustrirte im zweiten Theil des Vortrags¬
1331 3994 2093 4049 diese kleine dramatische Hölle schallen.
523 3995 1309 4044 abends die von Herrn Dr. Bloem entwickelten
528 4037 1317 4080 Gedanken durch den lebendigen, kunstvollen
1330 4021 2099 4079 Diese Recitation war ein Meisterstück ersten
529 4073 2099 4130 Vortrag, einer Reihe geschlossener Dich- Ranges. Herrn Marcell Salzer wurde
2117 179 2889 230 hervorragende Leistung gedankt.
2116 216 2909 272 Wir hoffen, ihn bald im Wupperthal
2105 249 2463 305 wiederzuschen!
2165 282 2889 347 Berlin, Das Magazin für Litteratur
2103 338 2890 377 (5. 2. 08). (Dr. Rudolf Steiner und Otio
2108 367 2433 423 Erich Hartleben.)
2432 375 2903 427 Freie litterarische
2113 416 2894 459 Gesellschaft in Berlin. Freitag, den
2103 451 2894 499 28. Januar, hatte die freie littrarische Ge¬
2099 488 2898 538 sellschaft Gelegenheit, einen ausgezeichneten
2107 527 2898 572 Recitator kennen zu lernen. Marcell Salzer
2108 566 2899 616 las Dichtungen und Prosaschöpfungen der
2103 599 2892 655 Wiener Autoren. Er hat eine — Hermann
2101 633 2881 695 Bahr würde in seinem Wienerisch sagen —
2106 677 2888 731 gemüthliche Art, sich in die artistisch feinen
2114 727 2895 769 und amüsanten Dinge Schnitzler’s, Morgen¬
2105 760 2898 807 stern's und Bahr’s einzuleben und sie so
2108 794 2901 853 wiederzugeben, dass dem Wiener, der ihn
2104 824 2889 872 hört, ganz heimisch zu Muthe wird. Aber
2110 876 2895 923 mir scheint, Salzer’s Talent geht noch
2107 907 2902 954 weiter. Er ist als Recitator ein wirklicher
2109 948 2898 997 Künstler. Das ist gar nicht so leicht. Denn
2108 987 2901 1035 dem Recitator wird es schwer, Künstler zu
2105 1029 2906 1068 sein. Der Kreis seiner Mittel ist nur ein
2117 1067 2911 1110 geringer. Wort und Wortnuancirung kommen
2108 1108 2893 1155 im Grunde allein in Betracht. Will der Re¬
2104 1142 2899 1197 citator mit anderen Mitteln wirken, so wird
2115 1175 2900 1221 er aufdringlich. Seine Kunst gehört zu den
2111 1215 2902 1269 intimsten, die es giebt. Ich fand bei Vor¬
2105 1257 2902 1300 lesungen aus den Werken der genannten
2114 1301 2899 1344 Autoren, dass Marcell Salzer sich in den
2117 1332 2908 1384 Grenzen seiner Kunst hält und innerhalb
2122 1363 2909 1422 dieser Grenzen Vorzügliches leistet. Die aus
2111 1415 2908 1469 dem Wienerthum herausgeborenen Skizzen
2110 1443 2901 1500 Schnitzler’s, Bahr’s und Morgenstern’s sind
2124 1487 2913 1536 bis auf die reizvolle Andeutung des Dialects
2115 1531 2903 1572 hinein echt wiedergegeben worden. Cabinet¬
2114 1568 2896 1632 stücke Salzer’s Kunst waren die Proben von
2113 1608 2797 1657 Schnitzler, Bahr und Morgenstern — —
2180 1638 2901 1691 Berliner Fremdenblatt (30. 1. 98). Die
2108 1683 2910 1740 freie Litterarische Vereinigung veranstaltete
2119 1725 2900 1767 Freitag Abend in den Victoriasälen einen
2113 1754 2908 1820 Marcell Salzer-Abend. — Speciell die No¬
2111 1801 2906 1855 velle: „Das Pferd“ von Chr. G. Mergenstern
2116 1843 2905 1899 und die Humoreske: „Die schöne Frau“ von
2120 1875 2903 1931 Hermann Bahr fanden allgemeinen Beifall.
2115 1918 2901 1964 Der Herr Vortragende musste wiederholt das
2124 1962 2900 2009 Podium betreten, um sich für den lang an¬
2114 1998 2686 2047 dauernden Beifall zu bedanken.
2192 2018 2910 2084 Berliner Fremdenblalt (9. 4. 97). Die
2111 2075 2894 2131 jungen Wiener Poeten können sich beglück¬
2127 2105 2897 2177 wünschen zu dem genialen Interpreten ihrer
2125 2146 2684 2202 Musenkinder (H. W. Breslau).
2192 2185 2906 2248 Berliner Börsen - Courier (11. 4. 97).
2123 2228 2915 2294 Die Jungwiener Dichtungen wurden von
2122 2271 2907 2318 Herrn Marcell Salzer so meisterhaft, mit so
2112 2307 2897 2362 ausserordentlicher Gestaltungskraft inter¬
2118 2342 2904 2392 pretirt, dass der Abend mit einem grossen
2111 2381 2448 2438 Erfolge abschloss.
2190 2405 2907 2475 Bonner Zeitung (7. 3. 99). Marcell
2117 2449 2908 2511 Salzer’s weiches, modulationsfähiges Organ,
2121 2502 2901 2544 das die verschiedensten Stimmungen auf den
2115 2537 2907 2589 Hörer überträgt, sein schlichter Vortrag, dem
2117 2570 2903 2622 alles Theatralische und Gesuchte fremd ist,
2112 2610 2905 2655 seine hervorragende Begabung für den fein
2116 2648 2910 2700 pointirten Dialog, sein echter Humor und¬
2120 2700 2907 2742 nicht zum wenigsten seine Liebe zum Kunst¬
2110 2728 2907 2767 werk und die Begeisterung für die selbst¬
2119 2765 2902 2821 gewählte Aufgabe, die Kenntniss der Modernen
2116 2816 2905 2859 weiteren Kreisen zu vermitteln, errangen den
2116 2844 2915 2904 Dichtern und Dichtungen, die er vortrug, wie
2118 2883 2899 2942 seiner reifen Vortragskunst lebhaften Beifall.
2108 2927 2905 2979 Kam den Wienern das landsmannschaftliche,
2112 2963 2913 3011 österreichische Element des Vortragenden und
2109 3006 2913 3051 die reizvelle, discrete Art, mit der er den
2112 3037 2909 3097 Dialect zur Färbung und Charakterisirung
2118 3070 2911 3127 verwerthete, zu statten, so wurde er nicht
2116 3120 2893 3159 minder dem schlichten Ton der Kinder¬
2112 3154 2908 3199 geschichten Wildenbruchs, der poetischen
2118 3196 2905 3246 Sprache in den Gedichten von Arno Holz
2111 3228 2906 3274 und der charakteristischen Eigenart Lilien¬
2113 3274 2907 3324 cron's gerecht. Am virtuosesten brachte er
2111 3304 2904 3362 Liliencron's „Bruder Lüderlich“ und „Be¬
2108 3348 2901 3391 trunken“, am bedeutendsten zweifellos die
2115 3386 2900 3430 Dialogprobe aus „Anatol“ von Schnitzler,
2113 3428 2906 3489 „Weihnachtseinkäufe“ als ein Cabinetstück
2105 3459 2580 3524 der Vortragskunst heraus.
2176 3485 2903 3553 Kölnische Zeitung (16. 3. 99). — Der
2110 3546 2898 3598 Wiener Recitator Marcell Salzer hat sich
2116 3575 2905 3636 kürzlich auch bei dem Bonner gebildeten,
2106 3623 2899 3671 für schöngeistige Dinge besonders interessirten
2117 3661 2896 3711 Publikum in der dortigen Dramatischen Ge¬
2118 3703 2893 3742 sellschaft auf's Beste eingeführt und seinen
2119 3738 2894 3788 guten Ruf glänzend bewährt. Er trug moderne,
2108 3781 2893 3828 reichsdeutsche und österreichische Dichtungen
2116 3810 2905 3866 von Bahr, Morgenstern, Liliencron, Rosegger
2111 3866 2902 3911 u. s. w. vor und wusste durch seine klare.
2115 3891 2895 3944 klangvolle und schmiegsame Stimme, durch
2119 3931 2896 3977 sein verständnissvolles Anpassen derselben an
2106 3978 2897 4019 die verschiedenen Gestalten seiner Dich¬
2107 4007 2903 4068 tungen in ungekünstelter Weise seine Zu¬
2117 4050 2898 4113 hörer stundenlang auf's Angenehmste zu
2111 4081 2342 4149 unterhalten.
