3344 4320
2118 88 2353 145 eeen
520 88 2090 151 Veraeern, munt diem, Krehneite eter Teehmite, Vereite rgringi
2111 132 2919 186 Vortrag gebrachter Piecen — jede Stimmung
1321 132 2114 182 spätete Goethe - Gedenkfeier geplant. Dieser
520 140 1310 198 Wissenschaft und Kunst schon mancherlei
2111 174 2916 228 und jedes Empfinden brachte der Künstler
1322 173 2109 223 Plan ist hinterher, wenn auch nicht ganz auf¬
511 180 1307 226 Gutes geboten. Die Recitationsvorträge vom
2108 207 2913 261 in einfacher naturwahrer Weise, und stets
1315 216 2114 265 gegeben, so doch erheblich geändert worden,
514 215 1316 266 letzten Sonnabend haben jedoch selbst hoch¬
2124 240 2914 303 getragen von tiefdurchdachter und vornehmer
1311 252 2118 300 und das war aus verschiedenen Gründen gut.
509 257 1311 309 gehende Erwartungen weit überholt. Die
2112 272 2914 338 Auffassung zum Ausdruck. Der Beifall, der
1323 290 2107 341 An den alten Plan erinnerten noch die drei
511 293 1319 348 Salzwedeler Bürgerschaft hat in den beiden
2112 323 2920 370 dem talentvollen Recitator nach jedem ein¬
1315 326 2117 373 ersten Vorträge: „Goethes Zueignung“, „Wir¬
511 328 1316 380 letzten Jahrzehnten wohl zehn bis zwölf
2121 359 2929 409 zelnen Stück, wie besonders am Schluss des
1324 367 2111 420 kung in die Ferne“ und „Der getreue Eekart“.
517 373 1322 418 Recitatoren zu hören Gelegenheit gehabt, da¬
2115 399 2923 449 Vortrags entgegenschallte, war ein reichlich
1323 406 2113 454 „Die Zueignung“ war an dem ganzen Abend
517 410 1307 454 runter Namen von bestem Klange, wie
2121 444 2922 488 verdienter. Herr Marcell Salzer wird hier,
1312 445 2117 494 die einzige Darbietung, die trotz einzelner
516 442 1312 504 einen Palleske, Türschmann, Strakosch,
2123 483 2931 552 wie überall, wo er einmal aufgetreten ist,
1319 490 2120 537 guter Momente meinen Beifall nicht zu finden
509 483 1304 532 Schmidt-Häsler. Aber der junge Wiener
2117 521 2874 586 stets ein gern wiedergesehener Gast sein.
1322 524 2118 568 vermochte: der Vortrag schien mir nicht
505 527 1310 572 Recitator Marcell Salzer, der für den ge¬
1324 561 2120 612 schlicht genug und hatte einen kleinen Stich
516 549 1315 615 nannten Abend von dem Vereinsvorstand ge¬
1319 599 2124 653 ins Sentimentale. Ich habe es Herrn Salzer
517 602 1306 647 wonnen war, hat den Zuhörern künstlerische
2136 599 2909 680 Melodram-Vortrag „Enoch
509 641 1310 690 Leistungen zu bieten verstanden, die in ihrer
1314 634 2128 690 nicht verschwiegen, und er gab mir Recht:
1314 680 2122 727 er selber sei mit dieser Leistung nicht zu¬
522 675 1320 729 Gesammtheit von keinem einzigen der hier
2375 658 2631 742 Arden.“
517 710 1313 764 Gehörten übertroffen worden sind, vielmehr
1315 717 2129 762 frieden; er habe zu dieser Dichtung noch
2189 717 2919 781 Stassfurter Zeitung (12. 1. 1900). Der
518 758 1319 806 den allerbesten Darbietungen sich gleichwerthig
1327 752 2126 815 nicht das rechte Verhältniss gewonnen. Die
2120 768 2927 830 grosse Kremmling'sche Saal gefüllt bis auf
1322 793 2118 841 beiden folgenden Balladen wurden aber meister¬
521 793 1317 838 erwiesen, ja die meisten weit hinter sich
2125 815 2927 866 den letzten Platz, das ist für Veranstaltungen
1317 828 2122 885 haft vorgetragen und sind mir seit jenem
523 835 1322 882 zurückgelassen haben. Der grössere Theil
2127 856 2926 906 zur Darbietung wirklicher Kunstgenüsse ein
1316 873 2118 923 Abend erheblich lieber geworden, als sie es
519 878 1321 919 der Recitatoren pflegt von der Bühne zu
2126 888 2918 937 Ereigniss, wie man es hier nur selten zu er¬
1323 906 2122 963 bis dahin waren. Den übrigen Theil des Pro¬
524 907 1316 960 kommen und vermag diesen Ursprung auch
2122 933 2927 980 leben Gelegenheit hat. Und diese Versamm¬
1319 940 2133 996 gramms bildeten Prosa- und Versdichtungen
522 946 1318 999 beim Vortrag epischer und lyrischer Dicht¬
2120 970 2934 1017 lung, sehr pünktlich zur Stelle, — rühmend
1328 986 2118 1031 von Wildenbruch, Bahr, Lilieneron und
511 981 1322 1037 ungen oder bei der blossen Recitation dra¬
2117 1007 2931 1070 sei es anerkannt, lauschte in lautloser Stille
1327 1017 2126 1069 Rosegger. Dem Zuhörerkreise wird wohl das
509 1028 1314 1072 matischer Partien nicht zu verleugnen. Sie
2127 1047 2925 1106 dem Künstlerpaar, das, gleichsam in einander
1327 1057 2123 1111 Meiste hiervon, gar manchem sogar Alles bis
509 1060 1320 1110 geberden sich auf dem Podium, als ob sie
2130 1073 2932 1138 verwachsen, die reichen Saiten seines
1326 1087 2125 1146 dahin unbekannt gewesen sein, und man wird
526 1105 1325 1150 die weltbedeutenden Bretter unter ihren Füssen
2126 1125 2933 1170 Könnens in fortschreitender Gestaltung ent¬
1331 1145 2118 1192 dem Spender für diese litterarische Be¬
517 1134 1322 1189 hätten; sie sprechen nicht, sie spielen, trotz
2126 1168 2928 1216 faltete: das war kein Vortrag mehr, unter¬
1333 1170 2117 1226 reicherung innerlich Dank gewusst haben;
516 1176 1324 1230 modernstem Gesellschaftsfrack, und möchten
2123 1209 2928 1259 stützt durch Clavierspiel, das war Leben,
1325 1219 2124 1263 für den künstlerischen Genuss, den seine
524 1218 1323 1278 dem Zuhörer einbilden, dass ein Männer¬
2130 1239 2931 1295 köstlich wahres Leben, in jedem Wort, jeder
1336 1261 2120 1306 hervorragende, ausserordentlich plastische
517 1258 1316 1309 organ durch Fisteln zu einer Frauenstimme
2127 1267 2935 1327 Miene, jeder Geste, jedem Ton, das die an¬
1324 1297 2120 1342 Vortragsweise den Lauschenden bereitet hat,
521 1296 1326 1349 und damit zugleich das bärtige Männergesicht
2121 1319 2946 1364 dächtig lauschende Gemeinde gefangen hielt.
1326 1336 2116 1382 haben sie ihrem Dankgefühle auch äusserlich
528 1328 1327 1378 zu einem Jungfrauenantlitz, zu einem Grethchen,
2126 1363 2936 1413 wie in magischem Zauber, Leben aus dem
1335 1376 2116 1417 immer von Neuem Ausdruck verliehen.
517 1368 1322 1425 einer Ophelia, würde. Für Herrn Marcell
2121 1399 2928 1450 Leben, das in der Wiederspiegelung der
1328 1415 2121 1466 Kicherndes Behagen begleitete die humo¬
527 1416 1325 1472 Salzer musste von vornherein die Thatsache
2131 1432 2927 1481 seelischen Affecte das Herz erbeben liess in
1336 1453 2114 1501 ristischen Vorträge, und lebhafter Beifall folgte
523 1450 1331 1497 einnehmen, dass sein umfangreiches Programm
2126 1471 2928 1531 allen Fasern und in der Scenengebung tiefsten
1335 1492 2125 1537 mit Ausnahme des ersten Gedichtes jeder ein¬
527 1489 1329 1542 auch Stücke des Alten Testamentes umfasste,
2130 1519 2929 1567 Seelenleidens auch Starken unwillkürlich die
1342 1533 2120 1581 zelnen Nummer. Ich habe nur höchst selten
524 1538 1328 1586 und dass er mit ihrem Vortrage nach Ausweis
2115 1552 2935 1610 Thränen in die Augen drängte. Solch einen
1339 1569 2124 1615 einer Versammlung beigewohnt, wo sämmt¬
530 1567 1323 1617 vieler Kritiken eine höchst andachtsvolle
2127 1591 2929 1648 Zauber muss man mit erleben, um ihn ver¬
1338 1610 2122 1658 liche Anwesende, ob Alt oder Jung, ob Mann
513 1600 1327 1656 Stimmung zu erzielen vermag. Das beweist,
2128 1631 2935 1685 stehen zu können, beschreiben lässt sich die
1332 1651 2122 1696 oder Weib, dem Sprecher von Anfang bis zu
514 1653 1322 1702 dass dieser Recitator aller schauspielerischen
2121 1667 2938 1722 Situation doch nur schlecht; ermöglicht wird
1342 1686 2120 1731 Ende die ungeschwächte Aufmerksamkeit wie
540 1691 1324 1737 Verstiegenheit abhold sein muss. Und das
1330 1727 2120 1776 hier zugewandt hätten. Man muss dringend
527 1724 1329 1780 hat er auch am hiesigen Vortragsabend durch¬
2125 1708 2932 1803 in ihremn Fachse den ale einer geben, Und
1342 1765 2129 1819 wünschen, dass sich Gelegenheit finde, Herrn
526 1763 1337 1821 aus bewährt — praktisch und theoretisch.
2126 1774 2940 1838 als solcher verfügt Herr Marcell Salzer in
1333 1804 2128 1851 Salzer noch öfter in unserer Stadt zu hören.
520 1798 1325 1857 Ja, auch theoretisch. Ich hatte in der Pause
2127 1827 2935 1881 erster Linie über ein ausreichendes Organ,
1401 1841 2126 1900 Schleswiger Nachrichten (26. 1. 98).
534 1840 1348 1895 Gelegenheit, meine Gedanken über die Reci¬
2117 1860 2934 1908 das ohne jede Einbusse den schrillsten
1343 1881 2121 1934 Die ausserordentliche Schärfe der Charakteri¬
528 1883 1333 1933 tationskunst mit ihm auszutauschen, und ich
2135 1902 2937 1949 Wechsel der Modulation gleichsam spielend
1344 1919 2128 1966 sirung, die malerische, alle Schönheiten des
528 1923 1336 1964 habe meine Freude daran gehabt, wahr¬
2130 1928 2944 2002 überwindet und erträgt. Was den Vortrag
1348 1962 2123 2004 Stoffes auf's Schärfste herausarbeitende, den
518 1949 1335 2019 zunehmen, mit wie klarem Bewusstsein er von
2131 1987 2926 2036 selbst anbelangt, so ist jede Nuance sorg¬
1342 2000 2117 2045 Hörer bezwingende, oft überraschende Vor¬
528 2002 1336 2050 Anfang an die besondere Aufgabe seiner
2133 2014 2932 2067 fältig ausgefeilt, das Pathos edel wohltönend,
1343 2036 2124 2089 tragsweise Salzer’s brachte alle Vortrags¬
529 2031 1334 2082 Kunst, die er erst vor vier Jahren zum Lebens¬
2135 2062 2940 2113 Lachen, Weinen, Seufzen Natur und daher
1345 2077 2120 2122 stücke zur vollsten Wirkung, die sich in dem
525 2068 1342 2116 beruf erkoren, erfasst hat. Es hat zu allen
2123 2095 2936 2146 von packender Wirkung. Und nun sein
1343 2115 2122 2159 wiederholten Beifall äusserte. Die Hörer
528 2114 1336 2173 Zeiten grosse Schauspieler gegeben — grosse
2123 2137 2928 2188 Partner Herr Lehrer Giese. Wie ein Zephyr¬
1338 2151 2113 2210 wurden offenbar immer wärmer, und sie
530 2154 1332 2209 Recitatoren muss man mit der Diogenes¬
2135 2161 2943 2229 Hauch schweben die Accorde durch den
1342 2191 2120 2233 wurden ganz in Banden geschlagen, als
531 2189 1339 2240 laterne suchen. Herr Salzer ist einer. Dazu
2131 2213 2936 2273 Saal, die Scenenmalung ergänzend, ab und
1342 2225 2123 2281 Herr Salzer nach der Pause ganz köstliche,
531 2235 1339 2290 reicht natürlich nicht hin, dass er jene Klippe,
2136 2255 2938 2314 zu in gewaltiger Wucht. Trotzdem die
1348 2268 2127 2319 wenn auch eigenartige, von einer eigenthüm¬
536 2260 1338 2322 woran schon so viele gescheitert sind, ein¬
2135 2287 2942 2338 Scenenmalung in dem Melodrama „Enoch
1344 2310 2119 2353 lichen feinen Picanterie durchzogene, hier ge¬
530 2306 1344 2370 sichtsvoll vermieden hat. Es müssen noch
2131 2329 2927 2375 Arden“ zu einem grossen Theil von Com¬
1342 2343 2132 2392 wiss kaum Jemand bekannte Erzeugnisse der
527 2355 1346 2397 positive Vorzüge hinzukommen. Es giebt
2140 2367 2939 2420 ponisten der Musik zugewiesen ist, bliet
1338 2381 2128 2446 Wiener Moderne zum Vortrage brachte. Mit
533 2387 1344 2435 Recitatoren, die, mit ungewöhnlichen Stimm¬
2135 2408 2931 2459 Herrn Giese’s Mitwirkung vornehm decent
1347 2417 2134 2468 dem Bewusstsein, von einem ausserordent¬
537 2422 1348 2475 mitteln ausgerüstet, sich darauf viel zu Gute
2127 2442 2929 2493 und doch die Situation ruhig beherrschend.
1344 2463 2128 2515 lich gewandten Plauderer vortrefflich unter¬
527 2467 1344 2511 thun und sie möglichst geltend zu machen
2139 2476 2944 2535 Nur dadurch, dass der Beamtenverein als
1347 2495 2123 2547 halten worden zu sein, gingen die Zuhörer
529 2510 1337 2552 sich angelegen sein lassen. Gewiss kann
2138 2508 2940 2576 die erste Bedingung des Recitators, einer
1345 2538 2121 2585 heim, wohl alle mit dem Wunsche, dass
538 2548 1343 2598 damit ein bestrickender Reiz auf das Ohr
2140 2566 2930 2616 tüchtigen, feinfühligen Clavierspieler zu stellen
1338 2563 2128 2636 Herr Salzer, wenn er mal wieder nach
536 2572 1344 2629 ausgeübt werden, aber wenn schon bei der
2135 2601 2937 2654 in der Person des Herrn Lehrer P. Giese se
1347 2616 2128 2669 Schleswig-Holstein kommt, an Schleswig
535 2624 1343 2669 Musik mit diesem rein physischen Zauber
2140 2645 2939 2700 glänzend erfüllen konnte, ist auch die
1351 2646 2126 2713 nicht vorübergehen möge. Herr Salzer, der
542 2664 1338 2710 noch lange nicht Alles gethan ist, so noch
2137 2679 2924 2727 Premiere des Melodramas „Enoch Arden“
1338 2692 2128 2739 überall in Schleswig-Holstein mit durch¬
543 2699 1342 2747 viel weniger bei der Nachschaffung eines
2137 2721 2933 2774 hier vorzüglich ausgefallen De. Beamten¬
1348 2733 2129 2785 schlagendem Erfolg gelesen, wird wohl im
528 2740 1333 2798 dichterischen Gebildes. Man kann nicht ge¬
2131 2741 2939 2816 Verein Stassfurt-Leopoldshall aber
1346 2758 2127 2818 nächsten Jahre seine Vortragsreise fortsetzen,
539 2777 1335 2825 rade sagen, dass das Organ des Herrn Salzer
2141 2790 2934 2846 hat seinen Mitgliedern und Gästen einer
1344 2793 2137 2854 und so verabschieden wir uns von dem
530 2811 1344 2868 an und für sich schon etwas besonders Ein¬
2129 2836 2931 2906 Kunstgenuss allerersten Ranges verschafft
1346 2845 2136 2914 liebenswürdigen Wiener mit dem Rufe: „Auf
536 2852 1341 2916 schmeichelndes besässe; aber er beherrscht
2132 2875 2700 2925 der noch lange anhalten wird.
1348 2879 1636 2952 Wiedersehen!“
535 2895 1337 2943 es in allen Schattirungen mit vollkommener
2206 2897 2925 2965 Stettiner Morgen- und Abend-Zeitung
1419 2907 2144 2973 Schneeberg: Erzgeb. Volksfreund (20.1.
536 2929 1350 2986 Sicherheit, und er weiss — und das ist die
2138 2954 2939 3010 (19. 1. 98). (Recitation des Märchendramas
1349 2962 2127 3013 1900). Der gestern vom Kaufmännischen
536 2971 1338 3029 Hauptsache und macht ihn eben zu einem
2139 2982 2938 3042 „Die versunkene Glocke“ von Gerhart Haupt¬
1355 3002 2130 3056 Verein veranstaltete Recitationsabend hatte
543 3020 1342 3065 wahren Künstler — seine Stimmmittel auf's
2378 3027 2945 3082 Herr Salzer hatte sich aber
2139 3026 2290 3086 mann.) —
1354 3042 2133 3098 ein zahlreiches Publikum von Mitgliedern
539 3049 1341 3090 wirksamste in den Dienst der ldee der je¬
2132 3059 2928 3115 eine grössere und schwierigere Aufgabe, die
1344 3082 2135 3137 und Gästen angelockt, welches den im
540 3083 1351 3139 weiligen Dichtung zu stellen, die er für einen
2132 3091 2943 3159 Charakterisirung des Glockengiessers selbst
1347 3125 2134 3165 Voraus vielgerahmten Leistungen des Keci¬
542 3130 1350 3183 theilnehmenden Kreis aus dem Gebiete des
2137 3137 2935 3193 gestellt. Mit tiefer Empfindung und wirkungs¬
1351 3153 2133 3202 tators Marcell Salzer aus Wien mit gespannter
538 3167 1343 3218 Auges (die Poesie wird uns ja vorzugsweise
2130 3178 2932 3232 voller Steigerung — im Tonfalle und in der
1347 3194 2131 3243 Erwartung entgegensah. Waren dem Verein
540 3204 1342 3249 in Buchform geboten) in das Gebiet des Ohres
2137 3205 2935 3268 Phrase lebhaft an Kainz erinnernd — brachte
1355 3231 2136 3287 in früheren Jahren bei ähnlichen Veran¬
528 3240 1345 3288 zu übertragen sich bemüht. Man merkt es
2132 3253 2940 3322 er seine Worte zum Ausdruck und wusste
1345 3274 2133 3320 staltungen verschiedentlich sehr mässige
543 3285 1345 3330 dabei dem Ganzen und allem Einzeinen an,
2140 3299 2598 3352 uns wirklich zu fesseln.
1350 3315 2128 3361 Kunstleistungen geboten worden, so hat Herr
536 3326 1350 3370 dass er aus den betreffenden Dichtungen ein
2195 3332 2935 3389 Ostsee-Zeitung (Stettin, 2. 3. 99). Herr
1351 3337 2147 3410 Marcell Salzer den ihm vorangehenden Ruf
543 3369 1351 3408 ernstes, eindringendes Studium gemacht hat,
2142 3374 2938 3436 Salzer leistet in der That Bedeutendes. Erhatein
1352 3387 2136 3443 als echter Künstler in seinem Fache in
544 3390 1352 3444 und dass ein gutes Stück Dichternatur in ihm
2144 3417 2940 3473 volltönendes, kräftiges, sehr modulationsfähiges
1359 3435 2137 3483 glänzender Weise gerechtfertigt. Eine von
542 3437 1353 3480 selbst lebt und webt. Und beides zusammen
2134 3461 2939 3508 Organ und ist dadurch in der Lage, allen
1343 3462 2136 3532 jedem comödiantenhaften Pathos freie Vor¬
547 3475 1349 3532 hat ihn zu einem feinsinnigen Ausleger und
2143 3496 2935 3552 Stimmungen, von der der tiefernsten an hin¬
1351 3504 2132 3557 tragsweise, eine tadellose, den jeweiligen
539 3515 1347 3563 Nachschöpfer der Kunstwerke Anderer ge¬
2131 3532 2942 3598 durch bis zur ausgelassen lustigen, den rich¬
1347 3537 2140 3598 Stoff in den feinsten Nuancirungen sicher
545 3539 1347 3612 macht. — Er hat den Hang zum Universellen:
2137 3573 2935 3629 tigen Ausdruck zu verleihen, dabei die reden¬
1354 3594 2141 3638 beherrschende Diction, ein hellklingendes aus¬
551 3597 1353 3641 die verschiedensten Zeiten und Völker, Rich¬
2142 3613 2941 3667 den Personen treffend zu charakterisiren,
1360 3622 2133 3675 nehmend modulationsfähiges Organ, das sind
541 3631 1349 3686 tungen und Gattungen reizen ihn zu reci¬
2146 3652 2938 3702 worin er durch eine gute Mimik unterstützt
1354 3661 2141 3715 die Vorzüge, die dem Künstler vom ersten
542 3671 1350 3720 tatorischer Wiedergabe; ausser der Bibel seien
2141 3687 2934 3739 wird. Ein Meisterstück des Vortrages war
1358 3699 2134 3756 Augenblick die Sympathien der Zuhörerschaft
540 3715 1351 3760 nur noch Dante und Shakspeare, Goethe,
2135 3720 2937 3786 die Wiener Humoreske von Hermann Bahr
1362 3740 2138 3791 gewinnen. Was die einzelnen Darbietungen
542 3744 1345 3791 Schiller und Heine, Hauptmann, Sudermann
2143 3757 2939 3818 „Die schöne Frau“, voll köstlichen Humors.
1354 3776 2132 3829 des Abends betrifft, so erwies sich Herr
540 3790 1348 3837 und lbsen, Wildenbruch, Lilieneron und
2145 3807 2941 3856 Mit letzterem Vortrag kam der Recitator in
1355 3815 2130 3866 Salzer als unübertroffener Interpret moderner
546 3814 1348 3881 Rosegger genannt. Mit besonderer Vorliebe
2138 3845 2942 3897 seine ureigentliche Domäne, die dialectischen
1361 3855 2142 3909 Dichtkunst und er verstand es, jeder Eigen¬
556 3863 1343 3915 scheint er sich doch aber den „Modernen“,
2135 3885 2937 3938 Vorträge. Hier zeigt sich erst recht sein be¬
1360 3891 2132 3947 art der von ihm zum Vortrag gebrachten
562 3883 1355 3965 „unseren Jüngsten“, namentlich dem lands¬
2142 3923 2938 3971 deutendes Können, und wenn auch die Vor¬
1352 3937 2142 3995 litterarischen Erzeugnisse der Jetztzeit in voll¬
547 3929 1358 3995 männischen „Jung-Wien“ zu widmen und
539 3958 2944 4046 ihnen die Bahn ebnen zu wollen. Der hiesige endeter Meisterschaft gerecht zu werden. Der träge vor Anfang an grossen Beifall fanden,
3237 180 3357 231 stern
