3392 4320
698 134 1454 172 „Ernstes und Heiteres aus zeitgenössischer
691 158 1464 218 Litteratur“. Herr Salzer besitzt ein sehr
683 207 1459 248 kräftiges und modulationsfähiges Organ, eine
681 253 1451 294 ausserordentlich klare Aussprache und eine
680 289 1459 332 ungewöhnliche Zungengewandtheit, er be¬
685 313 1453 366 herrscht ausser der hochdeutschen Sprache
679 366 1455 411 noch den oberbayerischen und namentlich
675 390 1458 451 den Wiener Dialect ganz vorzüglich, vermag
684 434 1459 483 in seinem lebendigen und ausdrucksvollen
679 474 1449 521 Vortrag die einzelnen Personen durch Wechsel
676 522 1449 568 der Stimmfärbung und des Tempos sehr
677 544 1448 604 scharf zu charakterisiren und zur Kenn¬
673 585 1455 637 zeichnung der Situation eine förmliche Ton¬
680 630 1448 675 malerei auszuführen; er besitzt prächtigen
680 669 1454 720 Humor, weiss aber zugleich dem Ernst und
681 708 1454 761 dem Schmerz ergreifende Töne zu verleihen.
673 756 1442 802 Jeder seiner Vortrüge nahm das Interesse der
671 786 1446 842 Zuhörerschaft in hohem Grade in Anspruch,
674 822 1446 879 jeder war von allgemeinem und lebhaftem
663 853 1439 921 Beifall gefolgt. — Herr Salzer trug — voll¬
671 905 1445 954 ständig frei aus dem Gedächtniss — vor:
674 939 1437 985 „Das Orakel“ von Wildenbruch; „Das Ge¬
664 987 1436 1032 witter“, „Bruder Liederlich“ und „Die Musik
672 1010 1442 1082 kommt“ von Detlev v. Lilieneron; „Die
664 1046 1439 1112 schöne Frau“ von Hermann Bahr; „Die Ge¬
667 1094 1444 1142 schichte vom trutzigen Bauer“ den „Regen¬
662 1141 1437 1185 schirm“, „Wie Gott Vater dem Adam im
664 1174 1440 1233 Paradiese das Vaterunser lehrt“, „Wie der
661 1219 1453 1260 Richter einen falschen Zeugen erwischt“ und
659 1250 1444 1317 „Die Entdeckung von Amerika“ von Rosegger
664 1301 1433 1345 und „Das Pferd“ von Morgenstern. — Der
666 1339 1436 1385 erheiterndste Vortrag war „Die schöne Frau“
660 1373 1436 1425 wo ein junger Mann, um seiner Frau die ge¬
657 1415 1438 1465 wohnte Bewunderung zu schaffen und in
665 1450 1430 1499 Schliersee seine Ferien ruhig zubringen zu
655 1483 1437 1553 können, den dortigen Kirchendiener engagirt.
661 1538 1430 1577 um für Zehr-, Trinkgeld, Honorar und einen
653 1577 1436 1623 neuen schwarzen Salonrock die verwöhnte
651 1613 1430 1661 und nervöse Schönheit durch einige Wochen
652 1648 1433 1701 „anzuschmachten“; das ergreifendste „Das
647 1690 1439 1740 Pferd“, wo ein heruntergekommener und an¬
660 1720 1424 1783 gezechter Wiener Privatier, früher Husar, zu¬
651 1771 1422 1817 erst mit Wirth und Sicherheitsbeamten Krakeh
651 1802 1428 1855 bekommt, dann vor einem Droschkengaul
662 1846 1422 1895 niederfällt, diesem erzählt, wie ihn einst ein
660 1885 1426 1940 Vollblutpferd durch seine Schnelligkeit vor
650 1922 1426 1980 dem Tode durch Wölfe gerettet und dabei
654 1969 1426 2022 eine grosse Narbe an der Hüfte davongetragen
645 2003 1418 2052 hat. Als der Betrunkene dem Droschkengau
647 2044 1430 2082 zeigen will, wo diese Narbe gewesen sei, er¬
652 2079 1431 2133 kennt er in jenem seinen ehemaligen Retter
647 2121 1440 2171 wieder; in der Selbsterkenntniss, dass er und
647 2161 1421 2208 das Pferd in gleicher Weise von der Höhe
650 2206 1426 2257 nach der Tiefe gelangt sind, lässt er sich
651 2230 1427 2289 ohne Widerstreben von dem Sicherheitswach¬
643 2260 1417 2331 mann zur Wache führen, wehmüthig den
634 2307 1395 2369 Pferde noch zurufend: „Servus Pascher!!“
715 2358 1426 2404 Lübecker General-Anzeiger (3. 2. 1500).
639 2387 1429 2446 Duch die Heranziehung des rühmlich be¬
648 2441 1427 2486 kannten Recitators Marcell Salzer aus Wien
642 2469 1423 2525 zu einem Vortragsabend, der ausschliesslich
638 2510 1423 2567 der Recitation zeitgenössischer Dichtungen
643 2563 1424 2616 gewidmet war, hat sich der Verein Lübecker
647 2603 1414 2652 Journalisten und Schriftsteller ein
647 2631 1416 2685 entschiedenes Verdienst erworben. Das Lü¬
635 2673 1423 2719 becker Publikum, das sich keineswegs durch
647 2706 1413 2763 litterarische Bildung und Interesse auszeichnet
639 2755 1411 2803 steht, wie es scheint, gerade der modernen
640 2797 1419 2831 litterarischen Produktion, die doch in vieler
643 2836 1418 2884 Beziehung höchst interessant ist, ziemlich ver¬
642 2876 1428 2917 ständnisslos gegeaüber; und eine jede An¬
640 2902 1409 2952 regung ist hier mit Freuden zu begrüssen.
638 2954 1420 2999 Es wäre zu wünschen, dass der Journalisten¬
639 2994 1406 3039 Verein es nicht bei solchen einzelnen Ver¬
635 3033 1415 3074 anstaltungen bewenden liesse, sondern eine
647 3060 1417 3119 „Freie litterarische Gesellschaft“ gründete,
635 3099 1419 3163 wie sie in vielen anderen Städten schon be¬
640 3152 1415 3187 steht; der Erfolg würde sicherlich nicht aus¬
632 3178 1402 3237 bleiben. Um Dichtungen durch Recitatior
626 3233 1414 3276 dem Verständniss des Publikums näher zu
628 3267 1409 3313 bringen, ist ein solcher Vortragskünstler, wie
631 3303 1411 3350 Marcell Salzer. so recht der geeignete Mann.
632 3344 1415 3381 Er hat sich seinen Ruf nicht nur durch seine
632 3381 1405 3433 declamatorische Fähigkeit verdient, sondern
637 3422 1413 3458 auch als Herold und Bannerträger der mo¬
637 3454 1407 3506 dernen Dichtung, namentlich ist es ihm mit
629 3499 1400 3545 zu verdanken, dass die jungen Wiener Dichter
630 3541 1409 3594 in weiteren Kreisen Deutschlands bekannt
628 3585 1407 3625 und gewürdigt worden sind. Dem ent¬
628 3609 1411 3666 sprechend ist seine Art der Recitation eine
626 3652 1412 3693 nicht nur technische, sondern wirklich künst¬
634 3694 1409 3742 lerische; sein Vortrag lässt das Werk des
631 3733 1408 3778 Dichters nicht, wie es leider häufig bei Reci¬
633 3770 1404 3819 tatoren geschicht, in effectvoll heraus¬
632 3819 1399 3865 gearbeitete Einzelheiten zerfallen, wobei die
628 3856 1405 3906 Anschauung des Ganzen beeinträchtigt wird;
630 3894 1399 3942 er sucht vor Allem den Charakter und die
631 3928 1400 3982 Gesammtstimmung wiederzugeben. Dabei ver¬
624 3965 1400 4022 fügt er aber auch über die technischen Mittel;
618 4020 1402 4060 er hat seine Stimme zu einem gefügigen
631 4041 1413 4109 Werkzeug herausgebildet, das die Nüancen
1484 143 2244 197 und Tonfall des Dialects, zumal des öster¬
1491 174 2255 228 reichischen. Für seine Soiree, die Donnerstag
1484 211 2251 273 im Concerthaus Fünfhausen bei sehr gutem
1482 248 2232 307 Besuche stattfand, hatte er ein durchaus ge
1486 298 2253 348 schmackvolles Programm gewählt, das natur¬
1480 328 2253 389 gemass hauptsächlich solche Dichtungen ent¬
1482 371 2246 431 hielt, die dem Verständniss des Publikums
1477 420 2246 468 nicht allzu fern lagen. Besonders dankens¬
1476 456 2246 511 werth war es, dass dies Programm auch Ge¬
1479 491 2241 549 dichte von Detlev v. Lilieneron enthielt, des
1474 526 2255 592 holsteinischen Dichters, der leider immer noch
1470 571 2239 622 viel zu wenig gekannt und gelesen wird.
1470 603 2234 657 Wir besitzen in ihm einen Lyriker, der zu
1480 648 2238 695 den grössten der Gegenwart gehört — neben
1473 681 2233 734 ihm kann man von deutschen modernen
1474 719 2236 783 Lyrikern vielleicht noch Richard Dehmel,
1470 756 2231 818 Gustav Falke und George nennen. Aber auch
1467 796 2236 855 diese Dichter erreichen ihn nicht an Origi¬
1469 850 2230 895 nalität des Ausdrucks und an Frische und
1470 875 2236 934 Plastik der poetischen Anschauung. Die vier
1465 915 2225 978 Gedichte, die Herr Salzer vortrug, „Cincin¬
1472 962 2233 1025 natus“ „Das Gewitter“. „Bruder Liederlich“
1466 999 2229 1049 und „Die Musik kommt“, sind jedentalls ge¬
1460 1036 2221 1096 eignet, einen Begriff von dem Charakter seinef
1462 1075 2232 1121 Dichtung zu geben, zumal bei einer so ver¬
1468 1109 2222 1169 ständnissvollen Recitation. Besonders liebens
1460 1157 2233 1212 würdig und stimmungsvoll war der Vortrag
1461 1189 1840 1238 von „Ein Gewitter“
1534 1232 2225 1281 Sehr interessant waren auch die übrigen
1464 1269 2230 1321 Vortragsstücke; meisterhaft wurden besonders
1457 1317 2217 1365 die in österreichischem Dialekt verfassten
1456 1344 2226 1398 frischen Erzählungen Roseggers und die
1460 1382 2222 1442 humoristische Skizze „Die schöne Frau“ des
1464 1423 2218 1478 formal sehr begabten Wiener Schriftstellers
1464 1460 2223 1525 Hermann Bahr vorgetragen. Auch Das
1457 1502 2223 1567 Pferd“ eine interessante Studie von Christian
1452 1546 2224 1607 Morgenstern, der ausser hübschen Gedichten
1460 1582 2221 1643 hauptsächlich durch seine liebenswürdig an¬
1458 1626 2223 1679 muthende Modernisirung Horazischer Oden
1460 1665 2223 1721 bekannt geworden ist, wurde mit grosser
1444 1697 2222 1763 technischer Feinheit und Bravour vorgetragen
1456 1751 2211 1794 und errang stürmischen Applaus, ebenso wie
1452 1776 2223 1828 die bekannte Erzählung „Das Orakel von
1462 1823 2223 1875 Wildenbruch, der als Lyriker und Novellist
1458 1868 2219 1917 ungleich bedeutender ist, als als Dramatiker.
1451 1903 2223 1947 Das Publikum stand von Anfang an unter dem
1450 1935 2222 1999 Banne des Recitators und brachte allen seinen
1448 1982 2214 2033 Darbietungen ein sichtliches starkes Interesse
1454 2019 2220 2076 entgegen, das selbst die im Saale herrschende
1452 2063 2214 2112 unangenehme Kälte nicht zu beeinträchtigen
1454 2094 1648 2140 vermochte.
1507 2126 2213 2187 Lübecker Nachrichten (Eisenbahn-Zei¬
1451 2174 2209 2227 tung 3. 2. 1000). Dem ziemlich zahlreichen
1448 2208 2213 2269 Publikum, welches gestern den vom Verein
1450 2250 2209 2306 Lübecker Journalisten und Schriftsteller ver¬
1449 2298 2212 2340 anstalteten volksthümlichen litterarischen
1435 2327 2212 2389 Abend im Concerthaus Fünfhausen besuchte,
1448 2373 2207 2421 ist nicht zu viel versprochen worden. Es
1450 2415 2204 2459 war in der That ein arssergewöhnlich feiner
1445 2453 2209 2494 geistiger Genuss, den Marcell Salzer’s Reci¬
1448 2491 2213 2534 tation moderner Dichtungen wohl Allen ohne
1441 2529 2211 2571 Ausnahme bereitet hat. Marcell Salzer, der
1444 2568 2205 2622 Ernstes und Heiteres mit gleicher Virtuosität,
1439 2612 2211 2664 namentlich im Punkte der Einzel-Charakteri¬
1438 2646 2210 2695 sirung, recitirt, ist wirklich ein Meister der
1450 2684 2202 2741 Vortragskunst und erntete denn auch all¬
1436 2719 2202 2780 seitig den ausgiebigsten Beifall. Hoffentlich
1445 2768 2199 2822 kommt er bald wieder einmal nach Lübeck;
1445 2810 2211 2863 es wird dann die Gemeinde seiner Zuhörer
1442 2841 1951 2901 sicherlich noch grösser sein.
1494 2879 2206 2943 Mannheim, Neue Badische Landes¬
1434 2913 2196 2979 Zeitung (25. 2. 98). Aus dem Feuilleton
1442 2964 2194 3014 Sudermann s „Johannes“. Der hiesige Journa¬
1436 3007 2202 3063 listen- und Schriftsteller-Verein hat sich das
1434 3045 2203 3089 Verdienst erworben, einem grossen Kreise
1444 3090 2199 3133 von Zuhörern durch einen der bedeutendsten
1430 3117 2197 3173 Recitatoren, Herrn Marcell Salzer aus Wien.
1432 3160 2196 3209 die Tragödie „Johannes“ von Hermann
1440 3194 2196 3242 Sudermann vortragen zu lassen. Herr Marcell
1429 3240 2204 3293 Salzer ist ein Meister der Vortragskunst, voll
1432 3277 2203 3331 Temperament und Feuer, der die Zuhörer in
1431 3320 2187 3369 den Geist der Dichtung einzuführen und an
1438 3356 2199 3405 sich zu fesseln weiss. Seine Stimme ist
1440 3398 2193 3439 sehr modulationsfähig; von den süssen Tönen
1438 3437 2189 3487 der Liebe, die von zarten Mädchenlippen zu
1431 3476 2186 3518 lliessen scheinen, bis zum mächtigen Grollen
1436 3518 2196 3559 des grossen Propheten weiss er sie sicher zu
1428 3547 2194 3601 beherrschen. Die Zuhörer dankten Herrn
1426 3590 2192 3635 Salzer für den gebotenen Genuss durch leb¬
1434 3627 1686 3676 haften Beifall.
1505 3653 2196 3721 Mannheimer Tageblatt (13.3. 98). Herr
1429 3705 2191 3763 Salzer beherrscht das ganze Register der
1433 3739 2183 3788 sprachlichen Empfindungs-Acusserungen. Er¬
1434 3787 2192 3837 schütternd echt klingt bei ihm der Schmerz,
1426 3824 2192 3876 gluthdurchloht malt er die Leidenschaft, aber
1420 3872 2193 3910 noch mehr schätzen wir ihn als Inter¬
1425 3910 2196 3953 preten feinhumoristischer Sachen. Da bietet
1418 3940 2188 3995 er Cabinetstückchen eines kostbaren Charakte¬
1428 3982 2190 4031 risirungsvermögens und seine Hörer um¬
1416 4025 2187 4071 fängt jene behaglich-heitere Stimmung, wie
1418 4066 2190 4113 sie etwa das Lesen Dickens’ hervorbringt.
2275 153 3043 215 Vergnügen, Herrn Salzer in Mannheim zu
2277 183 2465 243 begegnen.
2347 212 3036 286 Mannheimer Journal (25. 2. 08). Hert
2273 272 3046 310 Salzer zählt nach seinem gestrigen Meister¬
2267 313 3033 361 werk zweifellos zu den besten Recitatoren,
2267 354 3045 388 die wir gegenwärtig haben, und wir können
2268 383 3051 434 nur dem Wunsche Ausdruck geben, dass es
2264 429 3037 482 uns vergönnt sein möge, diesen geistig ganz
2272 463 3033 522 hervorragenden Mann bald wieder in Mann
2268 500 2549 548 heim zu hören.
2328 545 3042 597 Mohrunger Kreis-Zeitung (13. 2. 1900).
2266 579 3034 627 Der gestrige Vortragsabend des Herrn Marcell
2266 612 3037 670 Salzer aus Wien im hiesigen Litterarisch¬
2260 658 3036 716 polytechnischen Verein bot einen Kunstgenuss
2255 701 3039 743 ersten Ranges. Obwohl Herrn Salzer der
2259 734 3038 795 beste Ruf vorausging, konnte man füglich
2260 774 3038 827 sagen, dass unsere Erwartungen doch noch
2252 812 3029 864 übertroffen wurden. Das gemüthvolle Ge¬
2253 862 3040 913 präge, eine ausgezeichnete, kraftvoll und im
2262 895 3032 953 schönsten Verhältniss zum Ausdruck ge¬
2256 928 3038 990 brachte Modulation der ausgiebigen Stimm¬
2254 968 3041 1015 mittel gewannen sogleich die allgemeinste
2249 1003 3038 1053 Sympathie der zahlreichen Zuhörer. Herr
2252 1048 3039 1104 Salzer ist hauptsächlich Vertreter der Mo¬
2248 1090 3035 1136 derne und beweist bei der Auswahl seiner
2247 1121 3037 1171 Vortragsstücke ein tiefes Verständniss für
2247 1170 3036 1205 die Schönheiten der neueren deutschen Litte¬
2240 1209 3036 1266 ratur. Herrn Salzers Domäne scheinen unter
2248 1245 3032 1300 Anderem die zarten innigen, zum Theil mar¬
2252 1283 3039 1341 kigen Dichtungen Freiherrn von Liliencren’s
2248 1329 3022 1365 zu sein, die er mit unerreichbarer, Geist und
2248 1363 3027 1417 Seele athmender Ausgestaltung wiedergiebt.
2249 1400 3037 1451 Hervorragend war gestern die Wiedergabe
2242 1440 3034 1496 von Ernst v. Wildenbruch s „Orakel“ Wie
2247 1471 3036 1540 ergreifend vermochte Herr Salzer den Seelen¬
2244 1520 3030 1573 kampf des Knaben zu charakterisiren. So
2248 1560 3039 1612 vermag es nur ein Vortragsmeister, der neben
2244 1596 3032 1643 Bethätigung seiner Kunst den Widerstreit der
2244 1637 3035 1696 kindlichen Seele bis in die innersten Tiefen
2244 1678 3025 1728 nachzuempfinden weiss. Weitere Kunst¬
2242 1714 3023 1776 leistungen waren die reizende Humoreske
2237 1756 3019 1814 „Die schöne Frau“ von Bahr, „Das Gewitter“
2234 1805 3021 1849 „Die Musik komm: von Lilieneron und „Das
2237 1831 3031 1880 Pferd“ ein tief ergreifendes Wiener Lebens¬
2234 1874 3030 1938 und Sittenbild von Morgenstern. Köstlich
2237 1918 3022 1965 war bei letzterem die Charakteristik eines
2234 1956 3016 2008 echten Wiener Bummlers, der einst bessere
2248 1986 3022 2030 Tage gesehen und nun den Gram im Fusel
2244 2029 3018 2091 ersäuft. Seine nächtliche Wanderung durch
2244 2065 3031 2130 die Gassen Wiens ist mit jenem ernsten Humor
2229 2116 3025 2165 geschildert, hinter dem die Thräne blinkt.
2242 2148 3032 2202 Herr Salzer schuf uns durch seine Kunst
2244 2184 3012 2225 Bilder von plastischer Naturtreue und so
2244 2223 3028 2284 war es nicht zu verwundern, dass alles ge¬
2235 2266 3022 2304 spannt an seinem Munde hing, um bei Schluss
2229 2304 3021 2360 der einzelnen Nummern erst nach einiger
2235 2339 3021 2401 Zeit der Insichaufnahme des eben Gehörten
2235 2376 3015 2441 durch lebhafte Beifallsbezeugungen den Dank
2232 2422 3012 2478 zu äussern. Wir können Herrn Salzer wohl
2232 2459 3021 2515 ein „Auf Wiedersehen“ im nächsten Jahre
2227 2503 3020 2552 zurufen. Dieses erste Mal, da derselbe seine
2232 2535 3022 2591 Kunst in unseren vorgeschobenen deutschen
2230 2578 3017 2632 Osten getragen hat, soll wohl nicht das letzte
2233 2616 2395 2663 Mal sein.
2300 2651 3005 2714 München, Allgemeine Zeitung (30. 10.97).
2222 2694 3018 2747 Herr Marcell Salzer versteht zu charakterisiren
2227 2739 3013 2775 und weiss sich der Eigenart seiner Autoren
2234 2771 3008 2830 anzupassen. Das Publikum zeigte sich für
2232 2810 2719 2854 das Gebotene sehr dankbar.
2299 2850 3013 2909 Münchner Neueste Nachrichten (23.12.99)
2229 2884 3010 2947 Herr Salzer ist ein Künstler in des Wortes
2234 2935 3009 2990 voller Redeutung. Feinsinniges Verständniss
2228 2969 2997 3014 für den Dichter, ein vorzügliches Charak¬
2230 3013 3017 3064 terisirungsvermögen in Stimme und Geberde,
2219 3048 3011 3097 eine glänzende Vortragsweise, unterstützt von
2229 3095 3006 3131 einem wohlklingenden, kräftigen Organ — das
2223 3133 2997 3176 sind die Mittel, mit denen die Natur diesen
2215 3165 3012 3219 Kunstler begluckt hat und die ihm seine
2227 3202 3005 3251 grossen Erfolge sichern. In der rührenden
2218 3243 2999 3299 Wildenbruch'schen Novelle „Orakel“ gab der
2218 3276 3000 3340 Vortragende herrliche Proben tiefempfundener
2220 3321 2996 3379 Seelenstimmungen; er verstand es, den
2216 3361 3001 3401 Figuren dieser Erzählung wahrhaftiges Leben
2224 3399 3008 3448 einzuhauchen, er malte Bilder von ergreifender
2218 3438 2994 3486 Lebenstreue. Die prächtige, effektvolle Wieder¬
2222 3481 2994 3531 gabe der Dichtungen Liliencron's „Gewitter“
2213 3517 3002 3556 und „Die Musik kommt“ bewiesen ferner
2220 3556 3008 3596 Salzers Meisterschaft. Wahre Beifallsstürme
2220 3596 2999 3652 entfesselte die Bahr’sche Humoreske „Die
2212 3640 2997 3692 schöne Frau“ und ein Wiener Lebens- und
2222 3674 3005 3730 Sittenbild „Das Pferd“ von Ch Morgenstern.
2216 3711 2995 3769 Diese letztere grossartig vorgetragene Er¬
2206 3748 2995 3809 zählung schildert in köstlicher Charakteristik
2206 3799 2997 3842 einen Wiener Bummler, ein herabgekommenes
2204 3838 2990 3877 Individuum, das einst auch goldene Tage ge¬
2212 3879 2996 3923 sehen hat und nun seinen Gram über sein
2211 3907 2997 3956 Schicksal im Alkohol zu ertränken sucht.
2208 3946 2993 4001 Die Schilderung, über der ein Strahl von
2210 3985 2997 4027 Romantik lagert, ist besonders reich an tragi¬
2208 4023 2998 4076 komischen Scenen. Die meisterhafte Inter¬
2206 4062 2986 4127 pretation Salzers, der alle diese Momente zur
3117 3686 3177 3747 ür
3125 3754 3362 3814 Kaufmännis
3122 3800 3340 3850 Reihe seiner
3121 3840 3343 3892 unter äussel
3128 3877 3358 3932 Herr Marcel
3123 3915 3353 3974 tungen zeit
3124 3954 3345 4006 ebenso glüc
3126 3993 3345 4046 erkennenswe
3123 4032 3359 4092 Art, in wel
