3436 4480
247 191 404 301 10
1431 182 1903 283 box 16/4
395 201 1308 294 Das Vernaechtnis
1615 1110 2951 1221 cadents. Im menschlichen Trachten zugleich von Bourgeoistraditionen
1628 1196 2938 1253 gefesselt und von modernen Freiheitsgefühlen gehoben, wird er im
278 1208 1639 1292 is! Gravirendes zu Schulden kommen. Das Balletkorps trat im dritten
1633 1246 2940 1310 künstlerischen halb von der guten alten Wiener Sentimentalität, halb
292 1286 1631 1346 irAkte in voller Stärke und glänzender Ausrüstung auf den Kampf¬
1634 1286 2941 1358 von pariser und belgischem Raffinement beeinflußt. Wie ja überhaupt
286 1330 357 1397 tt
349 1335 1637 1413 platz; besonderer Theilnahme erfteuten sich die Evolutionen der beiden
1636 1335 2936 1405 die Wiener Moderne einem Samenkorn entsprang, das der Wind
1344 1382 1567 1459 E. Bohn
354 1387 1242 1461 Solotänzerinnen Fräulein Rossi und Harlé.
1631 1381 2942 1454 aus dem fernen Westen herüberwehte und das auf dem fetten Boden
1637 1434 2941 1501 des Phäakenlandes zu üppiger Blüthe, aber wohl kaum zu eben so
1633 1478 2937 1552 reicher Fortpflanzung aufschoß. Wie alles Verpflanzte, Ueberkulti¬
1631 1537 2945 1607 virte, Ueberfeine steht sie, steht Schnitzlers Kunst der Gefahr der
770 1522 1226 1623 Lobe=Theater.
1636 1581 2936 1633 Sterilität nicht fern. Und für das Drama, das starke und breite
678 1595 1340 1683 Sonnabend, den 26. November.
1626 1623 2933 1697 Effekte verlangt, ist Schnitzler vielleicht am wenigsten berufen. Der
742 1656 1268 1729 „Das Vermächtniß.“
1625 1671 2942 1748 Erfolg der „Liebelei“ war möglicherweise ein Danaergeschenk, ein
399 1713 2935 1785 Als vor etwa vier Jahren die „Liebelei“ in Berlin aufgeführt Irrlicht, das ihn von dem Wege lockte, den seine Individualität
329 1767 2939 1851 wurde, brach einmüthiger Jubel in Presse und Publikum aus. Man ihm vorschrieb, der zarten, duftigen Filigran=Technik der intimen
336 1815 2933 1878 begrüßte in Arthur Schnitzler ein frisches und reiches neues Konfession, der sensation rar# im persönlichsten Geiste der psycho¬
348 1861 2932 1931 Talent. Der Erfolg war verdient, wenn auch das Urtheil nicht logischen Studie und in de persönlichsten Form der „Anatol“=
334 1906 2931 1967 ganz richtig. Es war ein neuer Mann, ein frisches Temperament, Plauderei. Da vermag er us die feinsten und letzten Ideen und
344 1945 1641 2023 aber hätte man von ihm mehr gekannt, dann würde man auch
1634 1967 2934 2040 Stimmungen zu vermitteln. Was an der „Liebelei“ entzückte, war
341 2012 2942 2057 gewußt haben, daß von dem Stücke das weitaus Beste, Wirksamste wieder etwas Verpflanztes oder, wenn wir bei dem ersten Bilde
343 2061 2943 2128 nichts weniger als neu, sondern zweiter Aufguß war. Es giebtlbleiben wollen, ein neuer Aufguß, eine Dramatisirung alter
344 2104 1638 2171 freilich Leute, welche den zweiten Aufguß für den feinsten halten.
1635 2104 1929 2187 Novellenstoffe.
347 2153 1648 2220 Mir aber sind Schnitzlers „Anatol“ und sein „Sterben“ das weitaus
1689 2149 2931 2230 In der „Liebelei“ wirkte dieser Stoff noch am frischesten und
345 2204 1629 2263 Liebste, weil Ursprünglichste, was er geschrieben. Alles Spätere sind
1633 2195 2934 2276 stärksten. Wenn Schnitzler auch in der gröberen dramatischen Form die
346 2255 1630 2311 nur zweite, dritte, viertexu. s. w. Aufgüsse, die immer schwächer
1631 2267 2938 2317 zarten Wirkungen gröber und breiter, als Wiener vor allen Dingen
344 2303 1631 2368 werden. Und je schwächer sie werden, desto stärker wendet der Koch
1632 2297 2929 2384 sentimentaler anlegen mußte, so entzückten doch die Stimmung, das
347 2344 667 2420 Surrogate an.
1620 2350 2937 2431 Milieu, das Temperament, die neuen Menschen. Das liebenswürdige
410 2401 2930 2466 Wenn je das Wort Flauberts zutraf, daß jeder Schriftsteller Episodische hatte ja an dieser glücklichen Wirkung schon einen be¬
338 2435 2925 2508 nur ein einziges Buch im Leibe habe, so traf es bei Schnitzler zu. deutenden Antheil und die begutachtenden Redereien der Personen
343 2506 2934 2580 Ja, er hatte eigentlich nicht einmal ein Buch im Leibe, sondern über die Handlung nahmen größeren Raum ein, als gerade nöthig
340 2551 2931 2617 nur ein Thema. Ein illegitimes Verhältniß zweier durch eine ge=war; aber das kleine Motiv war in dieser ersten Dramatisirung noch
342 2593 2930 2680 sellschaftliche Kluft getrennten Liebenden, zuerst frivol, oder feig, nicht erschöpft; es füllte die kurzen drei Akte und füllte sie mit
332 2638 2916 2712 dann mehr und mehr sittlich rein empfunden, wird durch den Tod einer reichen Menge künstlerischer und psychologischer Feinheiten.
342 2690 2927 2759 des Einen jäh gelöst — und für den Ueberlebenden bildet tragisch Die Handlung ist ja bekannt: Fritz, der Gesellschaftsmensch, liebt
354 2741 2929 2818 sich ein brutal erniedrigender Kontrast zwischen natürlicher und eine verheirathete Frau mit Schmerzen, und Fritz, der Gefühlsmensch,
337 2780 2925 2867 konventioneller Moral: jene spricht ihm sittliche Gattenrechte zu, ein süßes Mädel von Herzen. Als das „Sterben“ kommt, wird ihm
338 2826 2923 2890 diese schließt den Ehebrecher oder Konkubinen von jeder Zugehörigkeit klar, daß in der Liebelei mit Christine wohl sein echtes Glück ge¬
329 2889 1639 2953 aus. Manchmal läßt Schnitzler das Weib sterben, wie in „Abschied“
1623 2894 2920 2952 legen hat. Mit Schauder und Erniedrigung erfährt das süße
332 2919 1623 3003 der besten Novelle seines neuesten Buches „Die Frau des Weisen“;
1628 2947 2929 3010 Mädel, daß er, der ihr Alles gewesen, dem sie ihr Alles gegeben,
338 2987 2929 3055 in den meisten Fällen aber läßt er es überleben, als das kompli= für eine Andere im Duell gefallen, von seinen Angehörigen begraben
335 3022 1622 3093 zirter organisirte Versuchsthier in Sachen der freien Liebe; und hier
1629 3041 2923 3104 sei, ohne daß sie auch nur ein Sterbenswörtchen davon erfahren habe.
337 3079 1631 3150 wieder ist es meist (z. B. in allen drei Bühnenstücken) das gesell¬
1667 3093 2923 3154 Im „Freiwild“ reichte das Liebesmotiv schon nicht mehr aus,
334 3125 1615 3192 schaftlich einige Stufen unter dem Geliebten stehende Weib, an dem
1621 3129 2922 3200 darum pflanzte S#itzler es auf den Begriff der commentmäßigen
343 3181 1621 3240 er sein Problem entwickelt. Der spezifische Fall Schnitzlers aber ist
1631 3189 2922 3238 Ehre. Ein aktueller Fall hatte Knalleffekte herzugeben, und der seine
343 3221 1627 3292 die Kombination seiner beiden eigensten Motive: „Sterben“ und
1627 3232 2928 3300 intime Bourgeoisdecadent wurde zum Sensationsdramatiker. Auch
339 3269 1626 3331 das „süße Mädel“ aus der Wiener Vorstadt. Haben wirs in dem
1622 3276 2919 3357 hier muß der Held des Stückes, schwankend zwischen Konvention und
333 3319 1631 3395 zweiten Drama „Freiwild“ mit einer kleinen Schauspielerin zu thun,
1625 3334 2919 3405 freier Sittlichkeit, für eine Freundin sterben, doch nicht im Duell,
334 3376 1615 3428 so könnte im ersten und dritten das Thema frei mit einer Variante
1625 3384 2920 3442 das er provozirt und verweigert, sondern auf der Straße, wo er
341 3415 1145 3475 lauten: Der Tod und das süße Mädel.
1609 3418 2919 3495 ans Ehrgefühl sich von dem beschimpften Lieutenant über den Haufen
409 3467 2919 3533 Die im menschlichen und künstlerischen Empfinden energielose, schießen läßt. Auch hier noch wirksame Milieustimmung, aber schon
320 3487 1626 3587 doch überaus sensitive Dichterseele Schnitzlers hat für den Strom, der
1611 3524 2918 3588 viel umfangreichere Debatten, schon viel mehr liebenswürdige Episoden¬
323 3547 2917 3639 zwischen den Gegenpolen blasirter Ueberkultur und naiver Ursprüng= arbeit, als in der „Liebelei“, und schon nicht mehr beherrscht von
333 3609 2914 3680 lichkeit sich entwickelt, die empfindsamsten Organe eines Wiener De¬ dem besmotiv das nur noch den dürftigen und unergiebigen Kern
