<?xml version="1.0" encoding="UTF-8" standalone="yes"?>
<PcGts xmlns="http://schema.primaresearch.org/PAGE/gts/pagecontent/2013-07-15" xmlns:xsi="http://www.w3.org/2001/XMLSchema-instance" xsi:schemaLocation="http://schema.primaresearch.org/PAGE/gts/pagecontent/2013-07-15 http://schema.primaresearch.org/PAGE/gts/pagecontent/2013-07-15/pagecontent.xsd">
    <Metadata>
        <Creator>prov=University of Rostock/Institute of Mathematics/CITlab/Gundram Leifert/gundram.leifert@uni-rostock.de:name=ONB_Newseye_GT_M1+(htr_id=10810)::::v=2.4.2
prov=University of Rostock/Institute of Mathematics/CITlab/Tobias Gruening/tobias.gruening@uni-rostock.de:name=de.uros.citlab.module.baseline2polygon.B2PSeamMultiOriented:v=2.4.2
prov=University of Rostock/Institute of Mathematics/CITlab/Tobias Gruening/tobias.gruening@uni-rostock.de:name=/mnt/transkribus/LA/DEA/URO/LA_news_onb_att.pb:de.uros.citlab.segmentation.CITlab_LA_ML:v=2.4.2
Transkribus</Creator>
        <Created>2019-10-07T11:34:47.578+02:00</Created>
        <LastChange>2019-10-08T17:50:18.370+02:00</LastChange>
        <TranskribusMetadata docId="223986" pageId="9500396" pageNr="175" tsid="16605210" status="IN_PROGRESS" userId="40391" imgUrl="https://files.transkribus.eu/Get?id=TNVKNFYJDDKSEYRDOIHXUDNH&amp;fileType=view" xmlUrl="https://files.transkribus.eu/Get?id=PVXFQUDYEBXRLWAKSVTOQXIV" imageId="6190618"/>
    </Metadata>
    <Page imageFilename="223986_0175.jpeg" imageWidth="3436" imageHeight="4320">
        <ReadingOrder>
            <OrderedGroup id="ro_1711447827916" caption="Regions reading order">
                <RegionRefIndexed index="0" regionRef="r1"/>
            </OrderedGroup>
        </ReadingOrder>
        <TextRegion orientation="0.0" id="r1" custom="readingOrder {index:0;}">
            <Coords points="156,178 156,3497 3255,3497 3255,178"/>
            <TextLine id="r1l1" custom="readingOrder {index:0;}">
                <Coords points="1414,202 1510,223 1590,224 1629,206 1679,238 1744,239 1791,213 1898,211 1899,161 1715,142 1641,175 1603,171 1565,139 1465,149 1415,136"/>
                <Baseline points="1432,205 1458,205 1484,205 1510,205 1536,206 1563,207 1589,208 1615,209 1641,210 1668,211 1694,212 1720,212 1746,213 1773,213 1799,213 1825,212 1851,211 1878,209"/>
                <TextEquiv>
                    <Unicode>box 16/3</Unicode>
                </TextEquiv>
            </TextLine>
            <TextLine id="r1l2" custom="readingOrder {index:1;}">
                <Coords points="215,211 1152,262 1414,216 1415,166 1261,175 1170,131 217,134"/>
                <Baseline points="236,198 294,204 352,209 410,212 468,216 526,219 584,222 642,224 700,225 758,227 816,227 874,228 932,228 990,228 1048,227 1106,227 1164,226 1222,225 1280,225 1338,224 1397,223"/>
                <TextEquiv>
                    <Unicode>10. Das Vernaechinis</Unicode>
                </TextEquiv>
            </TextLine>
            <TextLine id="r1l3" custom="readingOrder {index:2;}">
                <Coords points="160,1041 3107,1039 3268,958 160,983"/>
                <Baseline points="177,1028 330,1026 484,1024 637,1023 791,1022 945,1021 1098,1020 1252,1020 1406,1020 1559,1020 1713,1020 1867,1020 2020,1020 2174,1020 2328,1020 2481,1020 2635,1020 2789,1019 2942,1019 3096,1018 3250,1017"/>
                <TextEquiv>
                    <Unicode>ptstapelplatz fürzarte Kindchen Franz auch das Zeitliche segnet, die Weisen, den Text und die Herren Verfasser! Interesse an den scenischen Vorgängen sichtlich</Unicode>
                </TextEquiv>
            </TextLine>
            <TextLine id="r1l4" custom="readingOrder {index:3;}">
                <Coords points="2322,1087 3110,1057 3264,1079 3263,1002 3071,1030 2322,1026"/>
                <Baseline points="2341,1072 2386,1071 2431,1070 2476,1069 2521,1069 2567,1068 2612,1068 2657,1068 2702,1067 2747,1067 2793,1067 2838,1067 2883,1067 2928,1067 2973,1067 3019,1067 3064,1067 3109,1067 3154,1066 3199,1066 3245,1065"/>
                <TextEquiv>
                    <Unicode>steigert. Herr Schnitzler hat' in seinem Stucke</Unicode>
                </TextEquiv>
            </TextLine>
            <TextLine id="r1l5" custom="readingOrder {index:4;}">
                <Coords points="1416,1075 2300,1080 2346,1072 2347,1022 1417,1029"/>
                <Baseline points="1434,1067 1478,1067 1523,1068 1568,1068 1612,1068 1657,1069 1702,1069 1746,1069 1791,1070 1836,1070 1881,1071 1925,1071 1970,1071 2015,1071 2059,1072 2104,1072 2149,1071 2193,1071 2238,1071 2283,1071 2328,1070"/>
                <TextEquiv>
                    <Unicode>nachgrade schon auswendig, so daß die ganze bis</Unicode>
                </TextEquiv>
            </TextLine>
            <TextLine id="r1l6" custom="readingOrder {index:5;}">
                <Coords points="189,1082 1211,1090 1426,1080 1425,1026 188,1043"/>
                <Baseline points="208,1075 267,1075 327,1075 387,1075 447,1074 507,1074 567,1073 627,1071 687,1070 747,1069 807,1068 866,1067 926,1066 986,1065 1046,1065 1106,1064 1166,1064 1226,1065 1286,1065 1346,1066 1406,1068"/>
                <TextEquiv>
                    <Unicode>u. Allein schon steigert sich die Schwierigkeit für Toni Weber im</Unicode>
                </TextEquiv>
            </TextLine>
            <TextLine id="r1l7" custom="readingOrder {index:6;}">
                <Coords points="2329,1117 3224,1120 3258,1108 3258,1058 2328,1075"/>
                <Baseline points="2349,1112 2393,1112 2438,1111 2482,1111 2527,1110 2571,1109 2616,1109 2660,1108 2705,1108 2749,1107 2794,1106 2838,1106 2883,1105 2927,1105 2972,1105 3016,1104 3061,1104 3105,1104 3150,1104 3194,1104 3239,1105"/>
                <TextEquiv>
                    <Unicode>gewisse Seiten des in vielen gesellschaftlichen</Unicode>
                </TextEquiv>
            </TextLine>
            <TextLine id="r1l8" custom="readingOrder {index:7;}">
                <Coords points="502,1117 1428,1122 1428,1076 1347,1065 502,1075"/>
                <Baseline points="521,1114 565,1114 609,1113 654,1112 698,1112 743,1111 787,1111 831,1111 876,1111 920,1111 965,1111 1009,1111 1053,1111 1098,1111 1142,1111 1187,1111 1231,1111 1275,1111 1320,1111 1364,1111 1409,1111"/>
                <TextEquiv>
                    <Unicode>Hause Losattis bis zur Unleidlichkeit. Tas arme</Unicode>
                </TextEquiv>
            </TextLine>
            <TextLine id="r1l9" custom="readingOrder {index:8;}">
                <Coords points="1411,1119 2333,1114 2333,1072 2226,1063 1411,1070"/>
                <Baseline points="1431,1111 1475,1110 1519,1110 1563,1109 1607,1109 1651,1109 1695,1110 1740,1110 1784,1111 1828,1111 1872,1112 1916,1113 1960,1113 2004,1114 2049,1114 2093,1114 2137,1114 2181,1114 2225,1114 2269,1113 2314,1112"/>
                <TextEquiv>
                    <Unicode>ins Kleinste ausgeführte Seelenmalerei schon be¬</Unicode>
                </TextEquiv>
            </TextLine>
            <TextLine id="r1l10" custom="readingOrder {index:9;}">
                <Coords points="151,1129 205,1128 232,1112 263,1128 312,1104 343,1131 416,1115 470,1126 520,1106 520,1064 485,1080 443,1069 362,1081 151,1071"/>
                <Baseline points="171,1115 196,1117 221,1117 247,1118 272,1118 297,1118 323,1118 348,1117 374,1117 399,1116 424,1115 450,1115 475,1115 501,1115"/>
                <TextEquiv>
                    <Unicode>ndis. Der Be¬</Unicode>
                </TextEquiv>
            </TextLine>
            <TextLine id="r1l11" custom="readingOrder {index:10;}">
                <Coords points="2327,1163 3138,1167 3249,1147 3249,1105 2327,1117"/>
                <Baseline points="2345,1154 2389,1153 2433,1152 2477,1151 2522,1151 2566,1150 2610,1150 2655,1150 2699,1149 2743,1149 2788,1149 2832,1149 2876,1149 2920,1149 2965,1149 3009,1149 3053,1149 3098,1148 3142,1148 3186,1148 3231,1147"/>
                <TextEquiv>
                    <Unicode>Kreisen unserer Zeit weit verbreieten Empfin¬</Unicode>
                </TextEquiv>
            </TextLine>
            <TextLine id="r1l12" custom="readingOrder {index:11;}">
                <Coords points="501,1164 1423,1166 1423,1120 1393,1116 501,1117"/>
                <Baseline points="519,1156 563,1156 607,1156 651,1155 696,1155 740,1155 784,1155 828,1155 873,1154 917,1154 961,1154 1005,1154 1050,1154 1094,1154 1138,1154 1182,1154 1227,1154 1271,1154 1315,1155 1359,1155 1404,1156"/>
                <TextEquiv>
                    <Unicode>Weib soll, namentlich auf das Betreiben jenes</Unicode>
                </TextEquiv>
            </TextLine>
            <TextLine id="r1l13" custom="readingOrder {index:12;}">
                <Coords points="1413,1162 2132,1151 2247,1174 2335,1162 2335,1113 1413,1119"/>
                <Baseline points="1433,1153 1477,1154 1521,1154 1565,1154 1609,1155 1654,1155 1698,1156 1742,1156 1786,1156 1830,1156 1875,1156 1919,1156 1963,1156 2007,1156 2051,1156 2096,1156 2140,1156 2184,1155 2228,1155 2272,1154 2317,1153"/>
                <TextEquiv>
                    <Unicode>denklich langweilig zu werden beeinnt. Geläugnet</Unicode>
                </TextEquiv>
            </TextLine>
            <TextLine id="r1l14" custom="readingOrder {index:13;}">
                <Coords points="158,1182 204,1163 243,1174 262,1162 285,1178 346,1158 377,1169 427,1169 446,1157 458,1169 504,1165 504,1122 377,1116 342,1131 315,1108 296,1108 262,1128 231,1113 204,1128 158,1129"/>
                <Baseline points="176,1156 201,1157 227,1158 252,1158 278,1158 303,1158 329,1158 355,1158 380,1157 406,1157 431,1156 457,1155 483,1155"/>
                <TextEquiv>
                    <Unicode>Wahl. Soll er</Unicode>
                </TextEquiv>
            </TextLine>
            <TextLine id="r1l15" custom="readingOrder {index:14;}">
                <Coords points="2328,1201 2889,1188 3047,1214 3127,1190 3258,1216 3257,1131 3062,1160 2328,1155"/>
                <Baseline points="2347,1197 2391,1198 2436,1198 2480,1198 2525,1198 2569,1198 2614,1197 2658,1197 2703,1196 2747,1196 2792,1195 2836,1195 2881,1194 2925,1193 2970,1193 3014,1192 3059,1192 3103,1192 3148,1192 3192,1192 3237,1192"/>
                <TextEquiv>
                    <Unicode>dens angeschlagen, und er hat dadurch einen</Unicode>
                </TextEquiv>
            </TextLine>
            <TextLine id="r1l16" custom="readingOrder {index:15;}">
                <Coords points="500,1205 1422,1214 1422,1167 499,1159"/>
                <Baseline points="519,1201 563,1201 607,1201 651,1201 695,1201 739,1200 783,1200 827,1200 871,1200 915,1199 960,1199 1004,1199 1048,1199 1092,1199 1136,1199 1180,1198 1224,1198 1268,1199 1312,1199 1356,1199 1401,1199"/>
                <TextEquiv>
                    <Unicode>Doctors hin, aus dem Hause geschickt werden. Ein</Unicode>
                </TextEquiv>
            </TextLine>
            <TextLine id="r1l17" custom="readingOrder {index:16;}">
                <Coords points="1417,1200 2328,1200 2328,1162 2128,1150 1417,1161"/>
                <Baseline points="1436,1200 1479,1199 1523,1199 1566,1198 1610,1198 1653,1198 1697,1199 1740,1199 1784,1199 1827,1200 1871,1200 1915,1200 1958,1201 2002,1201 2045,1201 2089,1201 2132,1200 2176,1200 2219,1199 2263,1197 2307,1195"/>
                <TextEquiv>
                    <Unicode>soll indessen auch nicht werden, daß sich die Ge¬</Unicode>
                </TextEquiv>
            </TextLine>
            <TextLine id="r1l18" custom="readingOrder {index:17;}">
                <Coords points="169,1214 219,1206 323,1217 365,1205 392,1221 422,1201 442,1213 511,1209 511,1163 349,1159 322,1171 272,1156 246,1171 169,1171"/>
                <Baseline points="189,1202 214,1203 239,1203 264,1203 290,1203 315,1202 340,1202 365,1202 391,1202 416,1202 441,1202 466,1202 492,1203"/>
                <TextEquiv>
                    <Unicode>Muster, oder soll</Unicode>
                </TextEquiv>
            </TextLine>
            <TextLine id="r1l19" custom="readingOrder {index:18;}">
                <Coords points="2335,1253 3257,1253 3257,1184 2335,1203"/>
                <Baseline points="2353,1241 2397,1241 2441,1241 2485,1241 2530,1241 2574,1240 2618,1240 2663,1239 2707,1239 2751,1238 2796,1237 2840,1237 2884,1236 2928,1236 2973,1235 3017,1235 3061,1235 3106,1235 3150,1236 3194,1236 3239,1237"/>
                <TextEquiv>
                    <Unicode>starken Widerhall unter den Zuhörern hervorzu¬</Unicode>
                </TextEquiv>
            </TextLine>
            <TextLine id="r1l20" custom="readingOrder {index:19;}">
                <Coords points="500,1255 1423,1251 1422,1201 500,1205"/>
                <Baseline points="520,1246 564,1246 608,1245 652,1245 696,1245 741,1245 785,1245 829,1244 873,1244 917,1244 962,1244 1006,1244 1050,1243 1094,1243 1138,1243 1183,1243 1227,1243 1271,1243 1315,1243 1359,1243 1404,1242"/>
                <TextEquiv>
                    <Unicode>Versuch, den die Schwägerin Losatiis, eine ver¬</Unicode>
                </TextEquiv>
            </TextLine>
            <TextLine id="r1l21" custom="readingOrder {index:20;}">
                <Coords points="1414,1249 2344,1256 2344,1195 1414,1199"/>
                <Baseline points="1432,1245 1476,1244 1521,1243 1565,1243 1610,1243 1655,1243 1699,1243 1744,1243 1788,1243 1833,1243 1878,1243 1922,1243 1967,1243 2011,1244 2056,1244 2101,1244 2145,1244 2190,1243 2234,1243 2279,1243 2324,1242"/>
                <TextEquiv>
                    <Unicode>sammtkünstlerschaft des Deutschen Theaters auf</Unicode>
                </TextEquiv>
            </TextLine>
            <TextLine id="r1l22" custom="readingOrder {index:21;}">
                <Coords points="162,1255 362,1257 373,1245 415,1245 427,1256 511,1256 511,1213 423,1203 392,1214 319,1196 219,1205 161,1197"/>
                <Baseline points="182,1245 207,1246 233,1247 259,1248 285,1248 311,1248 337,1247 362,1247 388,1246 414,1245 440,1245 466,1244 492,1244"/>
                <TextEquiv>
                    <Unicode>ntscheiden? Aus</Unicode>
                </TextEquiv>
            </TextLine>
            <TextLine id="r1l23" custom="readingOrder {index:22;}">
                <Coords points="2329,1296 2947,1277 3236,1302 3266,1298 3266,1225 2328,1254"/>
                <Baseline points="2348,1285 2392,1285 2437,1284 2482,1284 2527,1284 2572,1283 2617,1283 2662,1283 2707,1282 2752,1282 2797,1281 2841,1281 2886,1280 2931,1280 2976,1280 3021,1280 3066,1280 3111,1280 3156,1280 3201,1281 3246,1281"/>
                <TextEquiv>
                    <Unicode>rufen vermocht. Wir haben es somit in diesem</Unicode>
                </TextEquiv>
            </TextLine>
            <TextLine id="r1l24" custom="readingOrder {index:23;}">
                <Coords points="496,1309 1426,1298 1426,1244 496,1247"/>
                <Baseline points="515,1289 559,1289 604,1289 648,1288 693,1288 738,1288 782,1288 827,1287 872,1287 916,1287 961,1287 1006,1287 1050,1287 1095,1286 1140,1286 1184,1286 1229,1286 1274,1286 1318,1286 1363,1287 1408,1287"/>
                <TextEquiv>
                    <Unicode>wittwete Frau Winter, macht, um Toni bei sich</Unicode>
                </TextEquiv>
            </TextLine>
            <TextLine id="r1l25" custom="readingOrder {index:24;}">
                <Coords points="1422,1294 2337,1301 2337,1247 2245,1239 1423,1248"/>
                <Baseline points="1443,1288 1486,1287 1530,1287 1574,1286 1618,1286 1662,1286 1705,1286 1749,1286 1793,1287 1837,1287 1881,1287 1924,1288 1968,1288 2012,1288 2056,1288 2100,1288 2143,1288 2187,1288 2231,1288 2275,1288 2319,1288"/>
                <TextEquiv>
                    <Unicode>diese sogenannte naturwahre Spielweise ganz</Unicode>
                </TextEquiv>
            </TextLine>
            <TextLine id="r1l26" custom="readingOrder {index:25;}">
                <Coords points="158,1312 227,1295 254,1306 276,1290 296,1301 361,1296 373,1308 392,1292 519,1305 518,1244 495,1240 430,1257 387,1238 364,1254 307,1255 256,1229 233,1253 157,1250"/>
                <Baseline points="178,1294 204,1291 231,1291 258,1289 285,1288 311,1288 338,1288 365,1287 392,1287 418,1287 445,1287 472,1287 499,1286"/>
                <TextEquiv>
                    <Unicode>reist man sich die</Unicode>
                </TextEquiv>
            </TextLine>
            <TextLine id="r1l27" custom="readingOrder {index:26;}">
                <Coords points="2335,1338 3257,1345 3257,1280 2335,1300"/>
                <Baseline points="2353,1329 2397,1329 2441,1328 2485,1328 2529,1328 2574,1327 2618,1327 2662,1326 2706,1325 2750,1325 2795,1325 2839,1324 2883,1324 2927,1324 2971,1324 3016,1324 3060,1325 3104,1325 3148,1325 3192,1326 3237,1327"/>
                <TextEquiv>
                    <Unicode>„Vermächtniß“ mit einem Bühnenstücke zu thun,</Unicode>
                </TextEquiv>
            </TextLine>
            <TextLine id="r1l28" custom="readingOrder {index:27;}">
                <Coords points="1415,1344 2342,1337 2342,1275 1416,1294"/>
                <Baseline points="1434,1327 1478,1326 1523,1327 1567,1327 1612,1327 1656,1327 1701,1328 1745,1329 1790,1329 1834,1330 1879,1330 1923,1331 1968,1331 2012,1331 2057,1331 2101,1331 2146,1331 2190,1330 2235,1330 2279,1329 2324,1327"/>
                <TextEquiv>
                    <Unicode>meisterlich versteht, wenngleich es den verehrlichen</Unicode>
                </TextEquiv>
            </TextLine>
            <TextLine id="r1l29" custom="readingOrder {index:28;}">
                <Coords points="503,1340 1310,1349 1336,1322 1421,1342 1421,1292 503,1301"/>
                <Baseline points="520,1334 564,1333 608,1332 652,1331 696,1331 740,1330 784,1330 829,1330 873,1330 917,1330 961,1330 1005,1330 1049,1330 1093,1330 1138,1330 1182,1331 1226,1331 1270,1330 1314,1330 1358,1330 1403,1329"/>
                <TextEquiv>
                    <Unicode>aufzunehmen, scheitert an dem Widerstande der</Unicode>
                </TextEquiv>
            </TextLine>
            <TextLine id="r1l30" custom="readingOrder {index:29;}">
                <Coords points="152,1345 244,1344 260,1333 275,1348 494,1348 521,1344 521,1294 390,1294 367,1306 244,1287 190,1306 152,1299"/>
                <Baseline points="173,1336 198,1335 223,1335 248,1334 273,1335 299,1335 324,1336 349,1336 374,1336 400,1336 425,1336 450,1335 475,1334 501,1332"/>
                <TextEquiv>
                    <Unicode>und folgt Herrn</Unicode>
                </TextEquiv>
            </TextLine>
            <TextLine id="r1l31" custom="readingOrder {index:30;}">
                <Coords points="2330,1374 3268,1390 3267,1324 2330,1328"/>
                <Baseline points="2349,1372 2393,1373 2438,1372 2483,1372 2528,1372 2573,1372 2618,1371 2663,1371 2708,1370 2753,1370 2798,1369 2842,1368 2887,1368 2932,1367 2977,1366 3022,1366 3067,1365 3112,1364 3157,1364 3202,1363 3247,1363"/>
                <TextEquiv>
                    <Unicode>dessen scenischer Aufbau, dessen scenische Entwick¬</Unicode>
                </TextEquiv>
            </TextLine>
            <TextLine id="r1l32" custom="readingOrder {index:31;}">
                <Coords points="498,1386 1401,1381 1428,1331 498,1348"/>
                <Baseline points="517,1377 561,1376 606,1375 650,1374 695,1374 740,1373 784,1373 829,1373 873,1373 918,1373 963,1374 1007,1374 1052,1374 1096,1374 1141,1374 1186,1374 1230,1374 1275,1374 1319,1373 1364,1373 1409,1372"/>
                <TextEquiv>
                    <Unicode>Tochter eben dieser Wittwe. Im dritten Acte</Unicode>
                </TextEquiv>
            </TextLine>
            <TextLine id="r1l33" custom="readingOrder {index:32;}">
                <Coords points="1424,1381 2265,1387 2338,1379 2338,1329 1424,1332"/>
                <Baseline points="1442,1374 1485,1374 1529,1374 1573,1374 1617,1374 1661,1374 1705,1374 1749,1374 1793,1375 1837,1375 1881,1375 1924,1375 1968,1375 2012,1375 2056,1375 2100,1375 2144,1375 2188,1375 2232,1375 2276,1375 2320,1374"/>
                <TextEquiv>
                    <Unicode>Herrschaften nicht schaden könnte, wenn sie mit</Unicode>
                </TextEquiv>
            </TextLine>
            <TextLine id="r1l34" custom="readingOrder {index:33;}">
                <Coords points="165,1382 211,1394 222,1382 326,1393 338,1385 357,1401 387,1377 438,1389 503,1385 503,1338 276,1347 264,1336 164,1336"/>
                <Baseline points="183,1379 208,1379 233,1377 258,1377 283,1377 308,1377 334,1377 359,1377 384,1377 409,1377 434,1377 459,1377 485,1376"/>
                <TextEquiv>
                    <Unicode>ichter des famosen</Unicode>
                </TextEquiv>
            </TextLine>
            <TextLine id="r1l35" custom="readingOrder {index:34;}">
                <Coords points="2334,1422 3260,1420 3260,1381 3179,1366 2334,1376"/>
                <Baseline points="2354,1419 2398,1418 2442,1417 2486,1416 2531,1416 2575,1415 2619,1415 2664,1415 2708,1414 2752,1414 2797,1414 2841,1414 2885,1414 2929,1414 2974,1413 3018,1413 3062,1413 3107,1413 3151,1412 3195,1412 3240,1411"/>
                <TextEquiv>
                    <Unicode>lung kaum eine Spannung hervorbringt, dessen</Unicode>
                </TextEquiv>
            </TextLine>
            <TextLine id="r1l36" custom="readingOrder {index:35;}">
                <Coords points="1414,1426 2309,1432 2340,1420 2340,1374 1414,1380"/>
                <Baseline points="1433,1417 1477,1417 1521,1417 1566,1417 1610,1417 1655,1417 1699,1417 1743,1418 1788,1418 1832,1418 1877,1418 1921,1418 1965,1418 2010,1418 2054,1418 2099,1417 2143,1417 2187,1416 2232,1415 2276,1414 2321,1412"/>
                <TextEquiv>
                    <Unicode>der Verwendung der Pausen beim Sprechen er¬</Unicode>
                </TextEquiv>
            </TextLine>
            <TextLine id="r1l37" custom="readingOrder {index:36;}">
                <Coords points="499,1419 1341,1434 1429,1426 1429,1372 499,1388"/>
                <Baseline points="518,1424 562,1422 607,1421 651,1420 696,1419 740,1418 785,1418 829,1418 874,1418 918,1418 963,1418 1008,1418 1052,1418 1097,1418 1141,1418 1186,1418 1230,1418 1275,1417 1319,1417 1364,1416 1409,1415"/>
                <TextEquiv>
                    <Unicode>geht Toni ins Wasser, der Dr. Schmidt aber erhält</Unicode>
                </TextEquiv>
            </TextLine>
            <TextLine id="r1l38" custom="readingOrder {index:37;}">
                <Coords points="165,1437 308,1436 335,1451 365,1423 519,1426 517,1376 464,1386 383,1380 353,1397 337,1385 326,1394 225,1381 206,1393 164,1383"/>
                <Baseline points="183,1422 209,1424 235,1425 262,1425 288,1424 314,1424 341,1422 367,1421 393,1419 420,1418 446,1417 472,1417 499,1418"/>
                <TextEquiv>
                    <Unicode>Liebelei“. Dieser</Unicode>
                </TextEquiv>
            </TextLine>
            <TextLine id="r1l39" custom="readingOrder {index:38;}">
                <Coords points="2330,1477 3256,1466 3255,1416 2329,1419"/>
                <Baseline points="2347,1462 2391,1462 2436,1462 2480,1462 2525,1461 2569,1461 2614,1460 2658,1460 2703,1459 2747,1459 2792,1458 2836,1458 2881,1457 2925,1456 2970,1456 3014,1455 3059,1455 3103,1454 3148,1454 3192,1454 3237,1454"/>
                <TextEquiv>
                    <Unicode>Personen jedoch, um ihrer selbst willen, ein nicht</Unicode>
                </TextEquiv>
            </TextLine>
            <TextLine id="r1l40" custom="readingOrder {index:39;}">
                <Coords points="1424,1466 2331,1464 2330,1426 2284,1422 1423,1424"/>
                <Baseline points="1442,1462 1485,1462 1528,1462 1572,1462 1615,1462 1659,1462 1702,1462 1746,1462 1789,1462 1833,1462 1876,1462 1919,1462 1963,1462 2006,1461 2050,1461 2093,1460 2137,1459 2180,1458 2224,1457 2267,1456 2311,1455"/>
                <TextEquiv>
                    <Unicode>heblich sparsamer umgingen. Mit diesen Sprech¬</Unicode>
                </TextEquiv>
            </TextLine>
            <TextLine id="r1l41" custom="readingOrder {index:40;}">
                <Coords points="501,1466 1396,1475 1423,1425 500,1428"/>
                <Baseline points="519,1463 563,1463 607,1463 651,1462 695,1462 740,1463 784,1463 828,1463 872,1463 916,1463 961,1463 1005,1463 1049,1463 1093,1463 1137,1463 1182,1462 1226,1462 1270,1461 1314,1460 1358,1459 1403,1458"/>
                <TextEquiv>
                    <Unicode>durch die über sein Benehmen gegenuber der</Unicode>
                </TextEquiv>
            </TextLine>
            <TextLine id="r1l42" custom="readingOrder {index:41;}">
                <Coords points="153,1466 207,1473 222,1461 241,1480 268,1472 299,1487 322,1467 510,1472 509,1422 479,1415 432,1419 409,1408 337,1436 244,1418 152,1423"/>
                <Baseline points="171,1466 197,1466 224,1466 250,1465 277,1465 303,1464 330,1463 357,1463 383,1462 410,1462 436,1462 463,1462 490,1464"/>
                <TextEquiv>
                    <Unicode>Wie ganz besondere</Unicode>
                </TextEquiv>
            </TextLine>
            <TextLine id="r1l43" custom="readingOrder {index:42;}">
                <Coords points="2331,1517 2896,1491 3165,1519 3261,1491 3260,1449 3061,1439 2873,1469 2331,1467"/>
                <Baseline points="2349,1506 2393,1506 2438,1505 2483,1505 2527,1504 2572,1504 2617,1503 2661,1502 2706,1502 2751,1501 2796,1500 2840,1500 2885,1499 2930,1499 2974,1498 3019,1498 3064,1497 3108,1497 3153,1497 3198,1497 3243,1497"/>
                <TextEquiv>
                    <Unicode>geringes Interesse erregen. Herr Schnitzler</Unicode>
                </TextEquiv>
            </TextLine>
            <TextLine id="r1l44" custom="readingOrder {index:43;}">
                <Coords points="1424,1515 2331,1518 2331,1461 1424,1465"/>
                <Baseline points="1443,1504 1486,1504 1530,1503 1573,1503 1617,1503 1660,1503 1704,1503 1747,1503 1791,1504 1834,1504 1878,1505 1921,1505 1965,1505 2008,1506 2052,1506 2095,1506 2139,1506 2182,1506 2226,1505 2269,1505 2313,1504"/>
                <TextEquiv>
                    <Unicode>pausen auf der Buhne verhält es sich genau so,</Unicode>
                </TextEquiv>
            </TextLine>
            <TextLine id="r1l45" custom="readingOrder {index:44;}">
                <Coords points="506,1514 1425,1519 1425,1465 506,1476"/>
                <Baseline points="527,1506 573,1506 619,1505 665,1505 712,1505 758,1505 804,1505 850,1505 897,1505 943,1505 989,1505 1035,1505 1082,1505 1128,1505 1174,1505 1220,1505 1267,1506 1313,1506 1359,1506 1406,1506"/>
                <TextEquiv>
                    <Unicode>armen Tomi auf das Aeußerste empörte Franziska,</Unicode>
                </TextEquiv>
            </TextLine>
            <TextLine id="r1l46" custom="readingOrder {index:45;}">
                <Coords points="150,1513 519,1510 518,1464 488,1456 284,1481 242,1478 223,1458 188,1466 150,1455"/>
                <Baseline points="171,1509 196,1509 221,1509 247,1509 272,1509 297,1508 323,1508 348,1508 374,1508 399,1508 424,1507 450,1507 475,1507 501,1507"/>
                <TextEquiv>
                    <Unicode>lichen Elementen</Unicode>
                </TextEquiv>
            </TextLine>
            <TextLine id="r1l47" custom="readingOrder {index:46;}">
                <Coords points="2323,1559 3164,1540 3261,1563 3260,1493 2323,1513"/>
                <Baseline points="2343,1548 2387,1548 2432,1547 2477,1547 2522,1546 2567,1545 2612,1544 2656,1544 2701,1543 2746,1543 2791,1542 2836,1541 2881,1541 2926,1541 2970,1540 3015,1540 3060,1540 3105,1541 3150,1541 3195,1542 3240,1543"/>
                <TextEquiv>
                    <Unicode>nimmt in diesem seinem neuesten Bühnenwerk den</Unicode>
                </TextEquiv>
            </TextLine>
            <TextLine id="r1l48" custom="readingOrder {index:47;}">
                <Coords points="1426,1553 2340,1558 2340,1489 1425,1507"/>
                <Baseline points="1444,1545 1487,1546 1531,1547 1575,1547 1619,1547 1663,1547 1707,1547 1751,1547 1795,1546 1839,1546 1883,1546 1926,1546 1970,1545 2014,1545 2058,1545 2102,1545 2146,1545 2190,1545 2234,1545 2278,1545 2322,1546"/>
                <TextEquiv>
                    <Unicode>wie mit den Gedankenstrichen beim =Schreiben.</Unicode>
                </TextEquiv>
            </TextLine>
            <TextLine id="r1l49" custom="readingOrder {index:48;}">
                <Coords points="506,1558 1390,1561 1428,1553 1428,1488 1209,1522 506,1508"/>
                <Baseline points="525,1549 569,1548 613,1547 657,1547 701,1546 745,1546 789,1546 833,1547 877,1547 921,1548 966,1548 1010,1549 1054,1549 1098,1550 1142,1550 1186,1550 1230,1550 1274,1550 1318,1549 1362,1548 1407,1547"/>
                <TextEquiv>
                    <Unicode>die Schwester des verunglückten Hu#o, den Lauf¬</Unicode>
                </TextEquiv>
            </TextLine>
            <TextLine id="r1l50" custom="readingOrder {index:49;}">
                <Coords points="158,1557 250,1566 508,1560 508,1517 443,1521 431,1509 385,1509 331,1520 159,1519"/>
                <Baseline points="179,1550 204,1550 230,1551 256,1551 281,1552 307,1552 333,1553 358,1553 384,1553 410,1553 435,1552 461,1552 487,1551"/>
                <TextEquiv>
                    <Unicode>E bühnengemäß zu</Unicode>
                </TextEquiv>
            </TextLine>
            <TextLine id="r1l51" custom="readingOrder {index:50;}">
                <Coords points="2332,1593 2859,1582 2928,1608 3089,1584 3162,1611 3266,1583 3266,1541 2332,1547"/>
                <Baseline points="2353,1588 2397,1588 2442,1589 2487,1589 2532,1588 2576,1588 2621,1588 2666,1587 2711,1587 2755,1586 2800,1586 2845,1585 2890,1585 2934,1584 2979,1584 3024,1584 3069,1583 3113,1583 3158,1584 3203,1584 3248,1585"/>
                <TextEquiv>
                    <Unicode>Anlauf zu einem Satiriker. Es ist ihm blutiger</Unicode>
                </TextEquiv>
            </TextLine>
            <TextLine id="r1l52" custom="readingOrder {index:51;}">
                <Coords points="1423,1597 2072,1614 2103,1587 2176,1618 2341,1603 2341,1533 1423,1551"/>
                <Baseline points="1442,1590 1488,1590 1534,1590 1580,1591 1627,1591 1673,1592 1719,1592 1765,1593 1812,1593 1858,1594 1904,1594 1950,1594 1997,1594 2043,1594 2089,1594 2135,1593 2182,1592 2228,1592 2274,1590 2321,1589"/>
                <TextEquiv>
                    <Unicode>Mit Vorsicht und mit Discretion angewendet</Unicode>
                </TextEquiv>
            </TextLine>
            <TextLine id="r1l53" custom="readingOrder {index:52;}">
                <Coords points="506,1604 1421,1600 1420,1550 1386,1543 506,1558"/>
                <Baseline points="527,1597 570,1596 614,1596 657,1595 701,1595 745,1595 788,1595 832,1594 876,1594 919,1594 963,1594 1007,1594 1050,1594 1094,1594 1138,1593 1181,1593 1225,1593 1269,1593 1312,1593 1356,1593 1400,1592"/>
                <TextEquiv>
                    <Unicode>paß. In jedem Acte eine Leiche, im zweiten sogar</Unicode>
                </TextEquiv>
            </TextLine>
            <TextLine id="r1l54" custom="readingOrder {index:53;}">
                <Coords points="163,1608 508,1600 508,1558 466,1566 408,1555 162,1558"/>
                <Baseline points="183,1601 208,1600 234,1598 260,1598 285,1598 311,1598 337,1598 362,1598 388,1598 414,1598 439,1597 465,1596 491,1593"/>
                <TextEquiv>
                    <Unicode>genannten „süßen</Unicode>
                </TextEquiv>
            </TextLine>
            <TextLine id="r1l55" custom="readingOrder {index:54;}">
                <Coords points="2329,1645 3262,1648 3262,1587 2328,1591"/>
                <Baseline points="2347,1633 2391,1633 2436,1633 2481,1633 2526,1633 2571,1633 2616,1633 2660,1633 2705,1632 2750,1632 2795,1632 2840,1632 2885,1632 2930,1631 2974,1631 3019,1631 3064,1630 3109,1630 3154,1630 3199,1629 3244,1629"/>
                <TextEquiv>
                    <Unicode>Ernst mit seiner Behandlung eines ganz be¬</Unicode>
                </TextEquiv>
            </TextLine>
            <TextLine id="r1l56" custom="readingOrder {index:55;}">
                <Coords points="1413,1649 2339,1640 2339,1602 2259,1597 1413,1583"/>
                <Baseline points="1433,1635 1477,1634 1521,1634 1565,1634 1610,1634 1654,1634 1698,1635 1743,1635 1787,1635 1831,1636 1876,1636 1920,1637 1964,1637 2008,1637 2053,1637 2097,1637 2141,1637 2186,1637 2230,1636 2274,1635 2319,1633"/>
                <TextEquiv>
                    <Unicode>kann solch ein Gedankenstrich eine außer¬</Unicode>
                </TextEquiv>
            </TextLine>
            <TextLine id="r1l57" custom="readingOrder {index:56;}">
                <Coords points="501,1656 843,1632 1424,1651 1423,1585 1358,1578 501,1598"/>
                <Baseline points="519,1639 563,1638 607,1638 651,1637 696,1637 740,1637 784,1637 829,1637 873,1637 917,1637 962,1637 1006,1637 1050,1637 1094,1637 1139,1637 1183,1637 1227,1637 1272,1637 1316,1637 1360,1637 1405,1636"/>
                <TextEquiv>
                    <Unicode>eine Kindesleiche — und doch keine dramatisch</Unicode>
                </TextEquiv>
            </TextLine>
            <TextLine id="r1l58" custom="readingOrder {index:57;}">
                <Coords points="178,1666 263,1643 313,1654 340,1646 351,1657 366,1642 416,1653 509,1648 508,1598 270,1608 243,1600 178,1613"/>
                <Baseline points="197,1640 223,1640 250,1640 277,1640 303,1640 330,1640 357,1640 384,1640 410,1640 437,1639 464,1638 491,1636"/>
                <TextEquiv>
                    <Unicode>und die zu ihnen</Unicode>
                </TextEquiv>
            </TextLine>
            <TextLine id="r1l59" custom="readingOrder {index:58;}">
                <Coords points="2341,1683 3221,1686 3263,1667 3263,1625 2341,1637"/>
                <Baseline points="2359,1678 2403,1678 2447,1678 2491,1678 2536,1677 2580,1677 2624,1677 2669,1676 2713,1676 2757,1675 2802,1675 2846,1674 2890,1674 2934,1673 2979,1673 3023,1672 3067,1672 3112,1671 3156,1671 3200,1671 3245,1671"/>
                <TextEquiv>
                    <Unicode>stimmten socialen Stoff ebietes. Die Heldin des</Unicode>
                </TextEquiv>
            </TextLine>
            <TextLine id="r1l60" custom="readingOrder {index:59;}">
                <Coords points="1414,1691 2336,1687 2336,1638 1414,1649"/>
                <Baseline points="1431,1679 1475,1679 1519,1678 1563,1678 1607,1678 1652,1679 1696,1679 1740,1679 1784,1680 1828,1680 1873,1680 1917,1681 1961,1681 2005,1681 2049,1681 2094,1681 2138,1680 2182,1679 2226,1678 2270,1677 2315,1675"/>
                <TextEquiv>
                    <Unicode>ordentliche Wirkung hervorbringen. Allein der</Unicode>
                </TextEquiv>
            </TextLine>
            <TextLine id="r1l61" custom="readingOrder {index:60;}">
                <Coords points="511,1691 1421,1691 1421,1649 1283,1637 511,1645"/>
                <Baseline points="529,1682 572,1681 616,1681 660,1681 704,1681 747,1680 791,1680 835,1680 879,1680 922,1681 966,1681 1010,1681 1054,1681 1097,1681 1141,1681 1185,1681 1229,1681 1272,1681 1316,1681 1360,1681 1404,1680"/>
                <TextEquiv>
                    <Unicode>entwickelte, das heißt keine mit Nothwendigkeit von</Unicode>
                </TextEquiv>
            </TextLine>
            <TextLine id="r1l62" custom="readingOrder {index:61;}">
                <Coords points="180,1700 314,1683 345,1698 418,1685 487,1692 510,1688 510,1650 456,1650 425,1635 329,1652 318,1641 271,1637 180,1662"/>
                <Baseline points="201,1687 227,1685 254,1684 280,1683 307,1683 333,1683 360,1683 386,1683 413,1683 439,1682 466,1682 493,1680"/>
                <TextEquiv>
                    <Unicode>guten Häusern.</Unicode>
                </TextEquiv>
            </TextLine>
            <TextLine id="r1l63" custom="readingOrder {index:62;}">
                <Coords points="2340,1727 3270,1740 3269,1667 2339,1681"/>
                <Baseline points="2357,1719 2401,1720 2446,1720 2490,1721 2535,1721 2580,1721 2624,1720 2669,1719 2713,1719 2758,1718 2803,1717 2847,1716 2892,1715 2936,1714 2981,1714 3026,1713 3070,1713 3115,1713 3159,1713 3204,1714 3249,1715"/>
                <TextEquiv>
                    <Unicode>Stücks, die Geliebte des verunglückten Professor¬</Unicode>
                </TextEquiv>
            </TextLine>
            <TextLine id="r1l64" custom="readingOrder {index:63;}">
                <Coords points="1415,1724 2337,1734 2337,1684 2245,1676 1415,1682"/>
                <Baseline points="1433,1722 1477,1721 1521,1722 1565,1722 1609,1722 1654,1722 1698,1723 1742,1723 1786,1724 1830,1724 1875,1724 1919,1725 1963,1725 2007,1725 2051,1725 2096,1725 2140,1724 2184,1724 2228,1723 2272,1721 2317,1720"/>
                <TextEquiv>
                    <Unicode>verschwenderische Gebrauch derartiger Kunstgriffe</Unicode>
                </TextEquiv>
            </TextLine>
            <TextLine id="r1l65" custom="readingOrder {index:64;}">
                <Coords points="167,1740 229,1728 348,1739 509,1726 509,1692 444,1692 417,1677 275,1693 194,1678 167,1686"/>
                <Baseline points="186,1727 211,1725 236,1725 261,1724 287,1724 312,1724 337,1724 362,1724 388,1724 413,1724 438,1724 463,1724 489,1723"/>
                <TextEquiv>
                    <Unicode>der bloßen Auf¬</Unicode>
                </TextEquiv>
            </TextLine>
            <TextLine id="r1l66" custom="readingOrder {index:65;}">
                <Coords points="500,1728 1061,1727 1114,1750 1160,1719 1418,1734 1418,1680 499,1686"/>
                <Baseline points="519,1727 565,1726 611,1726 657,1726 704,1725 750,1725 796,1725 842,1725 889,1725 935,1725 981,1725 1027,1725 1074,1725 1120,1725 1166,1725 1212,1725 1259,1724 1305,1724 1351,1724 1398,1724"/>
                <TextEquiv>
                    <Unicode>innen heraus entwickelte Handlung. War es denn</Unicode>
                </TextEquiv>
            </TextLine>
            <TextLine id="r1l67" custom="readingOrder {index:66;}">
                <Coords points="2327,1776 3211,1775 3260,1759 3260,1721 2326,1718"/>
                <Baseline points="2347,1766 2391,1766 2436,1766 2480,1766 2525,1765 2570,1765 2614,1764 2659,1763 2704,1763 2748,1762 2793,1761 2838,1761 2882,1760 2927,1760 2972,1759 3016,1759 3061,1759 3106,1759 3150,1759 3195,1760 3240,1760"/>
                <TextEquiv>
                    <Unicode>sohnes, betrachtet sich gar nicht als die Schuldige</Unicode>
                </TextEquiv>
            </TextLine>
            <TextLine id="r1l68" custom="readingOrder {index:67;}">
                <Coords points="501,1783 1415,1777 1415,1727 500,1737"/>
                <Baseline points="520,1769 563,1770 607,1771 651,1771 695,1772 739,1772 783,1771 826,1771 870,1770 914,1770 958,1769 1002,1768 1046,1768 1090,1767 1133,1767 1177,1766 1221,1766 1265,1766 1309,1766 1353,1767 1397,1768"/>
                <TextEquiv>
                    <Unicode>nothwendig, daß der vierjährige „Bubi“ an einer</Unicode>
                </TextEquiv>
            </TextLine>
            <TextLine id="r1l69" custom="readingOrder {index:68;}">
                <Coords points="1414,1784 2029,1763 2344,1786 2344,1736 2309,1728 1414,1730"/>
                <Baseline points="1433,1769 1477,1769 1522,1769 1566,1769 1611,1769 1656,1769 1700,1769 1745,1769 1789,1770 1834,1770 1879,1770 1923,1770 1968,1770 2012,1770 2057,1770 2102,1769 2146,1769 2191,1768 2235,1767 2280,1766 2325,1765"/>
                <TextEquiv>
                    <Unicode>stumpft ihre Wirkung ab und fordert gradezu</Unicode>
                </TextEquiv>
            </TextLine>
            <TextLine id="r1l70" custom="readingOrder {index:69;}">
                <Coords points="166,1777 224,1788 247,1776 339,1771 385,1782 516,1777 515,1720 427,1721 362,1737 262,1726 166,1739"/>
                <Baseline points="185,1770 211,1771 237,1771 263,1770 289,1770 315,1769 341,1769 367,1769 393,1768 419,1768 445,1768 471,1768 497,1768"/>
                <TextEquiv>
                    <Unicode>auf seinen Inhalt</Unicode>
                </TextEquiv>
            </TextLine>
            <TextLine id="r1l71" custom="readingOrder {index:70;}">
                <Coords points="2324,1815 3254,1811 3253,1776 3057,1759 2324,1784"/>
                <Baseline points="2343,1815 2387,1812 2432,1811 2476,1809 2521,1808 2566,1807 2610,1807 2655,1807 2700,1806 2744,1806 2789,1806 2834,1807 2878,1807 2923,1807 2968,1807 3012,1806 3057,1806 3102,1806 3146,1804 3191,1803 3236,1802"/>
                <TextEquiv>
                    <Unicode>gegenüber der herkömmlichen gesellschaftlichen</Unicode>
                </TextEquiv>
            </TextLine>
            <TextLine id="r1l72" custom="readingOrder {index:71;}">
                <Coords points="509,1820 1424,1817 1424,1774 1243,1760 1128,1783 509,1770"/>
                <Baseline points="528,1811 571,1812 615,1813 659,1813 703,1813 747,1813 791,1813 834,1813 878,1812 922,1812 966,1811 1010,1811 1054,1811 1098,1810 1141,1810 1185,1810 1229,1810 1273,1810 1317,1811 1361,1811 1405,1812"/>
                <TextEquiv>
                    <Unicode>unheilbaren allgemeinen Schwäche starb? An und</Unicode>
                </TextEquiv>
            </TextLine>
            <TextLine id="r1l73" custom="readingOrder {index:72;}">
                <Coords points="1425,1816 2340,1823 2340,1770 1425,1781"/>
                <Baseline points="1443,1811 1486,1812 1530,1812 1574,1812 1618,1812 1662,1813 1706,1813 1750,1813 1794,1813 1838,1813 1882,1813 1925,1813 1969,1812 2013,1812 2057,1812 2101,1811 2145,1811 2189,1810 2233,1809 2277,1808 2321,1807"/>
                <TextEquiv>
                    <Unicode>unsere Spottlust heraus. Wer in Gedankenstrichen</Unicode>
                </TextEquiv>
            </TextLine>
            <TextLine id="r1l74" custom="readingOrder {index:73;}">
                <Coords points="164,1820 391,1827 521,1818 521,1768 475,1761 448,1780 425,1773 391,1785 283,1766 164,1767"/>
                <Baseline points="185,1813 211,1813 238,1812 264,1812 291,1812 317,1811 344,1811 370,1811 397,1811 423,1811 450,1811 476,1811 503,1812"/>
                <TextEquiv>
                    <Unicode>de mit Sicherheit</Unicode>
                </TextEquiv>
            </TextLine>
            <TextLine id="r1l75" custom="readingOrder {index:74;}">
                <Coords points="2325,1845 2432,1876 2471,1841 3255,1871 3262,1797 2324,1811"/>
                <Baseline points="2345,1854 2392,1854 2439,1853 2486,1853 2534,1852 2581,1852 2628,1852 2676,1851 2723,1851 2770,1851 2818,1850 2865,1850 2912,1850 2960,1849 3007,1849 3054,1849 3102,1849 3149,1849 3196,1849 3244,1849"/>
                <TextEquiv>
                    <Unicode>Sitte. Sie erscheint nicht einen Augenblick als</Unicode>
                </TextEquiv>
            </TextLine>
            <TextLine id="r1l76" custom="readingOrder {index:75;}">
                <Coords points="1412,1854 2327,1869 2327,1819 2296,1815 1412,1812"/>
                <Baseline points="1431,1855 1474,1855 1518,1855 1562,1855 1606,1855 1650,1855 1694,1855 1738,1856 1782,1856 1826,1856 1870,1856 1913,1856 1957,1856 2001,1856 2045,1856 2089,1856 2133,1855 2177,1855 2221,1854 2265,1853 2309,1852"/>
                <TextEquiv>
                    <Unicode>herumwühlt oder in Kunstpausen sich überbietet,</Unicode>
                </TextEquiv>
            </TextLine>
            <TextLine id="r1l77" custom="readingOrder {index:76;}">
                <Coords points="500,1872 1084,1849 1234,1879 1418,1866 1418,1812 500,1814"/>
                <Baseline points="521,1858 564,1858 608,1859 652,1859 696,1858 740,1858 784,1858 827,1857 871,1857 915,1856 959,1856 1003,1855 1047,1854 1091,1854 1134,1854 1178,1854 1222,1854 1266,1854 1310,1854 1354,1855 1398,1856"/>
                <TextEquiv>
                    <Unicode>für sich nicht. Allein das arme Würmchen mußte</Unicode>
                </TextEquiv>
            </TextLine>
            <TextLine id="r1l78" custom="readingOrder {index:77;}">
                <Coords points="170,1867 274,1871 316,1856 339,1867 512,1863 512,1821 266,1825 216,1806 170,1817"/>
                <Baseline points="188,1858 213,1857 238,1857 264,1857 289,1858 315,1858 340,1858 365,1858 391,1858 416,1858 442,1858 467,1857 493,1855"/>
                <TextEquiv>
                    <Unicode>Arthur Schnitzler</Unicode>
                </TextEquiv>
            </TextLine>
            <TextLine id="r1l79" custom="readingOrder {index:78;}">
                <Coords points="2328,1904 3262,1902 3262,1848 2328,1850"/>
                <Baseline points="2348,1898 2392,1896 2437,1896 2482,1895 2527,1895 2572,1894 2616,1894 2661,1894 2706,1894 2751,1894 2796,1894 2840,1894 2885,1894 2930,1894 2975,1894 3020,1893 3064,1893 3109,1892 3154,1891 3199,1890 3244,1889"/>
                <TextEquiv>
                    <Unicode>die „Gefallene“; ihr im freien Liebesbunde er¬</Unicode>
                </TextEquiv>
            </TextLine>
            <TextLine id="r1l80" custom="readingOrder {index:79;}">
                <Coords points="1414,1906 2333,1902 2333,1860 1414,1852"/>
                <Baseline points="1433,1895 1477,1896 1521,1897 1565,1898 1609,1899 1653,1899 1697,1900 1741,1900 1785,1901 1829,1901 1874,1901 1918,1901 1962,1900 2006,1900 2050,1900 2094,1899 2138,1899 2182,1898 2226,1897 2270,1896 2315,1895"/>
                <TextEquiv>
                    <Unicode>der bezeugt nur Eines, daß er wirklich keine Ge¬</Unicode>
                </TextEquiv>
            </TextLine>
            <TextLine id="r1l81" custom="readingOrder {index:80;}">
                <Coords points="497,1902 1396,1909 1427,1905 1427,1859 497,1871"/>
                <Baseline points="517,1903 561,1902 606,1902 650,1901 695,1901 739,1900 784,1900 828,1900 873,1900 917,1900 962,1900 1007,1900 1051,1900 1096,1900 1140,1900 1185,1901 1229,1901 1274,1901 1318,1901 1363,1901 1408,1901"/>
                <TextEquiv>
                    <Unicode>zu Grunde gehen, weil Herr Schnitzler auf diese</Unicode>
                </TextEquiv>
            </TextLine>
            <TextLine id="r1l82" custom="readingOrder {index:81;}">
                <Coords points="156,1905 275,1907 295,1919 318,1907 506,1901 506,1870 306,1857 260,1873 229,1854 186,1858 156,1847"/>
                <Baseline points="176,1900 201,1901 227,1901 253,1901 279,1901 304,1901 330,1901 356,1901 382,1901 407,1900 433,1899 459,1898 485,1897"/>
                <TextEquiv>
                    <Unicode>emindeste Ueber¬</Unicode>
                </TextEquiv>
            </TextLine>
            <TextLine id="r1l83" custom="readingOrder {index:82;}">
                <Coords points="2332,1946 3262,1949 3262,1903 3231,1891 2332,1904"/>
                <Baseline points="2352,1942 2396,1942 2441,1941 2485,1940 2530,1940 2574,1940 2619,1939 2663,1939 2708,1939 2752,1938 2797,1938 2842,1938 2886,1938 2931,1938 2975,1937 3020,1937 3064,1937 3109,1937 3153,1937 3198,1937 3243,1937"/>
                <TextEquiv>
                    <Unicode>zeugtes Kind gilt von voruherein gar nicht als mit</Unicode>
                </TextEquiv>
            </TextLine>
            <TextLine id="r1l84" custom="readingOrder {index:83;}">
                <Coords points="499,1947 2336,1948 2336,1901 2140,1883 499,1901"/>
                <Baseline points="520,1945 609,1945 699,1944 789,1944 879,1943 969,1943 1059,1943 1149,1942 1239,1942 1329,1942 1419,1942 1508,1941 1598,1941 1688,1941 1778,1941 1868,1941 1958,1941 2048,1941 2138,1942 2228,1942 2318,1942"/>
                <TextEquiv>
                    <Unicode>Weise Gelegenheit fand, die Erhärmlichkeit danken und keine Empfindun en hat. Es wäre</Unicode>
                </TextEquiv>
            </TextLine>
            <TextLine id="r1l85" custom="readingOrder {index:84;}">
                <Coords points="161,1954 211,1953 223,1964 246,1949 388,1955 407,1943 430,1954 515,1941 514,1899 357,1913 161,1908"/>
                <Baseline points="181,1946 207,1945 233,1945 259,1944 285,1944 311,1943 338,1943 364,1943 390,1942 416,1942 442,1942 468,1942 495,1941"/>
                <TextEquiv>
                    <Unicode>halver einen Blick</Unicode>
                </TextEquiv>
            </TextLine>
            <TextLine id="r1l86" custom="readingOrder {index:85;}">
                <Coords points="2333,1991 3255,1991 3255,1934 2333,1941"/>
                <Baseline points="2351,1981 2395,1982 2439,1983 2483,1983 2528,1984 2572,1984 2616,1984 2661,1984 2705,1984 2749,1983 2794,1983 2838,1982 2882,1982 2926,1981 2971,1980 3015,1979 3059,1979 3104,1978 3148,1977 3192,1977 3237,1976"/>
                <TextEquiv>
                    <Unicode>dem Stigma der „unehelichen“ Geburt behaftet.</Unicode>
                </TextEquiv>
            </TextLine>
            <TextLine id="r1l87" custom="readingOrder {index:86;}">
                <Coords points="508,2005 2310,1997 2340,1943 507,1947"/>
                <Baseline points="528,1991 617,1989 707,1988 797,1987 886,1987 976,1986 1066,1986 1155,1985 1245,1985 1335,1985 1425,1985 1514,1985 1604,1985 1694,1985 1783,1985 1873,1985 1963,1985 2052,1985 2142,1985 2232,1985 2322,1985"/>
                <TextEquiv>
                    <Unicode>der Gesinnung eines durchaus hoblen und denn, man käme dahin, in der erzwungenen Wort¬</Unicode>
                </TextEquiv>
            </TextLine>
            <TextLine id="r1l88" custom="readingOrder {index:87;}">
                <Coords points="152,1997 213,2000 225,1988 302,2003 317,1991 359,2002 471,1997 509,1989 509,1947 263,1942 228,1961 151,1947"/>
                <Baseline points="169,1992 195,1990 222,1990 249,1989 275,1989 302,1989 329,1989 355,1989 382,1989 409,1989 435,1988 462,1987 489,1986"/>
                <TextEquiv>
                    <Unicode>mneuesten Stück</Unicode>
                </TextEquiv>
            </TextLine>
            <TextLine id="r1l89" custom="readingOrder {index:88;}">
                <Coords points="2327,2032 3261,2022 3260,1972 2327,1986"/>
                <Baseline points="2345,2028 2389,2028 2434,2028 2479,2028 2524,2028 2569,2027 2614,2027 2659,2027 2704,2027 2749,2027 2794,2027 2838,2026 2883,2026 2928,2026 2973,2025 3018,2025 3063,2024 3108,2024 3153,2023 3198,2022 3243,2021"/>
                <TextEquiv>
                    <Unicode>Es ist als selbstverständlich „legimitirt“ in die</Unicode>
                </TextEquiv>
            </TextLine>
            <TextLine id="r1l90" custom="readingOrder {index:89;}">
                <Coords points="1414,2041 2275,2057 2336,2038 2337,1988 1414,1983"/>
                <Baseline points="1433,2026 1477,2027 1521,2027 1565,2028 1609,2028 1653,2029 1697,2029 1742,2030 1786,2030 1830,2031 1874,2031 1918,2031 1962,2031 2006,2032 2051,2032 2095,2032 2139,2032 2183,2031 2227,2031 2271,2031 2316,2030"/>
                <TextEquiv>
                    <Unicode>losigkeit den eigentlichen kunstlerischen Empfindungs¬</Unicode>
                </TextEquiv>
            </TextLine>
            <TextLine id="r1l91" custom="readingOrder {index:90;}">
                <Coords points="153,2040 226,2040 246,2055 303,2035 369,2051 399,2039 515,2039 514,1989 391,1989 380,2001 303,2001 280,1986 153,1990"/>
                <Baseline points="171,2032 196,2032 221,2032 246,2032 271,2032 296,2032 321,2032 346,2032 371,2032 396,2032 421,2031 446,2031 471,2031 497,2031"/>
                <TextEquiv>
                    <Unicode>inigen Tagen auf</Unicode>
                </TextEquiv>
            </TextLine>
            <TextLine id="r1l92" custom="readingOrder {index:91;}">
                <Coords points="512,2044 1431,2025 1430,1990 1311,1984 512,2002"/>
                <Baseline points="530,2035 574,2034 618,2034 662,2034 706,2034 750,2034 794,2033 838,2033 882,2033 926,2032 970,2032 1014,2031 1058,2031 1102,2030 1146,2030 1190,2030 1234,2029 1278,2029 1322,2029 1366,2028 1411,2028"/>
                <TextEquiv>
                    <Unicode>albernen Professors und eines schurkischen Arztes</Unicode>
                </TextEquiv>
            </TextLine>
            <TextLine id="r1l93" custom="readingOrder {index:92;}">
                <Coords points="2325,2076 3190,2080 3270,2067 3270,2002 3070,2039 2325,2034"/>
                <Baseline points="2345,2075 2390,2075 2435,2074 2480,2073 2526,2073 2571,2072 2616,2071 2662,2071 2707,2070 2752,2070 2798,2069 2843,2069 2888,2069 2933,2068 2979,2068 3024,2068 3069,2068 3115,2067 3160,2067 3205,2067 3251,2067"/>
                <TextEquiv>
                    <Unicode>Familie des Professors ausgenommen, und die</Unicode>
                </TextEquiv>
            </TextLine>
            <TextLine id="r1l94" custom="readingOrder {index:93;}">
                <Coords points="1412,2084 1712,2076 1731,2092 1766,2073 1816,2093 1939,2071 1939,2045 1812,2031 1413,2034"/>
                <Baseline points="1433,2070 1458,2069 1484,2069 1509,2069 1535,2070 1560,2070 1586,2070 1611,2071 1637,2071 1662,2071 1688,2072 1713,2072 1739,2073 1764,2073 1790,2074 1815,2074 1841,2074 1866,2074 1892,2073 1918,2073"/>
                <TextEquiv>
                    <Unicode>ausdruck gelten zu lassen.</Unicode>
                </TextEquiv>
            </TextLine>
            <TextLine id="r1l95" custom="readingOrder {index:94;}">
                <Coords points="508,2090 926,2072 969,2098 1011,2071 1326,2096 1414,2087 1414,2037 507,2037"/>
                <Baseline points="526,2078 569,2078 613,2078 656,2078 700,2077 743,2077 787,2077 830,2077 874,2076 917,2076 961,2076 1004,2075 1048,2075 1091,2075 1135,2074 1178,2074 1222,2073 1265,2073 1309,2073 1352,2072 1396,2072"/>
                <TextEquiv>
                    <Unicode>uns zu demonstriren. Ist das aber in Wahrheit</Unicode>
                </TextEquiv>
            </TextLine>
            <TextLine id="r1l96" custom="readingOrder {index:95;}">
                <Coords points="158,2083 242,2076 354,2088 392,2073 415,2088 427,2077 507,2088 507,2042 400,2038 369,2049 338,2038 254,2045 239,2030 158,2033"/>
                <Baseline points="176,2077 202,2076 228,2076 254,2076 280,2076 306,2077 333,2077 359,2077 385,2077 411,2077 437,2077 463,2077 490,2077"/>
                <TextEquiv>
                    <Unicode>rt wurde, dann</Unicode>
                </TextEquiv>
            </TextLine>
            <TextLine id="r1l97" custom="readingOrder {index:96;}">
                <Coords points="2330,2119 3259,2121 3259,2067 2329,2073"/>
                <Baseline points="2349,2117 2393,2116 2438,2116 2482,2115 2527,2115 2572,2114 2616,2114 2661,2114 2705,2114 2750,2114 2795,2114 2839,2114 2884,2114 2928,2114 2973,2113 3018,2113 3062,2113 3107,2112 3151,2111 3196,2110 3241,2109"/>
                <TextEquiv>
                    <Unicode>Mutter dieses überzarten Geschöpfchens spricht es</Unicode>
                </TextEquiv>
            </TextLine>
            <TextLine id="r1l98" custom="readingOrder {index:97;}">
                <Coords points="1463,2116 2331,2127 2331,2069 2220,2050 1997,2072 1943,2052 1809,2086 1463,2073"/>
                <Baseline points="1482,2111 1523,2113 1565,2115 1606,2115 1648,2117 1689,2117 1731,2118 1772,2119 1814,2119 1855,2119 1897,2119 1938,2119 1980,2119 2021,2119 2063,2119 2104,2118 2146,2118 2187,2118 2229,2117 2270,2117 2312,2117"/>
                <TextEquiv>
                    <Unicode>Aber es läßt sich anderseits nicht in Abrede</Unicode>
                </TextEquiv>
            </TextLine>
            <TextLine id="r1l99" custom="readingOrder {index:98;}">
                <Coords points="512,2126 1423,2128 1422,2074 1319,2067 512,2084"/>
                <Baseline points="530,2120 573,2120 617,2120 661,2120 704,2120 748,2119 792,2119 835,2119 879,2119 923,2118 967,2118 1010,2118 1054,2118 1098,2117 1141,2117 1185,2117 1229,2116 1272,2116 1316,2116 1360,2116 1404,2115"/>
                <TextEquiv>
                    <Unicode>ein verständliches Motiv für den Tod eines un¬</Unicode>
                </TextEquiv>
            </TextLine>
            <TextLine id="r1l100" custom="readingOrder {index:99;}">
                <Coords points="161,2141 184,2141 207,2121 254,2136 288,2123 373,2133 411,2121 523,2138 521,2077 160,2084"/>
                <Baseline points="181,2122 207,2122 234,2122 261,2122 288,2122 315,2121 342,2120 368,2119 395,2119 422,2118 449,2117 476,2117 503,2118"/>
                <TextEquiv>
                    <Unicode>, daß sich die Ge¬</Unicode>
                </TextEquiv>
            </TextLine>
            <TextLine id="r1l101" custom="readingOrder {index:100;}">
                <Coords points="2338,2165 3272,2176 3271,2111 2338,2122"/>
                <Baseline points="2356,2160 2400,2159 2445,2159 2490,2159 2535,2158 2579,2158 2624,2158 2669,2158 2714,2157 2758,2157 2803,2157 2848,2157 2893,2157 2937,2157 2982,2156 3027,2156 3072,2156 3116,2156 3161,2156 3206,2156 3251,2155"/>
                <TextEquiv>
                    <Unicode>denn auch ganz unumwunden aus: „was unter¬</Unicode>
                </TextEquiv>
            </TextLine>
            <TextLine id="r1l102" custom="readingOrder {index:101;}">
                <Coords points="499,2186 1422,2162 1421,2120 499,2128"/>
                <Baseline points="519,2166 563,2165 607,2165 651,2164 695,2164 740,2163 784,2163 828,2163 872,2162 916,2162 961,2162 1005,2161 1049,2161 1093,2161 1137,2160 1182,2160 1226,2160 1270,2159 1314,2158 1358,2158 1403,2157"/>
                <TextEquiv>
                    <Unicode>schuldigen Kindes? Sieht man von diesen em¬</Unicode>
                </TextEquiv>
            </TextLine>
            <TextLine id="r1l103" custom="readingOrder {index:102;}">
                <Coords points="1425,2167 2248,2160 2340,2184 2340,2122 1548,2130 1426,2098"/>
                <Baseline points="1443,2158 1486,2159 1530,2160 1574,2161 1618,2161 1662,2162 1706,2162 1749,2162 1793,2162 1837,2162 1881,2163 1925,2163 1969,2163 2013,2163 2056,2163 2100,2163 2144,2163 2188,2164 2232,2164 2276,2164 2320,2165"/>
                <TextEquiv>
                    <Unicode>stellen, daß man den scenischen Vorgängen, die,</Unicode>
                </TextEquiv>
            </TextLine>
            <TextLine id="r1l104" custom="readingOrder {index:103;}">
                <Coords points="165,2164 215,2179 257,2160 314,2176 376,2164 391,2180 414,2164 518,2176 518,2137 487,2126 322,2129 299,2114 265,2114 249,2129 207,2121 192,2137 165,2133"/>
                <Baseline points="182,2163 208,2163 234,2164 261,2164 287,2164 313,2164 340,2164 366,2164 392,2164 419,2164 445,2164 471,2164 498,2164"/>
                <TextEquiv>
                    <Unicode>ihr Kind Fronz</Unicode>
                </TextEquiv>
            </TextLine>
            <TextLine id="r1l105" custom="readingOrder {index:104;}">
                <Coords points="2334,2215 3041,2190 3191,2212 3256,2204 3256,2162 2333,2165"/>
                <Baseline points="2353,2204 2397,2204 2441,2204 2485,2204 2530,2203 2574,2203 2618,2202 2662,2201 2707,2200 2751,2200 2795,2199 2839,2199 2884,2198 2928,2198 2972,2198 3016,2197 3061,2198 3105,2198 3149,2199 3193,2200 3238,2201"/>
                <TextEquiv>
                    <Unicode>scheidet mich denn von den Andern — hätte ihm</Unicode>
                </TextEquiv>
            </TextLine>
            <TextLine id="r1l106" custom="readingOrder {index:105;}">
                <Coords points="502,2215 1424,2219 1424,2169 501,2180"/>
                <Baseline points="521,2207 565,2207 609,2207 653,2207 697,2207 742,2207 786,2207 830,2207 874,2207 918,2206 963,2206 1007,2206 1051,2206 1095,2205 1139,2205 1184,2205 1228,2205 1272,2204 1316,2204 1360,2204 1405,2203"/>
                <TextEquiv>
                    <Unicode>pfindlichen Mängeln in der Anlage des Stückes</Unicode>
                </TextEquiv>
            </TextLine>
            <TextLine id="r1l107" custom="readingOrder {index:106;}">
                <Coords points="1416,2215 2339,2219 2339,2173 2250,2161 1417,2162"/>
                <Baseline points="1437,2205 1481,2204 1525,2204 1569,2203 1613,2203 1657,2203 1701,2203 1746,2204 1790,2204 1834,2205 1878,2205 1922,2206 1966,2206 2010,2207 2055,2207 2099,2207 2143,2207 2187,2207 2231,2206 2275,2205 2320,2204"/>
                <TextEquiv>
                    <Unicode>vom bühnentechnischen Standpunkte aus betrachtet,</Unicode>
                </TextEquiv>
            </TextLine>
            <TextLine id="r1l108" custom="readingOrder {index:107;}">
                <Coords points="150,2216 511,2214 511,2168 414,2164 388,2176 368,2161 315,2177 253,2162 211,2177 184,2162 149,2166"/>
                <Baseline points="169,2207 196,2208 223,2209 250,2210 277,2210 304,2210 331,2210 358,2210 385,2209 412,2208 439,2207 466,2207 493,2205"/>
                <TextEquiv>
                    <Unicode>der Dr. jur. Hugo</Unicode>
                </TextEquiv>
            </TextLine>
            <TextLine id="r1l109" custom="readingOrder {index:108;}">
                <Coords points="2327,2261 3237,2257 3272,2250 3272,2211 2326,2204"/>
                <Baseline points="2347,2249 2392,2247 2437,2246 2482,2245 2528,2244 2573,2244 2618,2243 2664,2243 2709,2242 2754,2242 2800,2242 2845,2242 2890,2242 2935,2242 2981,2242 3026,2242 3071,2242 3117,2243 3162,2243 3207,2243 3253,2244"/>
                <TextEquiv>
                    <Unicode>eine Frau denn ein höheres Glück bereiten können</Unicode>
                </TextEquiv>
            </TextLine>
            <TextLine id="r1l110" custom="readingOrder {index:109;}">
                <Coords points="1418,2257 2309,2263 2333,2213 1418,2218"/>
                <Baseline points="1437,2252 1480,2249 1524,2247 1568,2246 1612,2245 1656,2245 1699,2245 1743,2245 1787,2246 1831,2246 1875,2247 1918,2248 1962,2248 2006,2249 2050,2250 2094,2250 2137,2250 2181,2250 2225,2249 2269,2248 2313,2246"/>
                <TextEquiv>
                    <Unicode>gar nichts Spannendes haben können, weil man</Unicode>
                </TextEquiv>
            </TextLine>
            <TextLine id="r1l111" custom="readingOrder {index:110;}">
                <Coords points="514,2257 1402,2261 1428,2257 1428,2207 514,2219"/>
                <Baseline points="532,2253 575,2252 619,2251 663,2251 707,2251 751,2250 794,2250 838,2250 882,2250 926,2250 970,2250 1013,2250 1057,2249 1101,2249 1145,2249 1189,2249 1232,2249 1276,2248 1320,2248 1364,2248 1408,2247"/>
                <TextEquiv>
                    <Unicode>und von der Dürftigkeit der dramatischen Fort¬</Unicode>
                </TextEquiv>
            </TextLine>
            <TextLine id="r1l112" custom="readingOrder {index:111;}">
                <Coords points="153,2254 307,2263 318,2275 341,2255 353,2266 483,2265 518,2249 517,2207 463,2196 425,2219 390,2208 322,2225 310,2213 237,2206 222,2218 152,2215"/>
                <Baseline points="173,2252 200,2253 227,2254 254,2255 281,2255 308,2254 335,2254 362,2253 389,2252 416,2251 443,2251 470,2250 497,2250"/>
                <TextEquiv>
                    <Unicode>Wohnung gebracht</Unicode>
                </TextEquiv>
            </TextLine>
            <TextLine id="r1l113" custom="readingOrder {index:112;}">
                <Coords points="2334,2296 2530,2276 2565,2299 3145,2286 3272,2309 3272,2248 2334,2246"/>
                <Baseline points="2355,2288 2399,2288 2444,2288 2489,2288 2534,2288 2579,2288 2623,2288 2668,2288 2713,2288 2758,2288 2803,2288 2847,2287 2892,2287 2937,2287 2982,2287 3027,2287 3071,2287 3116,2287 3161,2286 3206,2286 3251,2286"/>
                <TextEquiv>
                    <Unicode>als ich?“ Man sieht, daß es dem Dichter ganz</Unicode>
                </TextEquiv>
            </TextLine>
            <TextLine id="r1l114" custom="readingOrder {index:113;}">
                <Coords points="1412,2304 2219,2307 2342,2292 2342,2246 1412,2247"/>
                <Baseline points="1431,2294 1475,2294 1520,2292 1564,2292 1609,2291 1654,2291 1698,2291 1743,2291 1787,2291 1832,2291 1877,2291 1921,2291 1966,2291 2010,2291 2055,2292 2100,2292 2144,2292 2189,2292 2233,2292 2278,2291 2323,2291"/>
                <TextEquiv>
                    <Unicode>ja Alles mit der größten Bestimmtheit vorherzu¬</Unicode>
                </TextEquiv>
            </TextLine>
            <TextLine id="r1l115" custom="readingOrder {index:114;}">
                <Coords points="506,2303 1117,2287 1286,2309 1412,2297 1412,2251 505,2253"/>
                <Baseline points="526,2296 569,2297 612,2297 656,2297 699,2297 743,2296 786,2296 829,2296 873,2295 916,2295 960,2295 1003,2294 1046,2294 1090,2293 1133,2293 1177,2293 1220,2293 1263,2293 1307,2293 1350,2293 1394,2293"/>
                <TextEquiv>
                    <Unicode>bewegung ab, dann kann man dem Dichter die</Unicode>
                </TextEquiv>
            </TextLine>
            <TextLine id="r1l116" custom="readingOrder {index:115;}">
                <Coords points="165,2302 341,2313 445,2298 514,2313 514,2248 326,2256 299,2240 268,2240 241,2256 165,2256"/>
                <Baseline points="183,2294 209,2294 235,2294 261,2294 287,2295 313,2295 339,2295 365,2295 391,2295 417,2295 443,2295 469,2294 495,2292"/>
                <TextEquiv>
                    <Unicode>Mutter seine pre¬</Unicode>
                </TextEquiv>
            </TextLine>
            <TextLine id="r1l117" custom="readingOrder {index:116;}">
                <Coords points="2337,2336 3263,2335 3263,2293 3067,2282 2337,2290"/>
                <Baseline points="2355,2331 2399,2332 2444,2332 2488,2333 2533,2333 2577,2333 2622,2333 2666,2333 2711,2333 2755,2333 2800,2332 2844,2332 2889,2332 2933,2331 2978,2331 3022,2330 3067,2330 3111,2329 3156,2329 3200,2328 3245,2328"/>
                <TextEquiv>
                    <Unicode>verteufelt ernst ist um seine Problemsbehandlung.</Unicode>
                </TextEquiv>
            </TextLine>
            <TextLine id="r1l118" custom="readingOrder {index:117;}">
                <Coords points="1410,2339 2279,2348 2340,2336 2340,2290 1410,2304"/>
                <Baseline points="1431,2333 1475,2333 1520,2334 1564,2334 1609,2334 1653,2334 1698,2335 1742,2335 1787,2335 1831,2336 1876,2336 1920,2336 1965,2336 2009,2336 2054,2336 2098,2336 2143,2335 2187,2335 2232,2335 2276,2334 2321,2333"/>
                <TextEquiv>
                    <Unicode>ahnen vermog, dennoch mit einer gewissen inneren</Unicode>
                </TextEquiv>
            </TextLine>
            <TextLine id="r1l119" custom="readingOrder {index:118;}">
                <Coords points="504,2349 1131,2342 1169,2365 1403,2344 1430,2294 504,2303"/>
                <Baseline points="522,2338 566,2338 610,2338 655,2338 699,2337 744,2337 788,2337 832,2336 877,2336 921,2335 966,2335 1010,2335 1054,2334 1099,2334 1143,2334 1188,2334 1232,2334 1276,2334 1321,2334 1365,2335 1410,2335"/>
                <TextEquiv>
                    <Unicode>Anerkennung nicht versagen, daß die in dem Stücke</Unicode>
                </TextEquiv>
            </TextLine>
            <TextLine id="r1l120" custom="readingOrder {index:119;}">
                <Coords points="158,2352 231,2352 254,2336 346,2355 389,2344 516,2348 516,2294 254,2309 231,2286 204,2294 193,2282 158,2282"/>
                <Baseline points="177,2339 203,2338 230,2338 256,2337 283,2337 309,2337 336,2337 362,2337 389,2338 415,2338 442,2338 468,2338 495,2337"/>
                <TextEquiv>
                    <Unicode>ibst dem naibsten</Unicode>
                </TextEquiv>
            </TextLine>
            <TextLine id="r1l121" custom="readingOrder {index:120;}">
                <Coords points="2328,2384 3235,2390 3258,2333 2328,2341"/>
                <Baseline points="2347,2376 2391,2377 2436,2378 2480,2378 2525,2378 2570,2377 2614,2377 2659,2376 2703,2376 2748,2375 2793,2374 2837,2373 2882,2373 2926,2372 2971,2371 3016,2371 3060,2371 3105,2371 3149,2371 3194,2372 3239,2373"/>
                <TextEquiv>
                    <Unicode>Daß alle Betheiligten die unbedingte Richtigkeit</Unicode>
                </TextEquiv>
            </TextLine>
            <TextLine id="r1l122" custom="readingOrder {index:121;}">
                <Coords points="1412,2382 2338,2385 2338,2335 2292,2331 1412,2336"/>
                <Baseline points="1431,2375 1475,2376 1519,2376 1563,2377 1608,2377 1652,2378 1696,2378 1741,2378 1785,2379 1829,2379 1874,2379 1918,2379 1962,2379 2006,2379 2051,2379 2095,2379 2139,2379 2184,2378 2228,2378 2272,2378 2317,2378"/>
                <TextEquiv>
                    <Unicode>Antheilnahme folgt. Der Grund liegt unseres</Unicode>
                </TextEquiv>
            </TextLine>
            <TextLine id="r1l123" custom="readingOrder {index:122;}">
                <Coords points="510,2382 1425,2384 1425,2342 510,2343"/>
                <Baseline points="528,2380 571,2380 615,2380 659,2380 703,2380 747,2380 791,2380 834,2381 878,2381 922,2381 966,2381 1010,2381 1054,2381 1098,2380 1141,2380 1185,2380 1229,2380 1273,2379 1317,2379 1361,2379 1405,2378"/>
                <TextEquiv>
                    <Unicode>##iletenden Personen mit einer, man möcte</Unicode>
                </TextEquiv>
            </TextLine>
            <TextLine id="r1l124" custom="readingOrder {index:123;}">
                <Coords points="158,2392 511,2385 511,2339 449,2344 430,2328 419,2340 350,2352 261,2338 157,2350"/>
                <Baseline points="177,2385 203,2383 229,2382 255,2381 281,2381 307,2381 334,2381 360,2381 386,2381 412,2381 438,2381 464,2380 491,2379"/>
                <TextEquiv>
                    <Unicode>Zweifels und 1er</Unicode>
                </TextEquiv>
            </TextLine>
            <TextLine id="r1l125" custom="readingOrder {index:124;}">
                <Coords points="2336,2425 3185,2420 3270,2443 3270,2393 3220,2381 2336,2379"/>
                <Baseline points="2356,2415 2400,2417 2445,2418 2490,2419 2535,2419 2580,2420 2624,2420 2669,2420 2714,2419 2759,2419 2804,2419 2848,2418 2893,2418 2938,2417 2983,2417 3028,2417 3072,2417 3117,2417 3162,2417 3207,2418 3252,2419"/>
                <TextEquiv>
                    <Unicode>der Beweggründe dieser Toni Weber anerkennen,</Unicode>
                </TextEquiv>
            </TextLine>
            <TextLine id="r1l126" custom="readingOrder {index:125;}">
                <Coords points="1413,2429 2339,2437 2339,2387 2282,2379 1413,2383"/>
                <Baseline points="1432,2424 1476,2423 1520,2422 1565,2422 1609,2422 1653,2421 1698,2421 1742,2422 1786,2422 1831,2422 1875,2422 1919,2422 1964,2423 2008,2423 2052,2423 2097,2423 2141,2423 2185,2423 2230,2422 2274,2422 2319,2421"/>
                <TextEquiv>
                    <Unicode>Dafürhaltens in dem Umstande, daß von den ein¬</Unicode>
                </TextEquiv>
            </TextLine>
            <TextLine id="r1l127" custom="readingOrder {index:126;}">
                <Coords points="501,2428 1427,2427 1404,2381 501,2378"/>
                <Baseline points="521,2421 565,2423 609,2424 654,2425 698,2425 743,2426 787,2426 831,2426 876,2426 920,2425 965,2425 1009,2424 1053,2424 1098,2424 1142,2423 1187,2423 1231,2423 1275,2423 1320,2424 1364,2425 1409,2426"/>
                <TextEquiv>
                    <Unicode>### pholog, aphiichen Lebenstreue wiedergegeben</Unicode>
                </TextEquiv>
            </TextLine>
            <TextLine id="r1l128" custom="readingOrder {index:127;}">
                <Coords points="146,2425 177,2437 227,2426 246,2445 265,2430 392,2434 404,2446 419,2430 519,2439 519,2389 496,2385 408,2384 392,2396 343,2380 269,2391 193,2379 146,2391"/>
                <Baseline points="167,2428 192,2426 218,2424 243,2424 269,2424 294,2424 320,2425 345,2425 371,2426 396,2427 422,2427 447,2427 473,2426 499,2424"/>
                <TextEquiv>
                    <Unicode>Site Problem selbst</Unicode>
                </TextEquiv>
            </TextLine>
            <TextLine id="r1l129" custom="readingOrder {index:128;}">
                <Coords points="2326,2474 3191,2473 3275,2465 3275,2423 2326,2428"/>
                <Baseline points="2347,2465 2392,2465 2437,2465 2483,2464 2528,2464 2574,2464 2619,2463 2664,2463 2710,2463 2755,2462 2801,2462 2846,2462 2891,2461 2937,2461 2982,2461 3028,2461 3073,2461 3118,2461 3164,2461 3209,2461 3255,2461"/>
                <TextEquiv>
                    <Unicode>daß sie aber andersens aus ihren herkömmlichen s.</Unicode>
                </TextEquiv>
            </TextLine>
            <TextLine id="r1l130" custom="readingOrder {index:129;}">
                <Coords points="1416,2476 2238,2483 2338,2468 2339,2422 1416,2430"/>
                <Baseline points="1435,2467 1479,2466 1523,2465 1567,2464 1611,2464 1655,2464 1699,2464 1744,2465 1788,2466 1832,2466 1876,2467 1920,2467 1964,2468 2008,2469 2053,2469 2097,2469 2141,2469 2185,2468 2229,2467 2273,2465 2318,2464"/>
                <TextEquiv>
                    <Unicode>zelnen Personen im Stück gelegemlich Fragen ge¬</Unicode>
                </TextEquiv>
            </TextLine>
            <TextLine id="r1l131" custom="readingOrder {index:130;}">
                <Coords points="499,2480 1422,2472 1421,2430 499,2430"/>
                <Baseline points="519,2472 563,2471 607,2470 651,2470 696,2469 740,2469 784,2468 828,2468 873,2468 917,2467 961,2467 1005,2467 1050,2467 1094,2467 1138,2467 1182,2467 1227,2467 1271,2467 1315,2467 1359,2467 1404,2467"/>
                <TextEquiv>
                    <Unicode>sind. Auch die satirischen Womente, wie soiche</Unicode>
                </TextEquiv>
            </TextLine>
            <TextLine id="r1l132" custom="readingOrder {index:131;}">
                <Coords points="161,2478 199,2482 249,2467 264,2479 364,2475 376,2486 403,2471 518,2479 518,2436 161,2432"/>
                <Baseline points="181,2473 207,2471 234,2469 260,2468 287,2468 313,2469 340,2469 366,2470 393,2471 419,2471 446,2471 472,2470 499,2467"/>
                <TextEquiv>
                    <Unicode>In diesem Um¬</Unicode>
                </TextEquiv>
            </TextLine>
            <TextLine id="r1l133" custom="readingOrder {index:132;}">
                <Coords points="2336,2511 3262,2514 3261,2464 2335,2461"/>
                <Baseline points="2355,2504 2399,2505 2443,2506 2487,2507 2532,2507 2576,2508 2620,2508 2665,2508 2709,2508 2753,2507 2798,2507 2842,2507 2886,2506 2930,2506 2975,2505 3019,2504 3063,2504 3108,2504 3152,2503 3196,2503 3241,2503"/>
                <TextEquiv>
                    <Unicode>Gesellschaftsanschauungen nicht herauskommen</Unicode>
                </TextEquiv>
            </TextLine>
            <TextLine id="r1l134" custom="readingOrder {index:133;}">
                <Coords points="1410,2528 2336,2521 2336,2467 2283,2459 1410,2467"/>
                <Baseline points="1431,2511 1475,2511 1519,2511 1564,2510 1608,2510 1653,2510 1697,2510 1741,2510 1786,2511 1830,2511 1875,2511 1919,2511 1963,2511 2008,2511 2052,2511 2097,2511 2141,2511 2185,2511 2230,2510 2274,2510 2319,2509"/>
                <TextEquiv>
                    <Unicode>streift werden, die so zu sagen innerhalb des</Unicode>
                </TextEquiv>
            </TextLine>
            <TextLine id="r1l135" custom="readingOrder {index:134;}">
                <Coords points="501,2526 1392,2521 1427,2513 1427,2471 501,2476"/>
                <Baseline points="519,2516 563,2516 608,2514 652,2514 697,2513 741,2512 786,2512 830,2512 875,2511 919,2511 964,2511 1008,2511 1053,2511 1097,2511 1142,2511 1186,2511 1231,2511 1275,2511 1320,2511 1364,2510 1409,2510"/>
                <TextEquiv>
                    <Unicode>sich in den Figuren des Professors und des Arzees</Unicode>
                </TextEquiv>
            </TextLine>
            <TextLine id="r1l136" custom="readingOrder {index:135;}">
                <Coords points="150,2521 192,2529 292,2514 326,2518 345,2538 376,2511 484,2523 511,2519 511,2473 449,2473 422,2488 353,2472 307,2480 242,2468 200,2483 150,2475"/>
                <Baseline points="169,2516 195,2514 222,2513 249,2513 276,2513 302,2513 329,2514 356,2514 383,2515 409,2515 436,2515 463,2515 490,2514"/>
                <TextEquiv>
                    <Unicode>fürhaltens der</Unicode>
                </TextEquiv>
            </TextLine>
            <TextLine id="r1l137" custom="readingOrder {index:136;}">
                <Coords points="2328,2553 3270,2564 3242,2510 2328,2503"/>
                <Baseline points="2347,2551 2392,2550 2437,2550 2482,2550 2527,2549 2572,2549 2617,2549 2662,2549 2707,2548 2752,2548 2798,2548 2843,2547 2888,2547 2933,2547 2978,2547 3023,2547 3068,2547 3113,2547 3158,2547 3203,2547 3249,2547"/>
                <TextEquiv>
                    <Unicode>können, eben weil diese Betheiligten zu den Alltags¬</Unicode>
                </TextEquiv>
            </TextLine>
            <TextLine id="r1l138" custom="readingOrder {index:137;}">
                <Coords points="1426,2561 2329,2562 2329,2520 2248,2505 1426,2503"/>
                <Baseline points="1446,2554 1489,2553 1532,2553 1575,2553 1619,2553 1662,2553 1705,2553 1748,2553 1792,2553 1835,2553 1878,2553 1921,2554 1965,2554 2008,2554 2051,2554 2094,2554 2138,2554 2181,2554 2224,2554 2267,2554 2311,2553"/>
                <TextEquiv>
                    <Unicode>moralischen Gesichtsfeldes unserer Zeitgenossen</Unicode>
                </TextEquiv>
            </TextLine>
            <TextLine id="r1l139" custom="readingOrder {index:138;}">
                <Coords points="158,2567 223,2567 235,2579 246,2568 319,2572 369,2556 385,2568 438,2560 515,2572 515,2514 377,2514 354,2529 289,2514 158,2513"/>
                <Baseline points="178,2555 204,2556 231,2556 257,2556 284,2555 310,2555 337,2555 364,2555 390,2555 417,2555 443,2556 470,2557 497,2558"/>
                <TextEquiv>
                    <Unicode>Stückes. Dieser</Unicode>
                </TextEquiv>
            </TextLine>
            <TextLine id="r1l140" custom="readingOrder {index:139;}">
                <Coords points="506,2572 1425,2559 1424,2516 1282,2510 506,2526"/>
                <Baseline points="525,2565 569,2562 613,2560 657,2558 701,2557 745,2556 789,2556 833,2555 877,2555 921,2556 965,2556 1009,2556 1053,2557 1097,2557 1141,2557 1185,2557 1229,2557 1273,2556 1317,2555 1361,2554 1405,2553"/>
                <TextEquiv>
                    <Unicode>zeigen, entbehren der Wirkung auf den Zuhörer</Unicode>
                </TextEquiv>
            </TextLine>
            <TextLine id="r1l141" custom="readingOrder {index:140;}">
                <Coords points="2332,2604 3273,2612 3273,2558 3242,2550 2332,2558"/>
                <Baseline points="2351,2596 2396,2596 2441,2596 2486,2596 2531,2595 2576,2595 2621,2595 2666,2594 2711,2594 2756,2593 2802,2592 2847,2592 2892,2591 2937,2591 2982,2591 3027,2590 3072,2590 3117,2590 3162,2590 3207,2590 3253,2590"/>
                <TextEquiv>
                    <Unicode>philistern gehören, und daß aus diesem Mißver¬</Unicode>
                </TextEquiv>
            </TextLine>
            <TextLine id="r1l142" custom="readingOrder {index:141;}">
                <Coords points="1414,2609 2141,2592 2271,2615 2340,2608 2341,2562 1914,2538 1414,2563"/>
                <Baseline points="1432,2598 1476,2597 1520,2596 1565,2596 1609,2595 1654,2595 1698,2595 1742,2595 1787,2595 1831,2595 1876,2596 1920,2596 1964,2596 2009,2597 2053,2597 2098,2597 2142,2598 2186,2598 2231,2598 2275,2598 2320,2598"/>
                <TextEquiv>
                    <Unicode>liegen. Namentlich dürste es unter den Zu¬</Unicode>
                </TextEquiv>
            </TextLine>
            <TextLine id="r1l143" custom="readingOrder {index:142;}">
                <Coords points="501,2610 1420,2608 1419,2561 1219,2551 501,2575"/>
                <Baseline points="520,2605 566,2603 612,2602 658,2602 705,2601 751,2600 797,2600 843,2599 890,2599 936,2599 982,2599 1028,2598 1075,2598 1121,2598 1167,2598 1213,2598 1260,2598 1306,2598 1352,2598 1399,2597"/>
                <TextEquiv>
                    <Unicode>nicht. Aber wan kommt beim besten Willen nicht</Unicode>
                </TextEquiv>
            </TextLine>
            <TextLine id="r1l144" custom="readingOrder {index:143;}">
                <Coords points="153,2608 191,2604 218,2616 241,2600 303,2615 326,2600 341,2611 483,2610 506,2606 506,2568 414,2561 387,2572 368,2557 248,2565 225,2546 206,2558 152,2551"/>
                <Baseline points="172,2599 198,2601 224,2601 250,2602 276,2601 302,2601 329,2601 355,2600 381,2599 407,2599 433,2599 459,2600 486,2601"/>
                <TextEquiv>
                    <Unicode>ng auf die Ent¬</Unicode>
                </TextEquiv>
            </TextLine>
            <TextLine id="r1l145" custom="readingOrder {index:144;}">
                <Coords points="2327,2659 2489,2635 2512,2657 3253,2641 3253,2603 3222,2595 2327,2601"/>
                <Baseline points="2347,2642 2391,2641 2435,2641 2479,2640 2524,2640 2568,2639 2612,2639 2657,2639 2701,2639 2745,2639 2790,2638 2834,2638 2878,2638 2922,2638 2967,2638 3011,2637 3055,2637 3100,2636 3144,2636 3188,2635 3233,2634"/>
                <TextEquiv>
                    <Unicode>hältniß zwischen Empfindung und folgerechtem</Unicode>
                </TextEquiv>
            </TextLine>
            <TextLine id="r1l146" custom="readingOrder {index:145;}">
                <Coords points="1425,2653 2335,2657 2335,2600 1425,2607"/>
                <Baseline points="1445,2643 1488,2642 1532,2642 1575,2641 1619,2641 1663,2640 1706,2640 1750,2640 1794,2639 1837,2639 1881,2639 1925,2639 1968,2638 2012,2638 2056,2638 2099,2638 2143,2639 2187,2639 2230,2639 2274,2639 2318,2640"/>
                <TextEquiv>
                    <Unicode>schauerinnen eine sehr große Anzahl geben, die in</Unicode>
                </TextEquiv>
            </TextLine>
            <TextLine id="r1l147" custom="readingOrder {index:146;}">
                <Coords points="501,2654 1350,2660 1434,2652 1434,2603 501,2604"/>
                <Baseline points="521,2640 565,2641 610,2642 654,2643 699,2643 744,2644 788,2644 833,2644 878,2644 922,2644 967,2643 1012,2643 1056,2643 1101,2642 1146,2642 1190,2642 1235,2641 1280,2641 1324,2641 1369,2641 1414,2641"/>
                <TextEquiv>
                    <Unicode>über die Armseligkeit in der Erfindung hinaus.</Unicode>
                </TextEquiv>
            </TextLine>
            <TextLine id="r1l148" custom="readingOrder {index:147;}">
                <Coords points="151,2651 508,2650 508,2604 151,2609"/>
                <Baseline points="169,2645 195,2645 222,2646 248,2645 275,2645 301,2645 328,2645 355,2644 381,2644 408,2644 434,2645 461,2645 488,2646"/>
                <TextEquiv>
                    <Unicode>Problems soll nun</Unicode>
                </TextEquiv>
            </TextLine>
            <TextLine id="r1l149" custom="readingOrder {index:148;}">
                <Coords points="2328,2696 3192,2692 3261,2684 3261,2638 2328,2642"/>
                <Baseline points="2347,2682 2391,2681 2436,2681 2481,2680 2526,2680 2571,2680 2615,2680 2660,2680 2705,2680 2750,2680 2795,2680 2839,2680 2884,2680 2929,2680 2974,2679 3019,2679 3063,2679 3108,2678 3153,2678 3198,2677 3243,2676"/>
                <TextEquiv>
                    <Unicode>Hande“; für die berlagenswerthe Toni Weber nur</Unicode>
                </TextEquiv>
            </TextLine>
            <TextLine id="r1l150" custom="readingOrder {index:149;}">
                <Coords points="1413,2686 2332,2695 2331,2649 2097,2627 1413,2644"/>
                <Baseline points="1433,2687 1476,2686 1520,2686 1564,2685 1608,2684 1652,2684 1696,2684 1740,2684 1784,2685 1828,2685 1872,2685 1915,2685 1959,2686 2003,2686 2047,2686 2091,2685 2135,2685 2179,2684 2223,2683 2267,2682 2311,2680"/>
                <TextEquiv>
                    <Unicode>ihren inneren Empfindungen vielfach mit d##en</Unicode>
                </TextEquiv>
            </TextLine>
            <TextLine id="r1l151" custom="readingOrder {index:150;}">
                <Coords points="513,2696 1431,2691 1431,2652 513,2643"/>
                <Baseline points="530,2686 574,2688 618,2689 662,2689 706,2689 750,2689 794,2689 838,2689 882,2689 926,2688 971,2688 1015,2688 1059,2687 1103,2687 1147,2687 1191,2686 1235,2687 1279,2687 1323,2687 1367,2688 1412,2689"/>
                <TextEquiv>
                    <Unicode>Es ist zu wenig dramatische Bewegtheit und zu</Unicode>
                </TextEquiv>
            </TextLine>
            <TextLine id="r1l152" custom="readingOrder {index:151;}">
                <Coords points="136,2686 174,2698 286,2694 301,2705 382,2686 466,2706 505,2694 505,2648 363,2640 136,2659"/>
                <Baseline points="157,2691 182,2690 207,2689 233,2689 258,2689 283,2689 309,2689 334,2689 360,2689 385,2690 410,2690 436,2690 461,2690 487,2689"/>
                <TextEquiv>
                    <Unicode>iche Breite ersetzt</Unicode>
                </TextEquiv>
            </TextLine>
            <TextLine id="r1l153" custom="readingOrder {index:152;}">
                <Coords points="2333,2729 3266,2731 3266,2681 3159,2670 2913,2697 2333,2682"/>
                <Baseline points="2352,2725 2396,2725 2441,2725 2486,2725 2530,2725 2575,2725 2620,2725 2664,2725 2709,2725 2754,2725 2799,2725 2843,2724 2888,2724 2933,2724 2977,2724 3022,2724 3067,2724 3111,2724 3156,2724 3201,2724 3246,2725"/>
                <TextEquiv>
                    <Unicode>der einzige Ausweg offen bleibt, darin liegt unseres</Unicode>
                </TextEquiv>
            </TextLine>
            <TextLine id="r1l154" custom="readingOrder {index:153;}">
                <Coords points="1423,2737 2299,2740 2341,2736 2341,2689 1423,2691"/>
                <Baseline points="1442,2731 1488,2730 1534,2729 1580,2728 1627,2727 1673,2727 1719,2727 1765,2727 1812,2727 1858,2727 1904,2727 1950,2728 1997,2728 2043,2728 2089,2728 2135,2728 2182,2728 2228,2727 2274,2727 2321,2726"/>
                <TextEquiv>
                    <Unicode>übereinstimmen, welchen die weitaus interessanteste</Unicode>
                </TextEquiv>
            </TextLine>
            <TextLine id="r1l155" custom="readingOrder {index:154;}">
                <Coords points="503,2741 1422,2734 1422,2699 1260,2684 503,2695"/>
                <Baseline points="523,2733 567,2733 611,2733 655,2733 699,2733 743,2732 787,2732 831,2732 875,2732 919,2732 963,2732 1007,2732 1051,2732 1095,2731 1139,2731 1183,2731 1227,2731 1271,2730 1315,2730 1359,2729 1404,2729"/>
                <TextEquiv>
                    <Unicode>viel Stimmungsmolerei, zu viel Beobachtungs¬</Unicode>
                </TextEquiv>
            </TextLine>
            <TextLine id="r1l156" custom="readingOrder {index:155;}">
                <Coords points="147,2754 255,2734 282,2746 312,2726 324,2738 516,2748 516,2694 454,2702 377,2684 278,2684 212,2700 147,2693"/>
                <Baseline points="167,2737 192,2736 217,2735 243,2735 268,2734 294,2734 319,2734 345,2734 370,2734 396,2734 421,2734 447,2734 472,2734 498,2734"/>
                <TextEquiv>
                    <Unicode>rgänge innerhalb</Unicode>
                </TextEquiv>
            </TextLine>
            <TextLine id="r1l157" custom="readingOrder {index:156;}">
                <Coords points="2336,2770 3108,2788 3266,2760 3265,2729 3208,2726 2335,2732"/>
                <Baseline points="2356,2771 2400,2770 2445,2769 2489,2769 2534,2768 2578,2768 2623,2767 2667,2767 2712,2767 2756,2767 2801,2766 2845,2766 2890,2766 2934,2766 2979,2766 3023,2766 3068,2765 3112,2765 3157,2764 3201,2764 3246,2763"/>
                <TextEquiv>
                    <Unicode>Dafürhaltens die bittere Satire auf gewisse gesell¬</Unicode>
                </TextEquiv>
            </TextLine>
            <TextLine id="r1l158" custom="readingOrder {index:157;}">
                <Coords points="1424,2781 2304,2785 2335,2781 2335,2727 1424,2738"/>
                <Baseline points="1442,2772 1485,2773 1529,2773 1572,2773 1616,2773 1660,2773 1703,2773 1747,2773 1790,2772 1834,2772 1878,2772 1921,2771 1965,2771 2008,2771 2052,2770 2096,2770 2139,2770 2183,2770 2226,2771 2270,2771 2314,2772"/>
                <TextEquiv>
                    <Unicode>Frau im Stücke, nämlich die verwittwete Frau</Unicode>
                </TextEquiv>
            </TextLine>
            <TextLine id="r1l159" custom="readingOrder {index:158;}">
                <Coords points="514,2785 1421,2786 1421,2732 514,2735"/>
                <Baseline points="532,2776 575,2776 618,2777 662,2777 705,2777 749,2777 792,2777 835,2776 879,2776 922,2776 966,2776 1009,2776 1052,2776 1096,2776 1139,2775 1183,2775 1226,2775 1269,2775 1313,2775 1356,2775 1400,2775"/>
                <TextEquiv>
                    <Unicode>kram. Herr Arthur Schnitzler verfügt nur</Unicode>
                </TextEquiv>
            </TextLine>
            <TextLine id="r1l160" custom="readingOrder {index:159;}">
                <Coords points="137,2792 291,2782 303,2794 376,2777 387,2789 414,2780 464,2788 518,2775 517,2745 321,2739 306,2728 294,2740 198,2749 137,2734"/>
                <Baseline points="156,2780 182,2779 208,2778 235,2777 261,2776 288,2775 314,2775 341,2774 367,2774 394,2774 420,2774 447,2775 473,2775 500,2776"/>
                <TextEquiv>
                    <Unicode>ugo Losatti veran¬</Unicode>
                </TextEquiv>
            </TextLine>
            <TextLine id="r1l161" custom="readingOrder {index:160;}">
                <Coords points="2333,2819 3132,2826 3267,2802 3243,2756 3071,2780 2333,2765"/>
                <Baseline points="2353,2817 2397,2816 2442,2815 2487,2814 2532,2814 2577,2814 2621,2813 2666,2813 2711,2813 2756,2813 2801,2813 2845,2813 2890,2813 2935,2813 2980,2813 3025,2812 3069,2812 3114,2811 3159,2811 3204,2810 3249,2809"/>
                <TextEquiv>
                    <Unicode>schaftliche Zustände. Diese Absicht, ein grelles</Unicode>
                </TextEquiv>
            </TextLine>
            <TextLine id="r1l162" custom="readingOrder {index:161;}">
                <Coords points="1425,2821 2332,2825 2332,2763 1425,2775"/>
                <Baseline points="1443,2817 1486,2817 1530,2816 1573,2816 1617,2816 1660,2816 1704,2816 1747,2816 1791,2816 1834,2817 1878,2817 1922,2817 1965,2817 2009,2817 2052,2817 2096,2817 2139,2817 2183,2817 2226,2816 2270,2816 2314,2815"/>
                <TextEquiv>
                    <Unicode>Emma Winter, einen oftmals bis zur schärfsten</Unicode>
                </TextEquiv>
            </TextLine>
            <TextLine id="r1l163" custom="readingOrder {index:162;}">
                <Coords points="504,2828 1427,2818 1426,2772 1307,2765 504,2778"/>
                <Baseline points="523,2822 567,2822 611,2821 655,2821 699,2821 744,2821 788,2821 832,2821 876,2821 920,2821 965,2821 1009,2821 1053,2821 1097,2820 1141,2820 1186,2819 1230,2818 1274,2817 1318,2816 1362,2815 1407,2813"/>
                <TextEquiv>
                    <Unicode>über eine äuserst geringe Zahl Modelle. Er be¬</Unicode>
                </TextEquiv>
            </TextLine>
            <TextLine id="r1l164" custom="readingOrder {index:163;}">
                <Coords points="139,2824 520,2826 519,2776 312,2788 296,2773 243,2769 139,2781"/>
                <Baseline points="159,2822 185,2821 211,2821 237,2820 263,2820 289,2820 315,2820 342,2819 368,2819 394,2819 420,2819 446,2820 472,2820 499,2821"/>
                <TextEquiv>
                    <Unicode>er und ihr Kind</Unicode>
                </TextEquiv>
            </TextLine>
            <TextLine id="r1l165" custom="readingOrder {index:164;}">
                <Coords points="2333,2867 2906,2850 3263,2880 3263,2803 2333,2817"/>
                <Baseline points="2353,2861 2397,2860 2442,2859 2486,2858 2531,2857 2575,2857 2620,2856 2664,2856 2709,2856 2753,2856 2798,2855 2843,2855 2887,2856 2932,2856 2976,2856 3021,2856 3065,2856 3110,2856 3154,2857 3199,2857 3244,2857"/>
                <TextEquiv>
                    <Unicode>satirisches Schlaglicht auf die landläufige gesell¬</Unicode>
                </TextEquiv>
            </TextLine>
            <TextLine id="r1l166" custom="readingOrder {index:165;}">
                <Coords points="1421,2867 2336,2871 2336,2824 2286,2821 1421,2821"/>
                <Baseline points="1439,2861 1482,2860 1526,2860 1570,2860 1614,2860 1658,2861 1702,2861 1745,2861 1789,2861 1833,2861 1877,2861 1921,2861 1965,2861 2009,2861 2052,2861 2096,2861 2140,2861 2184,2861 2228,2860 2272,2860 2316,2859"/>
                <TextEquiv>
                    <Unicode>Rücksichtslosigkeit gehenden Ausdruck verleiht.</Unicode>
                </TextEquiv>
            </TextLine>
            <TextLine id="r1l167" custom="readingOrder {index:166;}">
                <Coords points="510,2870 1425,2869 1424,2819 1255,2802 1220,2825 510,2824"/>
                <Baseline points="529,2864 572,2865 616,2866 660,2866 704,2866 748,2866 792,2865 835,2865 879,2864 923,2863 967,2863 1011,2862 1055,2861 1099,2860 1142,2860 1186,2860 1230,2859 1274,2860 1318,2860 1362,2860 1406,2861"/>
                <TextEquiv>
                    <Unicode>wegt sich in einem zu engen Gesellschaftskreise, es</Unicode>
                </TextEquiv>
            </TextLine>
            <TextLine id="r1l168" custom="readingOrder {index:167;}">
                <Coords points="173,2873 215,2881 231,2869 258,2877 304,2865 365,2880 423,2868 515,2879 515,2821 388,2818 373,2830 323,2819 296,2830 173,2823"/>
                <Baseline points="193,2864 218,2865 243,2866 268,2866 293,2866 318,2865 343,2865 368,2865 393,2864 418,2864 443,2864 468,2864 494,2865"/>
                <TextEquiv>
                    <Unicode>e des Professors</Unicode>
                </TextEquiv>
            </TextLine>
            <TextLine id="r1l169" custom="readingOrder {index:168;}">
                <Coords points="2329,2897 3267,2902 3266,2868 3228,2864 2329,2858"/>
                <Baseline points="2347,2905 2392,2904 2437,2903 2482,2902 2527,2902 2572,2901 2617,2901 2662,2900 2707,2900 2752,2900 2797,2900 2842,2899 2887,2899 2932,2899 2977,2899 3022,2899 3067,2899 3112,2898 3157,2898 3202,2898 3248,2897"/>
                <TextEquiv>
                    <Unicode>schaftliche Moral oder besser gesagt, auf die land¬</Unicode>
                </TextEquiv>
            </TextLine>
            <TextLine id="r1l170" custom="readingOrder {index:169;}">
                <Coords points="1415,2904 2330,2912 2330,2870 2149,2858 1415,2870"/>
                <Baseline points="1435,2904 1478,2903 1522,2903 1566,2903 1610,2903 1654,2903 1697,2903 1741,2904 1785,2904 1829,2904 1873,2904 1916,2904 1960,2904 2004,2904 2048,2904 2092,2904 2135,2903 2179,2903 2223,2903 2267,2902 2311,2902"/>
                <TextEquiv>
                    <Unicode>Diese vollreise Wittwe mit ihren klugen, offenen</Unicode>
                </TextEquiv>
            </TextLine>
            <TextLine id="r1l171" custom="readingOrder {index:170;}">
                <Coords points="507,2920 1318,2918 1422,2909 1422,2859 507,2870"/>
                <Baseline points="525,2911 568,2910 612,2910 656,2909 700,2909 744,2909 788,2908 832,2908 876,2908 920,2908 964,2908 1007,2908 1051,2908 1095,2908 1139,2907 1183,2906 1227,2906 1271,2905 1315,2904 1359,2902 1403,2901"/>
                <TextEquiv>
                    <Unicode>ist daher unausbleiblich, daß seine Typen immer</Unicode>
                </TextEquiv>
            </TextLine>
            <TextLine id="r1l172" custom="readingOrder {index:171;}">
                <Coords points="161,2916 215,2908 234,2924 318,2912 357,2919 376,2904 387,2916 514,2919 514,2873 161,2874"/>
                <Baseline points="178,2907 204,2908 231,2909 257,2910 284,2910 310,2910 337,2909 363,2909 390,2908 416,2908 443,2908 469,2908 496,2909"/>
                <TextEquiv>
                    <Unicode>ie Familie erfullt</Unicode>
                </TextEquiv>
            </TextLine>
            <TextLine id="r1l173" custom="readingOrder {index:172;}">
                <Coords points="2328,2948 3231,2954 3257,2950 3257,2900 2327,2898"/>
                <Baseline points="2348,2946 2392,2946 2437,2946 2481,2946 2526,2946 2570,2946 2615,2945 2659,2945 2704,2945 2748,2944 2793,2944 2837,2943 2882,2943 2926,2943 2971,2942 3015,2942 3060,2942 3104,2942 3149,2942 3193,2942 3238,2942"/>
                <TextEquiv>
                    <Unicode>läufige gesellschaftliche Heuchelei und auf die unter</Unicode>
                </TextEquiv>
            </TextLine>
            <TextLine id="r1l174" custom="readingOrder {index:173;}">
                <Coords points="1414,2940 1502,2963 2328,2955 2328,2917 2255,2909 1414,2905"/>
                <Baseline points="1434,2948 1477,2947 1521,2947 1565,2947 1609,2947 1652,2947 1696,2947 1740,2947 1784,2947 1827,2948 1871,2948 1915,2948 1959,2948 2002,2948 2046,2948 2090,2948 2134,2948 2177,2948 2221,2947 2265,2946 2309,2945"/>
                <TextEquiv>
                    <Unicode>Augen, der anständigen Gesinnung und jener un¬</Unicode>
                </TextEquiv>
            </TextLine>
            <TextLine id="r1l175" custom="readingOrder {index:174;}">
                <Coords points="503,2956 1422,2955 1421,2909 503,2910"/>
                <Baseline points="523,2953 567,2952 611,2952 655,2951 699,2951 743,2950 787,2950 831,2950 875,2949 919,2949 963,2949 1007,2949 1051,2949 1095,2949 1139,2948 1183,2948 1227,2948 1271,2948 1315,2948 1359,2948 1404,2948"/>
                <TextEquiv>
                    <Unicode>von Neuem in seinen Stücken uderkehren. Das</Unicode>
                </TextEquiv>
            </TextLine>
            <TextLine id="r1l176" custom="readingOrder {index:175;}">
                <Coords points="149,2969 172,2973 203,2957 237,2957 253,2972 272,2957 291,2968 337,2956 364,2964 403,2948 418,2960 468,2963 506,2955 506,2913 149,2915"/>
                <Baseline points="167,2949 193,2951 220,2951 247,2952 274,2952 300,2952 327,2951 354,2951 381,2950 407,2949 434,2949 461,2949 488,2950"/>
                <TextEquiv>
                    <Unicode>den gegebene Ver¬</Unicode>
                </TextEquiv>
            </TextLine>
            <TextLine id="r1l177" custom="readingOrder {index:176;}">
                <Coords points="2330,2994 3264,3002 3263,2956 3132,2941 2329,2948"/>
                <Baseline points="2347,2992 2391,2991 2436,2991 2481,2990 2526,2990 2571,2990 2616,2989 2661,2989 2706,2988 2751,2988 2796,2988 2840,2987 2885,2987 2930,2987 2975,2986 3020,2986 3065,2986 3110,2985 3155,2985 3200,2985 3245,2984"/>
                <TextEquiv>
                    <Unicode>dem Gewande crassester Selbstsucht sich versteckende</Unicode>
                </TextEquiv>
            </TextLine>
            <TextLine id="r1l178" custom="readingOrder {index:177;}">
                <Coords points="1416,2996 2338,3002 2338,2952 1416,2946"/>
                <Baseline points="1434,2990 1478,2990 1522,2991 1566,2991 1610,2991 1654,2991 1698,2991 1743,2991 1787,2991 1831,2991 1875,2991 1919,2991 1963,2991 2007,2990 2052,2991 2096,2991 2140,2991 2184,2992 2228,2992 2272,2993 2317,2994"/>
                <TextEquiv>
                    <Unicode>befangenen Auffassung menschlicher Verhältnisse,</Unicode>
                </TextEquiv>
            </TextLine>
            <TextLine id="r1l179" custom="readingOrder {index:178;}">
                <Coords points="500,3002 1430,3002 1429,2948 500,2968"/>
                <Baseline points="520,3001 564,3000 608,2999 653,2999 697,2998 742,2998 786,2997 831,2996 875,2996 920,2995 964,2994 1008,2994 1053,2993 1097,2993 1142,2992 1186,2992 1231,2991 1275,2991 1320,2990 1364,2990 1409,2989"/>
                <TextEquiv>
                    <Unicode>muß schließlich auch den Geduldigsten ermüden.</Unicode>
                </TextEquiv>
            </TextLine>
            <TextLine id="r1l180" custom="readingOrder {index:179;}">
                <Coords points="151,2995 197,3007 370,2998 389,3009 428,2998 455,3010 512,3007 513,2961 417,2960 401,2948 351,2963 202,2957 151,2968"/>
                <Baseline points="172,2995 198,2994 225,2994 252,2993 278,2993 305,2993 332,2994 358,2994 385,2995 412,2996 438,2996 465,2997 492,2997"/>
                <TextEquiv>
                    <Unicode>eine Tante Hugos</Unicode>
                </TextEquiv>
            </TextLine>
            <TextLine id="r1l181" custom="readingOrder {index:180;}">
                <Coords points="2331,3044 3027,3049 3107,3025 3265,3054 3265,2985 2331,2994"/>
                <Baseline points="2349,3036 2393,3036 2438,3036 2483,3035 2528,3035 2573,3034 2617,3034 2662,3033 2707,3033 2752,3032 2797,3032 2841,3031 2886,3031 2931,3030 2976,3030 3021,3029 3065,3029 3110,3029 3155,3029 3200,3029 3245,3028"/>
                <TextEquiv>
                    <Unicode>sogenannte äußerliche Wohlanständigkeit — re¬</Unicode>
                </TextEquiv>
            </TextLine>
            <TextLine id="r1l182" custom="readingOrder {index:181;}">
                <Coords points="512,3049 2195,3052 2345,3002 512,3003"/>
                <Baseline points="532,3042 621,3041 711,3040 800,3040 890,3039 980,3038 1069,3038 1159,3037 1249,3037 1338,3037 1428,3037 1518,3036 1607,3036 1697,3036 1787,3036 1876,3036 1966,3036 2056,3036 2145,3036 2235,3036 2325,3036"/>
                <TextEquiv>
                    <Unicode>Von dieser Eintönigkeit in dem dichterischen Proceß die das Eriebniß von Lebenserfahrung und</Unicode>
                </TextEquiv>
            </TextLine>
            <TextLine id="r1l183" custom="readingOrder {index:182;}">
                <Coords points="156,3055 214,3059 248,3040 333,3055 386,3043 506,3051 506,3001 386,2994 329,3009 248,3009 237,2997 156,2997"/>
                <Baseline points="175,3038 201,3038 227,3039 253,3039 279,3039 305,3038 331,3038 357,3038 383,3038 409,3038 435,3038 461,3039 487,3040"/>
                <TextEquiv>
                    <Unicode>erze verzweiselten</Unicode>
                </TextEquiv>
            </TextLine>
            <TextLine id="r1l184" custom="readingOrder {index:183;}">
                <Coords points="2333,3084 3256,3088 3255,3026 2333,3022"/>
                <Baseline points="2353,3076 2397,3077 2441,3077 2485,3077 2530,3077 2574,3076 2618,3076 2662,3076 2707,3075 2751,3074 2795,3074 2839,3074 2884,3073 2928,3073 2972,3073 3016,3073 3061,3073 3105,3073 3149,3074 3193,3076 3238,3077"/>
                <TextEquiv>
                    <Unicode>spectability, wie die Engländer sagen — fallen zu</Unicode>
                </TextEquiv>
            </TextLine>
            <TextLine id="r1l185" custom="readingOrder {index:184;}">
                <Coords points="499,3091 2340,3086 2240,3032 499,3045"/>
                <Baseline points="520,3088 610,3086 700,3085 790,3084 880,3083 970,3082 1060,3081 1150,3081 1240,3080 1330,3080 1420,3079 1510,3079 1600,3079 1690,3079 1780,3078 1870,3078 1960,3078 2050,3078 2140,3078 2230,3078 2321,3077"/>
                <TextEquiv>
                    <Unicode>muß ganz naturgemäß auch der Tarsteller beein= nüchterner Ueberlegung zu sein pflegt, kann als ein</Unicode>
                </TextEquiv>
            </TextLine>
            <TextLine id="r1l186" custom="readingOrder {index:185;}">
                <Coords points="195,3085 295,3097 360,3093 379,3081 418,3104 433,3089 517,3093 517,3047 268,3051 248,3039 195,3051"/>
                <Baseline points="214,3083 239,3084 265,3084 291,3084 317,3084 343,3084 368,3083 394,3083 420,3083 446,3083 472,3084 498,3085"/>
                <TextEquiv>
                    <Unicode>Nur der Haus¬</Unicode>
                </TextEquiv>
            </TextLine>
            <TextLine id="r1l187" custom="readingOrder {index:186;}">
                <Coords points="2335,3130 3257,3137 3257,3075 2335,3084"/>
                <Baseline points="2354,3122 2398,3121 2442,3121 2486,3120 2530,3120 2575,3120 2619,3119 2663,3119 2707,3119 2751,3119 2796,3119 2840,3119 2884,3119 2928,3119 2972,3119 3017,3119 3061,3119 3105,3120 3149,3120 3193,3121 3238,3121"/>
                <TextEquiv>
                    <Unicode>lassen, hat der Dichter vollständig erreicht. Der</Unicode>
                </TextEquiv>
            </TextLine>
            <TextLine id="r1l188" custom="readingOrder {index:187;}">
                <Coords points="1416,3133 2019,3146 2326,3126 2326,3087 1415,3080"/>
                <Baseline points="1435,3123 1478,3123 1522,3123 1566,3123 1609,3123 1653,3123 1697,3123 1740,3123 1784,3123 1828,3123 1872,3123 1915,3123 1959,3123 2003,3122 2046,3122 2090,3122 2134,3121 2177,3121 2221,3120 2265,3119 2309,3118"/>
                <TextEquiv>
                    <Unicode>Typus für die in manchen Frauenkreisen sich durch¬</Unicode>
                </TextEquiv>
            </TextLine>
            <TextLine id="r1l189" custom="readingOrder {index:188;}">
                <Coords points="514,3136 1425,3135 1424,3081 514,3086"/>
                <Baseline points="532,3130 575,3129 619,3129 663,3129 706,3128 750,3128 794,3127 837,3127 881,3127 925,3126 969,3126 1012,3126 1056,3126 1100,3125 1143,3125 1187,3125 1231,3125 1274,3125 1318,3125 1362,3125 1406,3125"/>
                <TextEquiv>
                    <Unicode>flußt werden. Es sind immer wieder in der</Unicode>
                </TextEquiv>
            </TextLine>
            <TextLine id="r1l190" custom="readingOrder {index:189;}">
                <Coords points="152,3136 271,3137 286,3149 298,3137 379,3141 413,3126 494,3142 521,3135 521,3085 467,3077 421,3099 341,3087 229,3095 191,3067 152,3063"/>
                <Baseline points="173,3124 198,3126 223,3127 248,3128 274,3129 299,3129 324,3129 350,3129 375,3129 400,3128 426,3128 451,3128 476,3128 502,3128"/>
                <TextEquiv>
                    <Unicode>Schwiegersohn des</Unicode>
                </TextEquiv>
            </TextLine>
            <TextLine id="r1l191" custom="readingOrder {index:190;}">
                <Coords points="2328,3177 3227,3178 3258,3166 3258,3116 2328,3123"/>
                <Baseline points="2347,3164 2391,3164 2436,3164 2480,3163 2525,3163 2570,3163 2614,3164 2659,3164 2704,3164 2748,3164 2793,3164 2838,3164 2882,3164 2927,3164 2972,3164 3016,3163 3061,3163 3106,3162 3150,3161 3195,3159 3240,3158"/>
                <TextEquiv>
                    <Unicode>dramatische Aufbau ist indessen in vielen Hinsichten</Unicode>
                </TextEquiv>
            </TextLine>
            <TextLine id="r1l192" custom="readingOrder {index:191;}">
                <Coords points="1422,3169 2333,3177 2333,3124 1422,3127"/>
                <Baseline points="1443,3167 1486,3166 1529,3164 1573,3163 1616,3163 1660,3163 1703,3163 1747,3163 1790,3164 1834,3164 1877,3165 1920,3166 1964,3167 2007,3167 2051,3168 2094,3168 2138,3168 2181,3168 2225,3167 2268,3166 2312,3164"/>
                <TextEquiv>
                    <Unicode>dringende Anschauungen gelten. Es spinnen sich</Unicode>
                </TextEquiv>
            </TextLine>
            <TextLine id="r1l193" custom="readingOrder {index:192;}">
                <Coords points="505,3184 1416,3177 1415,3108 505,3138"/>
                <Baseline points="523,3175 566,3174 610,3173 654,3173 697,3172 741,3172 785,3171 828,3171 872,3171 916,3171 960,3170 1003,3170 1047,3170 1091,3169 1134,3169 1178,3168 1222,3167 1265,3166 1309,3165 1353,3164 1397,3162"/>
                <TextEquiv>
                    <Unicode>Hauptsache dieselben Menschen und die gleichen</Unicode>
                </TextEquiv>
            </TextLine>
            <TextLine id="r1l194" custom="readingOrder {index:193;}">
                <Coords points="148,3179 194,3175 221,3191 236,3175 321,3187 340,3176 448,3184 517,3173 517,3131 148,3125"/>
                <Baseline points="169,3172 194,3171 219,3170 245,3170 270,3170 295,3171 321,3171 346,3172 372,3172 397,3172 422,3172 448,3172 473,3172 499,3171"/>
                <TextEquiv>
                    <Unicode>seinem moralischen</Unicode>
                </TextEquiv>
            </TextLine>
            <TextLine id="r1l195" custom="readingOrder {index:194;}">
                <Coords points="2325,3224 3208,3220 3255,3205 3255,3155 2325,3170"/>
                <Baseline points="2343,3204 2387,3204 2432,3204 2477,3204 2521,3205 2566,3205 2611,3206 2655,3206 2700,3206 2745,3207 2790,3207 2834,3207 2879,3208 2924,3207 2968,3207 3013,3207 3058,3206 3102,3205 3147,3204 3192,3202 3237,3201"/>
                <TextEquiv>
                    <Unicode>verfehlt, denn er ermangelt der innerlichen Noth¬</Unicode>
                </TextEquiv>
            </TextLine>
            <TextLine id="r1l196" custom="readingOrder {index:195;}">
                <Coords points="1422,3218 2329,3221 2329,3151 1422,3176"/>
                <Baseline points="1442,3210 1485,3209 1528,3209 1572,3209 1615,3209 1658,3209 1702,3209 1745,3209 1788,3209 1832,3209 1875,3209 1918,3210 1962,3210 2005,3210 2048,3209 2092,3209 2135,3209 2178,3209 2222,3208 2265,3207 2309,3206"/>
                <TextEquiv>
                    <Unicode>allerhand Empfindungsfären zwischen dieser Frau</Unicode>
                </TextEquiv>
            </TextLine>
            <TextLine id="r1l197" custom="readingOrder {index:196;}">
                <Coords points="508,3221 1318,3224 1422,3211 1422,3169 507,3179"/>
                <Baseline points="528,3212 571,3213 615,3213 659,3214 703,3214 746,3214 790,3214 834,3214 878,3214 921,3214 965,3213 1009,3213 1053,3212 1096,3212 1140,3211 1184,3211 1228,3210 1271,3210 1315,3209 1359,3209 1403,3208"/>
                <TextEquiv>
                    <Unicode>Situationen. Alles wird zuletzt in diesen ver¬</Unicode>
                </TextEquiv>
            </TextLine>
            <TextLine id="r1l198" custom="readingOrder {index:197;}">
                <Coords points="152,3223 190,3231 232,3215 271,3230 294,3218 351,3230 378,3218 432,3225 448,3241 482,3221 521,3229 520,3160 459,3172 443,3156 413,3168 393,3156 367,3180 151,3165"/>
                <Baseline points="169,3216 194,3216 219,3215 245,3214 270,3214 296,3214 321,3214 347,3214 372,3214 398,3214 423,3214 449,3214 474,3214 500,3213"/>
                <TextEquiv>
                    <Unicode>ß die ehemalige</Unicode>
                </TextEquiv>
            </TextLine>
            <TextLine id="r1l199" custom="readingOrder {index:198;}">
                <Coords points="1422,3260 2237,3272 2337,3261 2337,3192 1422,3218"/>
                <Baseline points="1440,3252 1483,3251 1527,3250 1571,3249 1615,3249 1659,3249 1703,3249 1746,3249 1790,3250 1834,3250 1878,3251 1922,3251 1966,3252 2010,3252 2053,3252 2097,3252 2141,3252 2185,3251 2229,3250 2273,3249 2317,3247"/>
                <TextEquiv>
                    <Unicode>auf der Bühne und den Frauen im Zuschauer¬</Unicode>
                </TextEquiv>
            </TextLine>
            <TextLine id="r1l200" custom="readingOrder {index:199;}">
                <Coords points="2336,3254 3166,3266 3259,3247 3259,3201 2336,3208"/>
                <Baseline points="2355,3250 2399,3250 2443,3250 2487,3250 2531,3250 2575,3250 2619,3250 2664,3250 2708,3251 2752,3251 2796,3251 2840,3251 2884,3251 2928,3251 2973,3251 3017,3251 3061,3250 3105,3250 3149,3250 3193,3249 3238,3249"/>
                <TextEquiv>
                    <Unicode>wendigkeit in der Entwicklung. Herr Schnitzler</Unicode>
                </TextEquiv>
            </TextLine>
            <TextLine id="r1l201" custom="readingOrder {index:200;}">
                <Coords points="510,3267 1402,3266 1425,3212 510,3221"/>
                <Baseline points="529,3255 572,3256 616,3256 660,3257 704,3257 747,3256 791,3256 835,3256 879,3255 922,3255 966,3254 1010,3254 1054,3253 1097,3253 1141,3253 1185,3252 1229,3252 1272,3252 1316,3253 1360,3253 1404,3254"/>
                <TextEquiv>
                    <Unicode>meintlich „naturwahren“ Stücken schablonenhaft</Unicode>
                </TextEquiv>
            </TextLine>
            <TextLine id="r1l202" custom="readingOrder {index:201;}">
                <Coords points="160,3266 225,3258 237,3270 287,3274 310,3262 341,3270 352,3258 371,3277 429,3262 506,3266 506,3223 464,3231 433,3216 387,3216 329,3227 295,3212 229,3212 187,3231 160,3224"/>
                <Baseline points="178,3256 203,3256 229,3256 254,3256 280,3256 305,3256 331,3256 357,3256 382,3256 408,3256 433,3256 459,3256 485,3255"/>
                <TextEquiv>
                    <Unicode>de in der Familie</Unicode>
                </TextEquiv>
            </TextLine>
            <TextLine id="r1l203" custom="readingOrder {index:202;}">
                <Coords points="2323,3295 3261,3310 3237,3253 2323,3245"/>
                <Baseline points="2344,3294 2388,3295 2433,3295 2478,3295 2523,3295 2568,3295 2612,3295 2657,3295 2702,3295 2747,3294 2792,3294 2836,3293 2881,3292 2926,3292 2971,3292 3016,3292 3060,3292 3105,3292 3150,3292 3195,3293 3240,3294"/>
                <TextEquiv>
                    <Unicode>hat dem Zufall zu vielen Spielraum innerhalb der</Unicode>
                </TextEquiv>
            </TextLine>
            <TextLine id="r1l204" custom="readingOrder {index:203;}">
                <Coords points="148,3319 2346,3319 2346,3242 148,3258"/>
                <Baseline points="167,3304 275,3304 383,3305 491,3305 599,3305 707,3304 815,3304 923,3303 1031,3302 1139,3301 1247,3300 1355,3299 1463,3299 1571,3298 1679,3297 1787,3296 1895,3296 2003,3296 2111,3296 2219,3296 2328,3297"/>
                <TextEquiv>
                    <Unicode>unden hat. Als — die Sprache der handelnden Personen ebenso räume. Das merken a#er auch die Männer, und</Unicode>
                </TextEquiv>
            </TextLine>
            <TextLine id="r1l205" custom="readingOrder {index:204;}">
                <Coords points="158,3365 3255,3351 157,3304"/>
                <Baseline points="175,3347 328,3348 481,3348 634,3349 787,3349 940,3348 1093,3348 1246,3347 1399,3346 1552,3345 1706,3344 1859,3343 2012,3342 2165,3341 2318,3340 2471,3339 2624,3338 2777,3338 2930,3337 3083,3338 3237,3338"/>
                <TextEquiv>
                    <Unicode>zweiten Actes das wie die stilvolle Zimmereinrichtungen. Man kennt daher kommt es, daß sich das psychologische dramatischen Construction offengehalten. Das</Unicode>
                </TextEquiv>
            </TextLine>
            <TextLine id="r1l206" custom="readingOrder {index:205;}">
                <Coords points="2358,3391 3245,3412 3246,3354 3124,3337 2892,3363 2359,3337"/>
                <Baseline points="2376,3380 2418,3380 2461,3381 2503,3381 2546,3382 2589,3383 2631,3384 2674,3385 2716,3386 2759,3387 2802,3388 2844,3389 2887,3390 2929,3391 2972,3392 3015,3393 3057,3393 3100,3394 3142,3394 3185,3394 3228,3394"/>
                <TextEquiv>
                    <Unicode>#er ist stets ein Fehler, man ag im Uebrigen</Unicode>
                </TextEquiv>
            </TextLine>
            <TextLine id="r1l207" custom="readingOrder {index:206;}">
                <Coords points="2352,3441 2786,3428 3158,3472 3258,3463 3260,3402 2353,3364"/>
                <Baseline points="2370,3427 2413,3426 2457,3426 2500,3426 2544,3426 2587,3427 2631,3428 2674,3429 2718,3430 2761,3431 2805,3433 2848,3434 2892,3436 2935,3438 2979,3439 3022,3440 3066,3441 3109,3442 3153,3443 3196,3443 3240,3443"/>
                <TextEquiv>
                    <Unicode>eden Anhängern der alten oder der neuesten</Unicode>
                </TextEquiv>
            </TextLine>
            <TextLine id="r1l208" custom="readingOrder {index:207;}">
                <Coords points="2341,3494 2894,3524 2936,3518 2939,3441 2486,3418 2343,3436"/>
                <Baseline points="2360,3477 2388,3473 2416,3471 2444,3470 2472,3469 2500,3468 2528,3469 2556,3470 2584,3470 2612,3472 2640,3473 2668,3475 2696,3477 2724,3479 2752,3481 2780,3482 2808,3483 2836,3484 2864,3486 2892,3487 2920,3487"/>
                <TextEquiv>
                    <Unicode>Torischen Richtung zählen.</Unicode>
                </TextEquiv>
            </TextLine>
            <TextEquiv>
                <Unicode>box 16/3
10. Das Vernaechinis
ptstapelplatz fürzarte Kindchen Franz auch das Zeitliche segnet, die Weisen, den Text und die Herren Verfasser! Interesse an den scenischen Vorgängen sichtlich
steigert. Herr Schnitzler hat' in seinem Stucke
nachgrade schon auswendig, so daß die ganze bis
u. Allein schon steigert sich die Schwierigkeit für Toni Weber im
gewisse Seiten des in vielen gesellschaftlichen
Hause Losattis bis zur Unleidlichkeit. Tas arme
ins Kleinste ausgeführte Seelenmalerei schon be¬
ndis. Der Be¬
Kreisen unserer Zeit weit verbreieten Empfin¬
Weib soll, namentlich auf das Betreiben jenes
denklich langweilig zu werden beeinnt. Geläugnet
Wahl. Soll er
dens angeschlagen, und er hat dadurch einen
Doctors hin, aus dem Hause geschickt werden. Ein
soll indessen auch nicht werden, daß sich die Ge¬
Muster, oder soll
starken Widerhall unter den Zuhörern hervorzu¬
Versuch, den die Schwägerin Losatiis, eine ver¬
sammtkünstlerschaft des Deutschen Theaters auf
ntscheiden? Aus
rufen vermocht. Wir haben es somit in diesem
wittwete Frau Winter, macht, um Toni bei sich
diese sogenannte naturwahre Spielweise ganz
reist man sich die
„Vermächtniß“ mit einem Bühnenstücke zu thun,
meisterlich versteht, wenngleich es den verehrlichen
aufzunehmen, scheitert an dem Widerstande der
und folgt Herrn
dessen scenischer Aufbau, dessen scenische Entwick¬
Tochter eben dieser Wittwe. Im dritten Acte
Herrschaften nicht schaden könnte, wenn sie mit
ichter des famosen
lung kaum eine Spannung hervorbringt, dessen
der Verwendung der Pausen beim Sprechen er¬
geht Toni ins Wasser, der Dr. Schmidt aber erhält
Liebelei“. Dieser
Personen jedoch, um ihrer selbst willen, ein nicht
heblich sparsamer umgingen. Mit diesen Sprech¬
durch die über sein Benehmen gegenuber der
Wie ganz besondere
geringes Interesse erregen. Herr Schnitzler
pausen auf der Buhne verhält es sich genau so,
armen Tomi auf das Aeußerste empörte Franziska,
lichen Elementen
nimmt in diesem seinem neuesten Bühnenwerk den
wie mit den Gedankenstrichen beim =Schreiben.
die Schwester des verunglückten Hu#o, den Lauf¬
E bühnengemäß zu
Anlauf zu einem Satiriker. Es ist ihm blutiger
Mit Vorsicht und mit Discretion angewendet
paß. In jedem Acte eine Leiche, im zweiten sogar
genannten „süßen
Ernst mit seiner Behandlung eines ganz be¬
kann solch ein Gedankenstrich eine außer¬
eine Kindesleiche — und doch keine dramatisch
und die zu ihnen
stimmten socialen Stoff ebietes. Die Heldin des
ordentliche Wirkung hervorbringen. Allein der
entwickelte, das heißt keine mit Nothwendigkeit von
guten Häusern.
Stücks, die Geliebte des verunglückten Professor¬
verschwenderische Gebrauch derartiger Kunstgriffe
der bloßen Auf¬
innen heraus entwickelte Handlung. War es denn
sohnes, betrachtet sich gar nicht als die Schuldige
nothwendig, daß der vierjährige „Bubi“ an einer
stumpft ihre Wirkung ab und fordert gradezu
auf seinen Inhalt
gegenüber der herkömmlichen gesellschaftlichen
unheilbaren allgemeinen Schwäche starb? An und
unsere Spottlust heraus. Wer in Gedankenstrichen
de mit Sicherheit
Sitte. Sie erscheint nicht einen Augenblick als
herumwühlt oder in Kunstpausen sich überbietet,
für sich nicht. Allein das arme Würmchen mußte
Arthur Schnitzler
die „Gefallene“; ihr im freien Liebesbunde er¬
der bezeugt nur Eines, daß er wirklich keine Ge¬
zu Grunde gehen, weil Herr Schnitzler auf diese
emindeste Ueber¬
zeugtes Kind gilt von voruherein gar nicht als mit
Weise Gelegenheit fand, die Erhärmlichkeit danken und keine Empfindun en hat. Es wäre
halver einen Blick
dem Stigma der „unehelichen“ Geburt behaftet.
der Gesinnung eines durchaus hoblen und denn, man käme dahin, in der erzwungenen Wort¬
mneuesten Stück
Es ist als selbstverständlich „legimitirt“ in die
losigkeit den eigentlichen kunstlerischen Empfindungs¬
inigen Tagen auf
albernen Professors und eines schurkischen Arztes
Familie des Professors ausgenommen, und die
ausdruck gelten zu lassen.
uns zu demonstriren. Ist das aber in Wahrheit
rt wurde, dann
Mutter dieses überzarten Geschöpfchens spricht es
Aber es läßt sich anderseits nicht in Abrede
ein verständliches Motiv für den Tod eines un¬
, daß sich die Ge¬
denn auch ganz unumwunden aus: „was unter¬
schuldigen Kindes? Sieht man von diesen em¬
stellen, daß man den scenischen Vorgängen, die,
ihr Kind Fronz
scheidet mich denn von den Andern — hätte ihm
pfindlichen Mängeln in der Anlage des Stückes
vom bühnentechnischen Standpunkte aus betrachtet,
der Dr. jur. Hugo
eine Frau denn ein höheres Glück bereiten können
gar nichts Spannendes haben können, weil man
und von der Dürftigkeit der dramatischen Fort¬
Wohnung gebracht
als ich?“ Man sieht, daß es dem Dichter ganz
ja Alles mit der größten Bestimmtheit vorherzu¬
bewegung ab, dann kann man dem Dichter die
Mutter seine pre¬
verteufelt ernst ist um seine Problemsbehandlung.
ahnen vermog, dennoch mit einer gewissen inneren
Anerkennung nicht versagen, daß die in dem Stücke
ibst dem naibsten
Daß alle Betheiligten die unbedingte Richtigkeit
Antheilnahme folgt. Der Grund liegt unseres
##iletenden Personen mit einer, man möcte
Zweifels und 1er
der Beweggründe dieser Toni Weber anerkennen,
Dafürhaltens in dem Umstande, daß von den ein¬
### pholog, aphiichen Lebenstreue wiedergegeben
Site Problem selbst
daß sie aber andersens aus ihren herkömmlichen s.
zelnen Personen im Stück gelegemlich Fragen ge¬
sind. Auch die satirischen Womente, wie soiche
In diesem Um¬
Gesellschaftsanschauungen nicht herauskommen
streift werden, die so zu sagen innerhalb des
sich in den Figuren des Professors und des Arzees
fürhaltens der
können, eben weil diese Betheiligten zu den Alltags¬
moralischen Gesichtsfeldes unserer Zeitgenossen
Stückes. Dieser
zeigen, entbehren der Wirkung auf den Zuhörer
philistern gehören, und daß aus diesem Mißver¬
liegen. Namentlich dürste es unter den Zu¬
nicht. Aber wan kommt beim besten Willen nicht
ng auf die Ent¬
hältniß zwischen Empfindung und folgerechtem
schauerinnen eine sehr große Anzahl geben, die in
über die Armseligkeit in der Erfindung hinaus.
Problems soll nun
Hande“; für die berlagenswerthe Toni Weber nur
ihren inneren Empfindungen vielfach mit d##en
Es ist zu wenig dramatische Bewegtheit und zu
iche Breite ersetzt
der einzige Ausweg offen bleibt, darin liegt unseres
übereinstimmen, welchen die weitaus interessanteste
viel Stimmungsmolerei, zu viel Beobachtungs¬
rgänge innerhalb
Dafürhaltens die bittere Satire auf gewisse gesell¬
Frau im Stücke, nämlich die verwittwete Frau
kram. Herr Arthur Schnitzler verfügt nur
ugo Losatti veran¬
schaftliche Zustände. Diese Absicht, ein grelles
Emma Winter, einen oftmals bis zur schärfsten
über eine äuserst geringe Zahl Modelle. Er be¬
er und ihr Kind
satirisches Schlaglicht auf die landläufige gesell¬
Rücksichtslosigkeit gehenden Ausdruck verleiht.
wegt sich in einem zu engen Gesellschaftskreise, es
e des Professors
schaftliche Moral oder besser gesagt, auf die land¬
Diese vollreise Wittwe mit ihren klugen, offenen
ist daher unausbleiblich, daß seine Typen immer
ie Familie erfullt
läufige gesellschaftliche Heuchelei und auf die unter
Augen, der anständigen Gesinnung und jener un¬
von Neuem in seinen Stücken uderkehren. Das
den gegebene Ver¬
dem Gewande crassester Selbstsucht sich versteckende
befangenen Auffassung menschlicher Verhältnisse,
muß schließlich auch den Geduldigsten ermüden.
eine Tante Hugos
sogenannte äußerliche Wohlanständigkeit — re¬
Von dieser Eintönigkeit in dem dichterischen Proceß die das Eriebniß von Lebenserfahrung und
erze verzweiselten
spectability, wie die Engländer sagen — fallen zu
muß ganz naturgemäß auch der Tarsteller beein= nüchterner Ueberlegung zu sein pflegt, kann als ein
Nur der Haus¬
lassen, hat der Dichter vollständig erreicht. Der
Typus für die in manchen Frauenkreisen sich durch¬
flußt werden. Es sind immer wieder in der
Schwiegersohn des
dramatische Aufbau ist indessen in vielen Hinsichten
dringende Anschauungen gelten. Es spinnen sich
Hauptsache dieselben Menschen und die gleichen
seinem moralischen
verfehlt, denn er ermangelt der innerlichen Noth¬
allerhand Empfindungsfären zwischen dieser Frau
Situationen. Alles wird zuletzt in diesen ver¬
ß die ehemalige
auf der Bühne und den Frauen im Zuschauer¬
wendigkeit in der Entwicklung. Herr Schnitzler
meintlich „naturwahren“ Stücken schablonenhaft
de in der Familie
hat dem Zufall zu vielen Spielraum innerhalb der
unden hat. Als — die Sprache der handelnden Personen ebenso räume. Das merken a#er auch die Männer, und
zweiten Actes das wie die stilvolle Zimmereinrichtungen. Man kennt daher kommt es, daß sich das psychologische dramatischen Construction offengehalten. Das
#er ist stets ein Fehler, man ag im Uebrigen
eden Anhängern der alten oder der neuesten
Torischen Richtung zählen.</Unicode>
            </TextEquiv>
        </TextRegion>
    </Page>
</PcGts>
