<?xml version="1.0" encoding="UTF-8" standalone="yes"?>
<PcGts xmlns="http://schema.primaresearch.org/PAGE/gts/pagecontent/2013-07-15" xmlns:xsi="http://www.w3.org/2001/XMLSchema-instance" xsi:schemaLocation="http://schema.primaresearch.org/PAGE/gts/pagecontent/2013-07-15 http://schema.primaresearch.org/PAGE/gts/pagecontent/2013-07-15/pagecontent.xsd">
    <Metadata>
        <Creator>prov=University of Rostock/Institute of Mathematics/CITlab/Gundram Leifert/gundram.leifert@uni-rostock.de:name=ONB_Newseye_GT_M1+(htr_id=10810)::::v=2.4.2
prov=University of Rostock/Institute of Mathematics/CITlab/Tobias Gruening/tobias.gruening@uni-rostock.de:name=de.uros.citlab.module.baseline2polygon.B2PSeamMultiOriented:v=2.4.2
prov=University of Rostock/Institute of Mathematics/CITlab/Tobias Gruening/tobias.gruening@uni-rostock.de:name=/mnt/transkribus/LA/DEA/URO/LA_news_onb_att.pb:de.uros.citlab.segmentation.CITlab_LA_ML:v=2.4.2
Transkribus</Creator>
        <Created>2019-10-07T11:34:33.580+02:00</Created>
        <LastChange>2019-10-08T17:03:24.185+02:00</LastChange>
        <TranskribusMetadata docId="223986" pageId="9500221" pageNr="120" tsid="16603099" status="IN_PROGRESS" userId="40391" imgUrl="https://files.transkribus.eu/Get?id=JIGDWVAAYTOQFZVMKMPWVLOA&amp;fileType=view" xmlUrl="https://files.transkribus.eu/Get?id=WTDXKCDJTTYYLZANGKKXZCJR" imageId="6190443"/>
    </Metadata>
    <Page imageFilename="223986_0120.jpeg" imageWidth="3436" imageHeight="4256">
        <ReadingOrder>
            <OrderedGroup id="ro_1711447786252" caption="Regions reading order">
                <RegionRefIndexed index="0" regionRef="r1"/>
            </OrderedGroup>
        </ReadingOrder>
        <TextRegion orientation="0.0" id="r1" custom="readingOrder {index:0;}">
            <Coords points="337,83 337,4083 2905,4083 2905,83"/>
            <TextLine id="r1l1" custom="readingOrder {index:0;}">
                <Coords points="1705,120 2208,119 2208,78 1940,75 1886,48 1849,74 1704,76"/>
                <Baseline points="1721,109 1747,110 1773,110 1799,111 1825,111 1852,111 1878,111 1904,110 1930,110 1957,110 1983,109 2009,109 2035,108 2061,107 2088,107 2114,106 2140,105 2166,104 2193,103"/>
                <TextEquiv>
                    <Unicode>eeengeneen</Unicode>
                </TextEquiv>
            </TextLine>
            <TextLine id="r1l2" custom="readingOrder {index:1;}">
                <Coords points="418,131 462,135 516,130 525,140 535,134 554,138 555,75 533,74 521,80 451,78 436,62 420,62"/>
                <Baseline points="434,121 460,122 486,123 512,124 538,123"/>
                <TextEquiv>
                    <Unicode>Me</Unicode>
                </TextEquiv>
            </TextLine>
            <TextLine id="r1l3" custom="readingOrder {index:2;}">
                <Coords points="646,133 1704,127 1675,58 646,80"/>
                <Baseline points="663,123 714,123 765,124 816,124 868,124 919,125 970,125 1022,125 1073,125 1124,125 1176,124 1227,124 1278,123 1329,123 1381,122 1432,121 1483,120 1535,118 1586,117 1637,115 1689,113"/>
                <TextEquiv>
                    <Unicode> Seig Pat Pren Mire un Dre Srchene ure Secue</Unicode>
                </TextEquiv>
            </TextLine>
            <TextLine id="r1l4" custom="readingOrder {index:3;}">
                <Coords points="1701,168 2830,162 2849,99 1700,105"/>
                <Baseline points="1717,153 1772,153 1828,153 1884,152 1940,152 1995,152 2051,152 2107,152 2163,152 2218,152 2274,152 2330,151 2386,151 2441,151 2497,151 2553,150 2609,149 2664,149 2720,148 2776,147 2832,146"/>
                <TextEquiv>
                    <Unicode>erin der gewaltigen Z=ühnung rint scharfen Kontuten die Einzelnen</Unicode>
                </TextEquiv>
            </TextLine>
            <TextLine id="r1l5" custom="readingOrder {index:4;}">
                <Coords points="388,164 407,164 420,174 439,165 457,175 470,166 555,175 556,138 528,130 462,125 444,106 390,117"/>
                <Baseline points="404,161 431,162 458,163 485,164 512,164 539,166"/>
                <TextEquiv>
                    <Unicode>on ab¬</Unicode>
                </TextEquiv>
            </TextLine>
            <TextLine id="r1l6" custom="readingOrder {index:5;}">
                <Coords points="559,165 1597,175 1704,168 1704,127 558,118"/>
                <Baseline points="574,166 629,166 685,166 741,167 797,167 852,167 908,167 964,167 1020,167 1075,167 1131,166 1187,166 1243,165 1298,165 1354,164 1410,163 1466,162 1521,160 1577,158 1633,157 1689,154"/>
                <TextEquiv>
                    <Unicode>aber war das Stück dennoch nicht todt. Es war wohl nicht die</Unicode>
                </TextEquiv>
            </TextLine>
            <TextLine id="r1l7" custom="readingOrder {index:6;}">
                <Coords points="1707,198 2856,191 2796,153 1707,157"/>
                <Baseline points="1723,195 1778,194 1834,194 1890,194 1946,194 2002,194 2058,194 2114,193 2170,193 2226,193 2282,192 2337,192 2393,192 2449,192 2505,192 2561,191 2617,191 2673,191 2729,191 2785,191 2841,191"/>
                <TextEquiv>
                    <Unicode>von den vielen Enterbten des Glücks malt, das verräth das große,</Unicode>
                </TextEquiv>
            </TextLine>
            <TextLine id="r1l8" custom="readingOrder {index:7;}">
                <Coords points="559,209 1384,224 1679,206 1701,162 559,175"/>
                <Baseline points="576,209 631,208 687,208 742,208 798,208 853,208 909,208 964,208 1020,208 1075,207 1131,207 1186,207 1242,206 1297,206 1353,205 1408,204 1464,203 1519,202 1575,200 1630,199 1686,197"/>
                <TextEquiv>
                    <Unicode>Kunst der Darstellung, auch nicht die mit psychologischer Kon¬</Unicode>
                </TextEquiv>
            </TextLine>
            <TextLine id="r1l9" custom="readingOrder {index:8;}">
                <Coords points="385,234 470,210 476,216 489,213 501,223 508,216 520,223 549,195 568,195 568,170 540,166 530,173 439,165 420,171 385,165"/>
                <Baseline points="401,207 426,206 451,206 476,207 501,207 526,208 551,207"/>
                <TextEquiv>
                    <Unicode>ese An¬</Unicode>
                </TextEquiv>
            </TextLine>
            <TextLine id="r1l10" custom="readingOrder {index:9;}">
                <Coords points="1707,246 2869,224 2783,193 1707,199"/>
                <Baseline points="1723,237 1779,237 1835,236 1892,236 1948,236 2005,235 2061,235 2118,234 2174,234 2231,233 2287,233 2343,232 2400,232 2456,232 2513,231 2569,231 2626,231 2682,232 2739,232 2795,232 2852,233"/>
                <TextEquiv>
                    <Unicode>echte Talent, das aus dem vollen Borne eines reifen Geistes</Unicode>
                </TextEquiv>
            </TextLine>
            <TextLine id="r1l11" custom="readingOrder {index:10;}">
                <Coords points="553,259 1674,251 1702,201 553,209"/>
                <Baseline points="570,249 625,249 681,248 737,248 793,248 848,248 904,247 960,247 1016,247 1071,247 1127,246 1183,246 1239,245 1294,245 1350,244 1406,243 1462,242 1517,241 1573,240 1629,238 1685,236"/>
                <TextEquiv>
                    <Unicode>sequenz geführten Schlußszenen, das Rettende war die sittliche</Unicode>
                </TextEquiv>
            </TextLine>
            <TextLine id="r1l12" custom="readingOrder {index:11;}">
                <Coords points="1710,272 2868,275 2846,228 1710,234"/>
                <Baseline points="1725,274 1781,274 1837,274 1893,274 1950,274 2006,274 2062,274 2119,274 2175,274 2231,274 2288,273 2344,273 2400,273 2456,273 2513,273 2569,272 2625,272 2682,272 2738,272 2794,271 2851,271"/>
                <TextEquiv>
                    <Unicode>und einer Seele schöpft, in der das menschliche Weh, die</Unicode>
                </TextEquiv>
            </TextLine>
            <TextLine id="r1l13" custom="readingOrder {index:12;}">
                <Coords points="966,273 1199,302 1394,297 1422,275 1486,296 1526,274 1665,288 1709,272 1709,234 966,248"/>
                <Baseline points="983,283 1018,284 1054,285 1089,285 1125,286 1160,286 1196,286 1231,285 1267,285 1302,284 1338,284 1374,283 1409,282 1445,282 1480,281 1516,280 1551,280 1587,280 1622,279 1658,279 1694,279"/>
                <TextEquiv>
                    <Unicode>ein gutes Geschöps aus der ge¬</Unicode>
                </TextEquiv>
            </TextLine>
            <TextLine id="r1l14" custom="readingOrder {index:13;}">
                <Coords points="557,293 661,301 693,288 712,307 752,284 803,296 866,286 907,305 985,291 985,253 966,251 777,249 695,263 557,252"/>
                <Baseline points="573,285 599,287 625,287 652,288 678,288 704,287 731,287 757,286 783,284 810,284 836,283 862,283 889,283 915,283 941,285 968,287"/>
                <TextEquiv>
                    <Unicode>Höhe, zu der sich</Unicode>
                </TextEquiv>
            </TextLine>
            <TextLine id="r1l15" custom="readingOrder {index:14;}">
                <Coords points="380,294 447,289 475,302 560,293 560,249 535,252 523,239 516,246 498,227 454,226 434,245 412,241 403,232 381,238"/>
                <Baseline points="396,287 425,287 455,287 484,287 514,288 544,289"/>
                <TextEquiv>
                    <Unicode>erlichen</Unicode>
                </TextEquiv>
            </TextLine>
            <TextLine id="r1l16" custom="readingOrder {index:15;}">
                <Coords points="1707,319 2875,304 2846,272 1707,269"/>
                <Baseline points="1721,311 1780,312 1840,312 1900,313 1960,313 2020,313 2080,312 2140,312 2200,312 2260,311 2320,311 2380,310 2440,310 2500,310 2560,310 2620,310 2680,310 2740,310 2800,310 2860,311"/>
                <TextEquiv>
                    <Unicode>Schwächen und Leidenschaften der Anderen schmerzlichen Widerhall</Unicode>
                </TextEquiv>
            </TextLine>
            <TextLine id="r1l17" custom="readingOrder {index:16;}">
                <Coords points="551,329 1706,319 1705,275 1652,269 550,288"/>
                <Baseline points="567,327 623,326 679,325 735,325 791,324 847,324 903,324 959,323 1015,323 1071,323 1128,323 1184,323 1240,322 1296,322 1352,321 1408,321 1464,320 1520,319 1576,317 1632,315 1689,313"/>
                <TextEquiv>
                    <Unicode>meinen Umgebung emporarbeitet und so den Gedanken</Unicode>
                </TextEquiv>
            </TextLine>
            <TextLine id="r1l18" custom="readingOrder {index:17;}">
                <Coords points="387,334 450,340 466,327 475,327 488,337 516,337 529,327 554,324 554,296 501,293 469,302 450,289 416,293 409,286 387,286"/>
                <Baseline points="403,327 429,328 456,328 483,328 510,328 537,327"/>
                <TextEquiv>
                    <Unicode>chst an¬</Unicode>
                </TextEquiv>
            </TextLine>
            <TextLine id="r1l19" custom="readingOrder {index:18;}">
                <Coords points="1717,358 2876,355 2838,314 1717,314"/>
                <Baseline points="1733,353 1789,354 1845,354 1901,355 1958,355 2014,355 2070,355 2127,355 2183,354 2239,354 2296,353 2352,353 2408,353 2464,352 2521,351 2577,351 2633,350 2690,350 2746,349 2802,349 2859,349"/>
                <TextEquiv>
                    <Unicode>finden. Wenn etwas gestern den tiefen Gesammteindruck</Unicode>
                </TextEquiv>
            </TextLine>
            <TextLine id="r1l20" custom="readingOrder {index:19;}">
                <Coords points="375,365 1672,371 1703,320 375,324"/>
                <Baseline points="391,369 455,368 520,368 585,367 650,367 714,366 779,366 844,366 909,365 973,365 1038,364 1103,364 1168,363 1232,362 1297,362 1362,361 1427,360 1491,359 1556,357 1621,356 1686,355"/>
                <TextEquiv>
                    <Unicode>in Herr und den Lebensgehalt des Werkes ausspricht. Bis dahin war es</Unicode>
                </TextEquiv>
            </TextLine>
            <TextLine id="r1l21" custom="readingOrder {index:20;}">
                <Coords points="1703,397 2799,402 2865,399 2865,345 1703,353"/>
                <Baseline points="1719,395 1775,394 1832,393 1888,393 1945,393 2001,392 2058,393 2114,393 2171,393 2227,393 2284,393 2340,394 2397,394 2453,394 2510,394 2566,394 2623,393 2679,393 2736,392 2792,390 2849,389"/>
                <TextEquiv>
                    <Unicode>schwächte, so waren es die allzu langen und allzu lärmenden</Unicode>
                </TextEquiv>
            </TextLine>
            <TextLine id="r1l22" custom="readingOrder {index:21;}">
                <Coords points="554,414 1709,409 1709,352 554,373"/>
                <Baseline points="569,405 625,405 681,405 737,405 793,405 850,405 906,405 962,405 1018,405 1074,405 1131,404 1187,404 1243,404 1299,403 1355,403 1412,402 1468,401 1524,399 1580,398 1636,396 1693,394"/>
                <TextEquiv>
                    <Unicode>voll Peinlichkeiten und Mühsal gegangen. Schnitzler's feinmalende</Unicode>
                </TextEquiv>
            </TextLine>
            <TextLine id="r1l23" custom="readingOrder {index:22;}">
                <Coords points="376,412 401,410 414,416 429,411 445,414 451,410 473,409 471,374 453,378 433,370 427,377 424,374 421,377 414,371 411,375 408,372 399,382 374,380"/>
                <Baseline points="390,408 423,406 456,404"/>
                <TextEquiv>
                    <Unicode>st</Unicode>
                </TextEquiv>
            </TextLine>
            <TextLine id="r1l24" custom="readingOrder {index:23;}">
                <Coords points="453,406 469,406 478,416 503,413 519,419 522,416 560,419 560,375 525,372 500,375 475,353 453,356"/>
                <Baseline points="469,408 494,407 519,407 545,408"/>
                <TextEquiv>
                    <Unicode>aut</Unicode>
                </TextEquiv>
            </TextLine>
            <TextLine id="r1l25" custom="readingOrder {index:24;}">
                <Coords points="1716,434 2874,442 2874,391 1716,400"/>
                <Baseline points="1733,433 1789,433 1845,433 1902,433 1958,433 2014,433 2071,433 2127,433 2183,433 2240,433 2296,433 2352,433 2409,433 2465,433 2521,433 2578,432 2634,432 2690,432 2747,431 2803,431 2860,430"/>
                <TextEquiv>
                    <Unicode>Gesammtszenen sowie die häufigen Einzelwiederholungen</Unicode>
                </TextEquiv>
            </TextLine>
            <TextLine id="r1l26" custom="readingOrder {index:25;}">
                <Coords points="552,444 1601,455 1704,442 1704,401 552,403"/>
                <Baseline points="568,446 624,447 680,446 736,446 792,446 848,446 904,446 960,445 1016,445 1072,445 1128,444 1184,443 1240,443 1296,442 1352,441 1408,440 1464,439 1520,438 1576,437 1632,436 1688,434"/>
                <TextEquiv>
                    <Unicode>Kunst ist graziös, sie sucht das Leben, wo es die weichsten Linien</Unicode>
                </TextEquiv>
            </TextLine>
            <TextLine id="r1l27" custom="readingOrder {index:26;}">
                <Coords points="382,435 398,436 413,452 432,452 438,458 467,459 495,450 505,460 533,454 558,461 559,423 543,423 527,410 487,409 468,399 449,411 383,413"/>
                <Baseline points="398,445 426,446 455,447 484,448 513,448 542,447"/>
                <TextEquiv>
                    <Unicode>Gefolge</Unicode>
                </TextEquiv>
            </TextLine>
            <TextLine id="r1l28" custom="readingOrder {index:27;}">
                <Coords points="1714,478 2866,477 2825,434 1714,431"/>
                <Baseline points="1729,474 1785,475 1841,475 1897,475 1953,475 2009,475 2065,475 2121,474 2177,474 2233,474 2289,473 2345,473 2401,473 2457,472 2513,472 2569,472 2625,472 2681,472 2737,472 2793,472 2850,472"/>
                <TextEquiv>
                    <Unicode>der bereits bekannten Thatsachen. Voll intimster Stimmung und</Unicode>
                </TextEquiv>
            </TextLine>
            <TextLine id="r1l29" custom="readingOrder {index:28;}">
                <Coords points="565,495 1632,492 1713,478 1713,434 564,448"/>
                <Baseline points="579,487 634,487 690,488 746,488 802,488 858,488 914,488 970,487 1026,486 1082,486 1138,484 1193,483 1249,482 1305,481 1361,480 1417,478 1473,477 1529,476 1585,475 1641,473 1697,472"/>
                <TextEquiv>
                    <Unicode>hat, und sie weiß dem Herben noch ein Stäubchen Dust</Unicode>
                </TextEquiv>
            </TextLine>
            <TextLine id="r1l30" custom="readingOrder {index:29;}">
                <Coords points="380,488 411,485 418,491 455,492 468,498 550,496 550,455 506,461 497,451 456,457 449,451 412,450 405,444 380,447"/>
                <Baseline points="395,488 422,486 450,486 478,487 506,488 534,487"/>
                <TextEquiv>
                    <Unicode>berufen</Unicode>
                </TextEquiv>
            </TextLine>
            <TextLine id="r1l31" custom="readingOrder {index:30;}">
                <Coords points="1717,524 2875,505 2846,474 1716,480"/>
                <Baseline points="1733,515 1789,515 1845,516 1901,516 1958,516 2014,517 2070,516 2126,516 2183,516 2239,515 2295,515 2351,514 2408,513 2464,513 2520,512 2576,511 2633,510 2689,509 2745,509 2801,508 2858,507"/>
                <TextEquiv>
                    <Unicode>Abtönung war das Milien, die Darstellung der Herrenrollen aus¬</Unicode>
                </TextEquiv>
            </TextLine>
            <TextLine id="r1l32" custom="readingOrder {index:31;}">
                <Coords points="1222,528 1292,527 1310,511 1351,529 1421,531 1439,515 1496,527 1546,507 1572,529 1622,506 1650,528 1713,527 1713,477 1222,490"/>
                <Baseline points="1238,524 1263,523 1289,521 1314,520 1340,519 1365,519 1391,518 1416,518 1442,518 1467,518 1493,518 1518,518 1544,518 1569,517 1595,517 1620,517 1646,516 1671,516 1697,514"/>
                <TextEquiv>
                    <Unicode>sie dort, wo sie die</Unicode>
                </TextEquiv>
            </TextLine>
            <TextLine id="r1l33" custom="readingOrder {index:32;}">
                <Coords points="626,527 726,539 767,517 1054,543 1117,521 1170,537 1236,521 1236,490 1076,502 1057,483 1013,496 943,474 921,492 626,492"/>
                <Baseline points="642,528 672,526 702,526 733,525 763,524 794,524 824,524 855,525 885,525 916,526 946,526 977,526 1007,527 1038,527 1068,527 1099,527 1129,527 1160,526 1190,525 1221,523"/>
                <TextEquiv>
                    <Unicode>geben. Wienerisch=mild, weckt</Unicode>
                </TextEquiv>
            </TextLine>
            <TextLine id="r1l34" custom="readingOrder {index:33;}">
                <Coords points="554,523 573,522 575,519 589,530 614,532 624,537 643,536 640,495 615,494 602,498 589,489 577,490 573,487 567,491 552,492"/>
                <Baseline points="571,531 599,526 627,527"/>
                <TextEquiv>
                    <Unicode>zu</Unicode>
                </TextEquiv>
            </TextLine>
            <TextLine id="r1l35" custom="readingOrder {index:34;}">
                <Coords points="362,540 413,538 422,532 469,540 561,538 562,504 539,507 508,490 439,495 401,484 364,490"/>
                <Baseline points="380,527 407,529 435,530 463,529 490,529 518,531 546,533"/>
                <TextEquiv>
                    <Unicode>indigung</Unicode>
                </TextEquiv>
            </TextLine>
            <TextLine id="r1l36" custom="readingOrder {index:35;}">
                <Coords points="1715,562 2751,567 2870,550 2870,509 1715,524"/>
                <Baseline points="1731,559 1787,559 1843,558 1899,558 1955,558 2011,558 2067,558 2124,558 2180,557 2236,557 2292,557 2348,556 2404,555 2460,555 2517,554 2573,553 2629,552 2685,551 2741,549 2797,547 2854,546"/>
                <TextEquiv>
                    <Unicode>gezeichnet. Max Pategg in der Titelrolle bot mit seiner</Unicode>
                </TextEquiv>
            </TextLine>
            <TextLine id="r1l37" custom="readingOrder {index:36;}">
                <Coords points="553,565 1714,573 1714,523 553,533"/>
                <Baseline points="567,565 623,565 680,565 736,565 793,565 849,565 906,565 962,565 1019,564 1075,564 1132,563 1188,563 1245,562 1301,561 1358,560 1414,560 1471,559 1527,558 1584,557 1640,556 1697,555"/>
                <TextEquiv>
                    <Unicode> Tragik des Lebens gestalten möchte, das Bild eines Blüthenzweiges,</Unicode>
                </TextEquiv>
            </TextLine>
            <TextLine id="r1l38" custom="readingOrder {index:37;}">
                <Coords points="373,590 388,589 401,576 413,582 423,576 555,573 554,535 494,533 472,540 431,532 371,536"/>
                <Baseline points="387,569 412,569 437,569 463,569 488,568 513,567 539,565"/>
                <TextEquiv>
                    <Unicode>ntgegen¬</Unicode>
                </TextEquiv>
            </TextLine>
            <TextLine id="r1l39" custom="readingOrder {index:38;}">
                <Coords points="1711,591 2778,605 2878,592 2878,551 1710,569"/>
                <Baseline points="1725,597 1781,597 1838,596 1895,596 1952,596 2009,596 2066,596 2123,596 2180,596 2237,596 2294,596 2350,595 2407,595 2464,594 2521,594 2578,593 2635,592 2692,591 2749,589 2806,587 2863,586"/>
                <TextEquiv>
                    <Unicode>1 Tragödie des Gewissens eine glänzende Leistung. Ihm</Unicode>
                </TextEquiv>
            </TextLine>
            <TextLine id="r1l40" custom="readingOrder {index:39;}">
                <Coords points="550,600 1689,612 1714,546 549,559"/>
                <Baseline points="567,609 623,608 680,607 736,607 793,606 850,606 906,606 963,605 1019,605 1076,604 1133,604 1189,604 1246,603 1302,603 1359,602 1416,602 1472,601 1529,600 1585,599 1642,599 1699,598"/>
                <TextEquiv>
                    <Unicode>den ein schwarzer Flor umhüllt. Die Tragik des passiven</Unicode>
                </TextEquiv>
            </TextLine>
            <TextLine id="r1l41" custom="readingOrder {index:40;}">
                <Coords points="384,607 403,606 416,619 441,618 448,624 466,614 473,620 495,613 552,618 551,577 462,573 384,579"/>
                <Baseline points="401,611 428,610 455,610 482,610 509,608 537,607"/>
                <TextEquiv>
                    <Unicode>großem</Unicode>
                </TextEquiv>
            </TextLine>
            <TextLine id="r1l42" custom="readingOrder {index:41;}">
                <Coords points="1722,641 2694,648 2842,640 2867,593 1721,600"/>
                <Baseline points="1738,638 1793,639 1849,639 1905,639 1961,639 2016,638 2072,638 2128,638 2184,637 2239,637 2295,636 2351,636 2407,635 2462,634 2518,633 2574,633 2630,632 2685,631 2741,630 2797,630 2853,629"/>
                <TextEquiv>
                    <Unicode>schlossen sich ebenbürtig die Herren Eyben, Olmar,</Unicode>
                </TextEquiv>
            </TextLine>
            <TextLine id="r1l43" custom="readingOrder {index:42;}">
                <Coords points="565,651 1711,646 1710,602 565,610"/>
                <Baseline points="580,648 635,647 691,646 747,646 803,645 858,645 914,644 970,644 1026,644 1081,643 1137,643 1193,643 1249,643 1304,642 1360,642 1416,642 1472,641 1527,640 1583,640 1639,639 1695,638"/>
                <TextEquiv>
                    <Unicode>Leids, für überall vollwerthend, aber stets mit der Wiener Note,</Unicode>
                </TextEquiv>
            </TextLine>
            <TextLine id="r1l44" custom="readingOrder {index:43;}">
                <Coords points="372,648 394,648 403,657 409,651 435,657 453,647 466,660 551,656 551,618 485,612 469,619 431,597 415,607 409,603 390,613 371,613"/>
                <Baseline points="387,649 416,648 445,648 475,647 504,647 534,648"/>
                <TextEquiv>
                    <Unicode>on allen</Unicode>
                </TextEquiv>
            </TextLine>
            <TextLine id="r1l45" custom="readingOrder {index:44;}">
                <Coords points="1708,682 2605,694 2659,662 2876,698 2857,626 1708,644"/>
                <Baseline points="1725,678 1781,678 1838,678 1895,678 1951,678 2008,677 2065,677 2121,677 2178,676 2235,676 2292,675 2348,675 2405,674 2462,674 2518,673 2575,673 2632,672 2688,671 2745,671 2802,670 2859,670"/>
                <TextEquiv>
                    <Unicode>Weigert, Heinzel und Wehlau als Arbeiter</Unicode>
                </TextEquiv>
            </TextLine>
            <TextLine id="r1l46" custom="readingOrder {index:45;}">
                <Coords points="548,681 1707,691 1706,644 1668,641 548,640"/>
                <Baseline points="565,688 621,688 677,688 733,688 790,687 846,687 902,687 959,686 1015,686 1071,685 1128,685 1184,684 1240,683 1296,683 1353,682 1409,681 1465,681 1522,680 1578,679 1634,678 1691,678"/>
                <TextEquiv>
                    <Unicode>die in Allem mitklingt. Liebe Novellen, für die er seine eigene</Unicode>
                </TextEquiv>
            </TextLine>
            <TextLine id="r1l47" custom="readingOrder {index:46;}">
                <Coords points="371,684 396,681 412,697 446,694 459,707 487,694 553,695 554,654 525,657 444,647 425,656 415,649 399,659 371,658"/>
                <Baseline points="385,690 410,688 436,688 462,689 487,690 513,690 539,689"/>
                <TextEquiv>
                    <Unicode>luderem</Unicode>
                </TextEquiv>
            </TextLine>
            <TextLine id="r1l48" custom="readingOrder {index:47;}">
                <Coords points="1828,713 2883,727 2882,677 2690,659 2602,688 2564,663 1828,682"/>
                <Baseline points="1843,717 1894,717 1945,717 1996,717 2047,717 2099,717 2150,717 2201,716 2252,716 2303,715 2355,715 2406,714 2457,714 2508,713 2559,713 2611,712 2662,712 2713,711 2764,711 2815,711 2867,710"/>
                <TextEquiv>
                    <Unicode>Herr Leopold Thuener als Kleppl an,</Unicode>
                </TextEquiv>
            </TextLine>
            <TextLine id="r1l49" custom="readingOrder {index:48;}">
                <Coords points="1714,722 1745,723 1755,729 1764,722 1777,721 1787,730 1795,720 1802,719 1808,725 1827,724 1825,683 1809,684 1803,691 1790,679 1780,677 1765,687 1758,684 1755,688 1746,682 1711,684"/>
                <Baseline points="1730,720 1757,716 1784,715 1812,714"/>
                <TextEquiv>
                    <Unicode>und</Unicode>
                </TextEquiv>
            </TextLine>
            <TextLine id="r1l50" custom="readingOrder {index:49;}">
                <Coords points="564,734 1691,735 1709,684 564,693"/>
                <Baseline points="581,727 636,727 692,726 747,726 803,726 859,725 914,725 970,725 1025,724 1081,724 1137,724 1192,724 1248,724 1303,723 1359,723 1415,723 1470,723 1526,722 1581,722 1637,722 1693,721"/>
                <TextEquiv>
                    <Unicode>Bühnentechnik fand. Ich weiß nicht, ob es ein großer Fehler ist,</Unicode>
                </TextEquiv>
            </TextLine>
            <TextLine id="r1l51" custom="readingOrder {index:50;}">
                <Coords points="371,738 393,732 415,754 431,745 453,748 465,736 491,748 503,739 509,745 550,745 551,692 462,701 453,691 415,698 393,685 371,685"/>
                <Baseline points="388,729 417,729 446,730 475,730 504,730 534,729"/>
                <TextEquiv>
                    <Unicode>1“ und</Unicode>
                </TextEquiv>
            </TextLine>
            <TextLine id="r1l52" custom="readingOrder {index:51;}">
                <Coords points="1721,771 2876,758 2875,711 1720,724"/>
                <Baseline points="1735,759 1791,759 1847,758 1903,758 1959,758 2016,757 2072,757 2128,757 2184,756 2240,756 2297,756 2353,755 2409,754 2465,753 2521,753 2578,752 2634,751 2690,750 2746,748 2802,747 2859,745"/>
                <TextEquiv>
                    <Unicode>jeder Einzelne ein kleines Charakterbild in dem gewaltigen Gemälde</Unicode>
                </TextEquiv>
            </TextLine>
            <TextLine id="r1l53" custom="readingOrder {index:52;}">
                <Coords points="555,772 1710,771 1710,724 555,735"/>
                <Baseline points="571,771 627,770 683,769 739,768 795,767 851,767 907,766 963,765 1019,765 1075,765 1132,764 1188,764 1244,763 1300,763 1356,763 1412,762 1468,762 1524,761 1580,760 1636,760 1693,759"/>
                <TextEquiv>
                    <Unicode>wenn sich ein Dichter, der nicht durch Ideen zu Gestalten kommt,</Unicode>
                </TextEquiv>
            </TextLine>
            <TextLine id="r1l54" custom="readingOrder {index:53;}">
                <Coords points="1717,805 2859,804 2878,741 1716,758"/>
                <Baseline points="1731,798 1787,798 1844,798 1900,798 1957,798 2014,797 2070,797 2127,797 2183,797 2240,796 2297,796 2353,795 2410,795 2466,794 2523,793 2580,792 2636,792 2693,791 2749,789 2806,788 2863,787"/>
                <TextEquiv>
                    <Unicode>menschlichen Elends. Therese Leithner als Turasel's</Unicode>
                </TextEquiv>
            </TextLine>
            <TextLine id="r1l55" custom="readingOrder {index:54;}">
                <Coords points="564,817 1707,810 1706,747 564,773"/>
                <Baseline points="581,811 636,810 692,809 747,808 803,808 858,807 914,807 969,806 1025,806 1080,806 1136,806 1191,805 1247,805 1302,805 1358,804 1413,804 1469,803 1524,803 1580,801 1635,800 1691,799"/>
                <TextEquiv>
                    <Unicode>sondern sie direkt im Leben fi det, sich in ein bestimmtes Thema</Unicode>
                </TextEquiv>
            </TextLine>
            <TextLine id="r1l56" custom="readingOrder {index:55;}">
                <Coords points="356,804 384,804 412,820 456,814 466,823 491,814 516,827 529,814 560,808 561,751 545,751 498,773 472,763 466,770 406,766 387,747 356,747"/>
                <Baseline points="371,811 400,810 429,810 458,810 487,810 516,811 545,811"/>
                <TextEquiv>
                    <Unicode>Künstler¬</Unicode>
                </TextEquiv>
            </TextLine>
            <TextLine id="r1l57" custom="readingOrder {index:56;}">
                <Coords points="1708,843 2876,828 2875,800 2677,786 1707,789"/>
                <Baseline points="1725,839 1781,839 1838,839 1895,838 1951,838 2008,837 2065,837 2121,836 2178,835 2235,835 2292,834 2348,833 2405,833 2462,832 2518,832 2575,831 2632,831 2688,830 2745,830 2802,830 2859,829"/>
                <TextEquiv>
                    <Unicode>Weib war so warm, wie es ihr anscheinend kühles Empfinden, das</Unicode>
                </TextEquiv>
            </TextLine>
            <TextLine id="r1l58" custom="readingOrder {index:57;}">
                <Coords points="563,861 1602,860 1706,847 1706,806 563,817"/>
                <Baseline points="579,850 634,850 690,849 745,849 801,848 857,848 912,847 968,847 1023,847 1079,846 1135,846 1190,846 1246,845 1301,845 1357,844 1413,844 1468,844 1524,843 1579,843 1635,842 1691,841"/>
                <TextEquiv>
                    <Unicode>verliebt. Es immer aufsucht wie einen Freund, wie eine Geliebte.</Unicode>
                </TextEquiv>
            </TextLine>
            <TextLine id="r1l59" custom="readingOrder {index:58;}">
                <Coords points="372,849 390,849 397,856 422,850 437,863 453,857 466,863 482,857 519,861 529,851 551,852 551,823 451,812 416,821 388,808 372,808"/>
                <Baseline points="387,849 416,850 446,851 476,852 506,852 536,850"/>
                <TextEquiv>
                    <Unicode>1 Pubii¬</Unicode>
                </TextEquiv>
            </TextLine>
            <TextLine id="r1l60" custom="readingOrder {index:59;}">
                <Coords points="1710,896 2770,885 2871,872 2871,834 1709,843"/>
                <Baseline points="1725,881 1781,880 1838,879 1894,878 1951,878 2007,877 2064,877 2120,876 2177,876 2233,876 2290,876 2346,875 2403,875 2459,875 2516,875 2572,874 2629,874 2685,873 2742,872 2798,870 2855,869"/>
                <TextEquiv>
                    <Unicode>selbst im größten Affekt die theatralische Abstammung nicht ver¬</Unicode>
                </TextEquiv>
            </TextLine>
            <TextLine id="r1l61" custom="readingOrder {index:60;}">
                <Coords points="554,896 1722,904 1721,841 554,865"/>
                <Baseline points="571,893 627,891 684,890 741,889 798,889 854,888 911,887 968,887 1025,887 1081,886 1138,886 1195,886 1252,886 1308,886 1365,885 1422,885 1479,885 1535,884 1592,884 1649,883 1706,882"/>
                <TextEquiv>
                    <Unicode>] Die Motive behalten dann stets eine Familienähnlichkeit, die eines</Unicode>
                </TextEquiv>
            </TextLine>
            <TextLine id="r1l62" custom="readingOrder {index:61;}">
                <Coords points="376,903 398,897 417,901 427,894 468,898 480,892 496,902 524,896 562,903 563,846 503,861 462,854 434,860 424,850 412,856 377,853"/>
                <Baseline points="392,891 417,891 443,891 468,891 494,892 519,892 545,894"/>
                <TextEquiv>
                    <Unicode>lben auf</Unicode>
                </TextEquiv>
            </TextLine>
            <TextLine id="r1l63" custom="readingOrder {index:62;}">
                <Coords points="1712,922 2669,941 2883,920 2882,857 1711,894"/>
                <Baseline points="1727,920 1784,921 1841,922 1898,923 1955,923 2012,923 2069,923 2126,922 2183,922 2240,921 2297,920 2354,919 2411,918 2468,917 2525,915 2582,914 2639,913 2696,912 2753,911 2810,909 2867,908"/>
                <TextEquiv>
                    <Unicode>leugnet, zuließ. Das Zusammenspiel in den Ensembleszenen war</Unicode>
                </TextEquiv>
            </TextLine>
            <TextLine id="r1l64" custom="readingOrder {index:63;}">
                <Coords points="554,944 1712,933 1712,883 553,897"/>
                <Baseline points="571,933 627,932 683,931 739,930 796,929 852,928 908,928 965,928 1021,927 1077,927 1134,927 1190,927 1246,927 1302,927 1359,926 1415,926 1471,926 1528,925 1584,925 1640,924 1697,923"/>
                <TextEquiv>
                    <Unicode>Tages für uns das Interesse verlieren kann. Es ist wie die</Unicode>
                </TextEquiv>
            </TextLine>
            <TextLine id="r1l65" custom="readingOrder {index:64;}">
                <Coords points="2655,962 2696,964 2705,954 2721,960 2756,956 2762,963 2847,955 2846,923 2812,924 2777,909 2764,919 2742,913 2714,920 2704,913 2689,923 2654,924"/>
                <Baseline points="2670,956 2696,954 2723,952 2750,950 2777,949 2804,951 2831,955"/>
                <TextEquiv>
                    <Unicode>J. Lm.</Unicode>
                </TextEquiv>
            </TextLine>
            <TextLine id="r1l66" custom="readingOrder {index:65;}">
                <Coords points="1722,976 1744,970 1750,976 1756,970 1769,976 1791,966 1807,973 1829,966 1841,973 1895,973 1895,929 1879,929 1873,922 1857,929 1838,922 1785,919 1722,922"/>
                <Baseline points="1738,961 1766,960 1794,959 1823,959 1851,960 1880,961"/>
                <TextEquiv>
                    <Unicode>tadellos.</Unicode>
                </TextEquiv>
            </TextLine>
            <TextLine id="r1l67" custom="readingOrder {index:66;}">
                <Coords points="560,980 1643,979 1706,975 1706,928 560,945"/>
                <Baseline points="577,975 632,974 688,972 744,971 799,970 855,969 911,969 966,968 1022,967 1078,967 1134,966 1189,966 1245,965 1301,965 1356,965 1412,964 1468,964 1523,964 1579,964 1635,963 1691,963"/>
                <TextEquiv>
                    <Unicode>gleichmäßig blonden Kinder eines blanäugigen Verwandtenkreises.</Unicode>
                </TextEquiv>
            </TextLine>
            <TextLine id="r1l68" custom="readingOrder {index:67;}">
                <Coords points="377,981 402,980 415,990 433,977 459,983 566,979 564,850 526,853 508,863 454,857 438,864 422,848 400,858 391,848 375,849"/>
                <Baseline points="393,973 419,972 445,973 471,973 497,973 523,972 549,969"/>
                <TextEquiv>
                    <Unicode>Mer</Unicode>
                </TextEquiv>
            </TextLine>
            <TextLine id="r1l69" custom="readingOrder {index:68;}">
                <Coords points="571,1017 1723,1021 1723,971 571,976"/>
                <Baseline points="586,1011 642,1011 698,1010 754,1010 810,1010 866,1009 922,1009 978,1009 1034,1008 1090,1008 1147,1008 1203,1008 1259,1007 1315,1007 1371,1007 1427,1007 1483,1006 1539,1006 1595,1006 1651,1006 1708,1006"/>
                <TextEquiv>
                    <Unicode>Schnitzler's Lieblingsthema ist das Verhältniß des reichen jungen</Unicode>
                </TextEquiv>
            </TextLine>
            <TextLine id="r1l70" custom="readingOrder {index:69;}">
                <Coords points="394,1015 439,1015 455,1027 480,1020 568,1018 567,984 542,984 532,978 394,981"/>
                <Baseline points="411,1015 439,1016 467,1016 495,1015 523,1014 551,1013"/>
                <TextEquiv>
                    <Unicode>eigenen</Unicode>
                </TextEquiv>
            </TextLine>
            <TextLine id="r1l71" custom="readingOrder {index:70;}">
                <Coords points="566,1062 1725,1062 1724,1021 1576,1003 566,1018"/>
                <Baseline points="582,1055 638,1054 694,1052 751,1051 807,1050 864,1050 920,1049 976,1049 1033,1048 1089,1048 1146,1048 1202,1047 1258,1047 1315,1047 1371,1047 1428,1046 1484,1046 1540,1045 1597,1044 1653,1044 1710,1042"/>
                <TextEquiv>
                    <Unicode>Mannes zum armen Mädchen aus dem Volke. Im Anatoke¬</Unicode>
                </TextEquiv>
            </TextLine>
            <TextLine id="r1l72" custom="readingOrder {index:71;}">
                <Coords points="397,1057 413,1057 419,1063 438,1060 447,1069 463,1063 473,1070 507,1057 520,1064 558,1064 558,1017 479,1022 460,1003 429,1019 397,1016"/>
                <Baseline points="413,1053 439,1054 465,1055 491,1055 517,1055 543,1053"/>
                <TextEquiv>
                    <Unicode>Anzahl</Unicode>
                </TextEquiv>
            </TextLine>
            <TextLine id="r1l73" custom="readingOrder {index:72;}">
                <Coords points="1979,1061 2152,1078 2187,1056 2221,1074 2341,1057 2376,1079 2618,1054 2617,1007 2564,995 1978,1011"/>
                <Baseline points="1994,1056 2024,1057 2054,1058 2085,1058 2115,1059 2145,1059 2176,1059 2206,1059 2236,1059 2267,1058 2297,1058 2327,1057 2358,1057 2388,1056 2418,1056 2449,1055 2479,1054 2509,1053 2540,1053 2570,1052 2601,1051"/>
                <TextEquiv>
                    <Unicode>Börse und Handel.</Unicode>
                </TextEquiv>
            </TextLine>
            <TextLine id="r1l74" custom="readingOrder {index:73;}">
                <Coords points="557,1106 1725,1081 1724,1043 557,1050"/>
                <Baseline points="573,1093 629,1092 686,1092 743,1091 800,1091 857,1091 913,1090 970,1090 1027,1090 1084,1090 1141,1089 1197,1089 1254,1088 1311,1088 1368,1087 1425,1087 1481,1086 1538,1085 1595,1084 1652,1083 1709,1081"/>
                <TextEquiv>
                    <Unicode>cyclus ist das Thema mehr als fideles Champagner¬</Unicode>
                </TextEquiv>
            </TextLine>
            <TextLine id="r1l75" custom="readingOrder {index:74;}">
                <Coords points="383,1093 402,1093 412,1103 430,1106 456,1090 478,1102 528,1099 563,1105 562,1061 540,1067 534,1061 474,1055 462,1062 424,1065 402,1046 383,1046"/>
                <Baseline points="400,1093 429,1095 459,1095 488,1095 518,1094 548,1093"/>
                <TextEquiv>
                    <Unicode>m erst¬</Unicode>
                </TextEquiv>
            </TextLine>
            <TextLine id="r1l76" custom="readingOrder {index:75;}">
                <Coords points="1777,1118 2844,1110 2885,1103 2884,1037 2073,1085 1776,1055"/>
                <Baseline points="1794,1108 1847,1109 1901,1109 1955,1110 2009,1110 2063,1109 2116,1109 2170,1108 2224,1107 2278,1106 2332,1105 2385,1103 2439,1102 2493,1101 2547,1100 2601,1098 2654,1098 2708,1097 2762,1096 2816,1096 2870,1096"/>
                <TextEquiv>
                    <Unicode>Vom Tage. Der Privuldiskont erhöhte sich gestern auf</Unicode>
                </TextEquiv>
            </TextLine>
            <TextLine id="r1l77" custom="readingOrder {index:76;}">
                <Coords points="558,1145 1650,1142 1716,1135 1716,1088 558,1095"/>
                <Baseline points="574,1136 630,1134 686,1134 742,1133 799,1132 855,1132 911,1131 968,1131 1024,1131 1080,1131 1137,1131 1193,1130 1249,1130 1305,1130 1362,1130 1418,1129 1474,1129 1531,1128 1587,1128 1643,1127 1700,1126"/>
                <TextEquiv>
                    <Unicode>Verhältniß in einer liebenswürdig heiteren Art ergötzlich</Unicode>
                </TextEquiv>
            </TextLine>
            <TextLine id="r1l78" custom="readingOrder {index:77;}">
                <Coords points="386,1142 412,1136 455,1148 478,1142 518,1147 544,1135 563,1136 564,1107 545,1107 539,1100 473,1101 464,1091 441,1100 388,1092"/>
                <Baseline points="403,1132 431,1133 460,1135 489,1135 518,1136 547,1138"/>
                <TextEquiv>
                    <Unicode>r Jubi¬</Unicode>
                </TextEquiv>
            </TextLine>
            <TextLine id="r1l79" custom="readingOrder {index:78;}">
                <Coords points="1708,1159 2892,1148 2890,1085 1707,1115"/>
                <Baseline points="1723,1156 1780,1157 1838,1157 1896,1157 1953,1156 2011,1156 2069,1155 2126,1155 2184,1154 2242,1153 2300,1151 2357,1150 2415,1149 2473,1147 2530,1146 2588,1145 2646,1143 2703,1142 2761,1141 2819,1139 2877,1138"/>
                <TextEquiv>
                    <Unicode>4½ pCt., d. h. ½ pCt. über die Bankate. Die Spekulation zeigte</Unicode>
                </TextEquiv>
            </TextLine>
            <TextLine id="r1l80" custom="readingOrder {index:79;}">
                <Coords points="555,1183 1717,1179 1688,1122 555,1142"/>
                <Baseline points="571,1177 627,1176 683,1175 740,1174 796,1173 853,1172 909,1172 966,1171 1022,1171 1079,1171 1135,1170 1191,1170 1248,1170 1304,1170 1361,1170 1417,1170 1474,1169 1530,1169 1587,1169 1643,1169 1700,1168"/>
                <TextEquiv>
                    <Unicode>varüirt, in der anmuthig=lyrischen „Liebelei“ in lieber Melancholie, in</Unicode>
                </TextEquiv>
            </TextLine>
            <TextLine id="r1l81" custom="readingOrder {index:80;}">
                <Coords points="380,1189 412,1182 569,1187 569,1127 553,1128 528,1150 522,1144 468,1147 440,1132 427,1138 380,1136"/>
                <Baseline points="395,1177 421,1176 447,1175 474,1175 500,1175 526,1175 553,1175"/>
                <TextEquiv>
                    <Unicode>sommer¬</Unicode>
                </TextEquiv>
            </TextLine>
            <TextLine id="r1l82" custom="readingOrder {index:81;}">
                <Coords points="1722,1215 2880,1204 2892,1147 1721,1162"/>
                <Baseline points="1738,1205 1794,1203 1851,1202 1908,1201 1965,1200 2022,1199 2079,1199 2136,1198 2193,1197 2250,1196 2307,1195 2363,1194 2420,1194 2477,1192 2534,1191 2591,1190 2648,1189 2705,1187 2762,1186 2819,1183 2876,1181"/>
                <TextEquiv>
                    <Unicode>sich jedoch hierdurch keineswegs bennruhigt, es war viel¬</Unicode>
                </TextEquiv>
            </TextLine>
            <TextLine id="r1l83" custom="readingOrder {index:82;}">
                <Coords points="563,1223 1668,1221 1718,1215 1718,1171 563,1182"/>
                <Baseline points="580,1219 636,1218 692,1217 748,1215 804,1215 860,1214 916,1213 972,1213 1028,1212 1084,1212 1141,1212 1197,1211 1253,1211 1309,1211 1365,1211 1421,1210 1477,1210 1533,1210 1589,1210 1645,1210 1702,1209"/>
                <TextEquiv>
                    <Unicode>eine innige Traurigkeit gewandelt. Und von Anatole und Christine</Unicode>
                </TextEquiv>
            </TextLine>
            <TextLine id="r1l84" custom="readingOrder {index:83;}">
                <Coords points="389,1242 436,1245 465,1228 480,1228 496,1241 521,1234 565,1234 565,1193 549,1193 533,1180 442,1185 388,1176"/>
                <Baseline points="404,1222 433,1218 462,1218 491,1219 520,1219 549,1217"/>
                <TextEquiv>
                    <Unicode>imtliche</Unicode>
                </TextEquiv>
            </TextLine>
            <TextLine id="r1l85" custom="readingOrder {index:84;}">
                <Coords points="1727,1250 2756,1249 2894,1203 1726,1210"/>
                <Baseline points="1742,1248 1798,1247 1855,1246 1912,1245 1969,1244 2026,1244 2082,1242 2139,1241 2196,1240 2253,1239 2310,1239 2366,1238 2423,1237 2480,1236 2537,1235 2594,1235 2650,1234 2707,1234 2764,1233 2821,1233 2878,1233"/>
                <TextEquiv>
                    <Unicode>mehr gerade in der zweiten Börsenhälfte eine zuversichtliche</Unicode>
                </TextEquiv>
            </TextLine>
            <TextLine id="r1l86" custom="readingOrder {index:85;}">
                <Coords points="561,1259 1619,1269 1719,1253 1719,1212 561,1221"/>
                <Baseline points="577,1259 633,1258 689,1257 745,1256 802,1255 858,1255 914,1254 971,1254 1027,1254 1083,1254 1140,1254 1196,1254 1252,1254 1308,1254 1365,1254 1421,1254 1477,1253 1534,1253 1590,1251 1646,1250 1703,1249"/>
                <TextEquiv>
                    <Unicode>kommt Schnitzler nicht los. Und so war es gestern nach den</Unicode>
                </TextEquiv>
            </TextLine>
            <TextLine id="r1l87" custom="readingOrder {index:86;}">
                <Coords points="1716,1304 2893,1280 2892,1233 1715,1241"/>
                <Baseline points="1731,1289 1788,1289 1845,1289 1903,1289 1960,1289 2017,1289 2075,1288 2132,1287 2189,1286 2247,1286 2304,1285 2361,1284 2419,1283 2476,1282 2533,1281 2591,1280 2648,1279 2705,1279 2763,1278 2820,1278 2878,1278"/>
                <TextEquiv>
                    <Unicode>Stimmung bemerkbar, welche (damit motivirt wurde, daß</Unicode>
                </TextEquiv>
            </TextLine>
            <TextLine id="r1l88" custom="readingOrder {index:87;}">
                <Coords points="566,1299 1693,1304 1730,1247 566,1262"/>
                <Baseline points="581,1298 637,1298 694,1297 751,1297 807,1297 864,1296 921,1296 977,1295 1034,1295 1091,1294 1148,1294 1204,1294 1261,1293 1318,1293 1374,1293 1431,1292 1488,1292 1544,1292 1601,1291 1658,1291 1715,1291"/>
                <TextEquiv>
                    <Unicode>ersten Szenen, als träfen wir gute Bekannte. Es erschien wie</Unicode>
                </TextEquiv>
            </TextLine>
            <TextLine id="r1l89" custom="readingOrder {index:88;}">
                <Coords points="1722,1333 2889,1342 2889,1282 1721,1289"/>
                <Baseline points="1738,1336 1794,1336 1851,1335 1908,1335 1964,1334 2021,1333 2078,1332 2134,1331 2191,1330 2248,1329 2305,1328 2361,1327 2418,1326 2475,1325 2531,1324 2588,1324 2645,1323 2701,1323 2758,1323 2815,1323 2872,1324"/>
                <TextEquiv>
                    <Unicode>die für Montag bestimmt zu erwartende Erhöhung des</Unicode>
                </TextEquiv>
            </TextLine>
            <TextLine id="r1l90" custom="readingOrder {index:89;}">
                <Coords points="567,1342 1637,1346 1722,1336 1722,1292 567,1301"/>
                <Baseline points="582,1340 638,1338 694,1337 750,1336 806,1335 863,1334 919,1334 975,1334 1031,1334 1087,1334 1144,1335 1200,1335 1256,1335 1312,1335 1368,1335 1425,1335 1481,1335 1537,1335 1593,1334 1649,1333 1706,1331"/>
                <TextEquiv>
                    <Unicode>der „Liebelei“ zweiter Theil. Man nehme an, Christinen's Ge¬</Unicode>
                </TextEquiv>
            </TextLine>
            <TextLine id="r1l91" custom="readingOrder {index:90;}">
                <Coords points="559,1391 1607,1389 1729,1372 1729,1331 558,1331"/>
                <Baseline points="573,1378 630,1378 687,1377 744,1377 801,1376 858,1376 915,1376 972,1376 1029,1375 1086,1375 1143,1375 1200,1375 1257,1375 1314,1374 1371,1374 1428,1374 1485,1373 1542,1373 1599,1372 1656,1371 1714,1370"/>
                <TextEquiv>
                    <Unicode>liebter sei im Duell nicht gefallen, sondern habe das Mädchen ein¬</Unicode>
                </TextEquiv>
            </TextLine>
            <TextLine id="r1l92" custom="readingOrder {index:91;}">
                <Coords points="1730,1397 2869,1390 2887,1323 1729,1340"/>
                <Baseline points="1747,1382 1803,1381 1859,1381 1915,1380 1971,1379 2028,1379 2084,1378 2140,1377 2196,1377 2252,1376 2309,1375 2365,1374 2421,1373 2477,1372 2533,1372 2590,1371 2646,1370 2702,1368 2758,1367 2814,1366 2871,1365"/>
                <TextEquiv>
                    <Unicode>Bankdiskonts den Markt von den bisherigen Befürchtungen be¬</Unicode>
                </TextEquiv>
            </TextLine>
            <TextLine id="r1l93" custom="readingOrder {index:92;}">
                <Coords points="415,1429 1706,1424 1724,1367 415,1381"/>
                <Baseline points="430,1424 493,1424 557,1423 621,1422 685,1421 749,1421 813,1420 877,1419 941,1418 1005,1418 1069,1417 1132,1416 1196,1416 1260,1415 1324,1415 1388,1415 1452,1414 1516,1414 1580,1414 1644,1415 1708,1415"/>
                <TextEquiv>
                    <Unicode>ersten gemiethet und sie ihm ein Kind geboren. Niemand weiß</Unicode>
                </TextEquiv>
            </TextLine>
            <TextLine id="r1l94" custom="readingOrder {index:93;}">
                <Coords points="1730,1436 2898,1415 2897,1361 2796,1356 1730,1398"/>
                <Baseline points="1745,1431 1801,1429 1858,1427 1915,1425 1972,1424 2029,1422 2086,1421 2142,1421 2199,1420 2256,1419 2313,1419 2370,1419 2427,1418 2484,1418 2540,1418 2597,1417 2654,1417 2711,1416 2768,1415 2825,1414 2882,1413"/>
                <TextEquiv>
                    <Unicode>züglich des Geldstandes endlich befreien werde. So merk¬</Unicode>
                </TextEquiv>
            </TextLine>
            <TextLine id="r1l95" custom="readingOrder {index:94;}">
                <Coords points="408,1482 1733,1462 1733,1412 407,1412"/>
                <Baseline points="424,1462 488,1463 553,1463 617,1462 682,1462 747,1462 811,1461 876,1460 940,1459 1005,1458 1070,1457 1134,1456 1199,1455 1263,1455 1328,1454 1392,1453 1457,1453 1522,1453 1586,1453 1651,1453 1716,1454"/>
                <TextEquiv>
                    <Unicode>Scar davon, als der Freund und eine Verwandte. Bei einem</Unicode>
                </TextEquiv>
            </TextLine>
            <TextLine id="r1l96" custom="readingOrder {index:95;}">
                <Coords points="1722,1492 2903,1480 2876,1411 1722,1448"/>
                <Baseline points="1739,1472 1796,1472 1853,1472 1911,1471 1968,1471 2026,1470 2083,1469 2140,1468 2198,1467 2255,1466 2313,1465 2370,1464 2427,1464 2485,1463 2542,1462 2600,1461 2657,1461 2714,1460 2772,1460 2829,1460 2887,1460"/>
                <TextEquiv>
                    <Unicode>wstrdig diese Araumentation auch klingen mag, so erklärt sich</Unicode>
                </TextEquiv>
            </TextLine>
            <TextLine id="r1l97" custom="readingOrder {index:96;}">
                <Coords points="559,1505 1727,1497 1727,1456 559,1461"/>
                <Baseline points="575,1499 631,1499 688,1499 745,1498 802,1498 859,1497 916,1497 972,1496 1029,1495 1086,1495 1143,1494 1200,1493 1257,1492 1314,1492 1370,1491 1427,1491 1484,1490 1541,1490 1598,1490 1655,1490 1712,1491"/>
                <TextEquiv>
                    <Unicode>Spazierritt stürzt er mit dem Pferde und wi.d sterbend zu den</Unicode>
                </TextEquiv>
            </TextLine>
            <TextLine id="r1l98" custom="readingOrder {index:97;}">
                <Coords points="409,1530 428,1530 450,1508 488,1505 497,1514 513,1514 532,1505 567,1505 567,1470 519,1470 504,1457 478,1473 450,1473 438,1467 425,1479 409,1479"/>
                <Baseline points="424,1501 449,1502 475,1502 500,1502 526,1502 552,1501"/>
                <TextEquiv>
                    <Unicode>#e ge¬</Unicode>
                </TextEquiv>
            </TextLine>
            <TextLine id="r1l99" custom="readingOrder {index:98;}">
                <Coords points="1727,1533 2904,1522 2881,1459 1726,1470"/>
                <Baseline points="1743,1510 1800,1511 1857,1512 1914,1513 1972,1513 2029,1513 2086,1512 2143,1512 2201,1511 2258,1510 2315,1510 2372,1509 2430,1507 2487,1507 2544,1506 2601,1505 2659,1505 2716,1504 2773,1504 2830,1504 2888,1504"/>
                <TextEquiv>
                    <Unicode>dieselbe andereiseits doch durch die in den letzten Jahren</Unicode>
                </TextEquiv>
            </TextLine>
            <TextLine id="r1l100" custom="readingOrder {index:99;}">
                <Coords points="568,1540 1669,1540 1729,1530 1729,1489 567,1509"/>
                <Baseline points="582,1539 638,1538 695,1538 751,1537 808,1536 864,1536 921,1535 977,1535 1034,1534 1090,1534 1147,1534 1203,1533 1260,1533 1316,1532 1373,1532 1429,1531 1486,1531 1542,1530 1599,1529 1655,1529 1712,1528"/>
                <TextEquiv>
                    <Unicode>Eltern gebracht. Er hat, bevor er stirbt, nur noch eine Beichte</Unicode>
                </TextEquiv>
            </TextLine>
            <TextLine id="r1l101" custom="readingOrder {index:100;}">
                <Coords points="427,1549 562,1549 562,1502 528,1499 512,1511 496,1511 490,1505 459,1505 443,1514 427,1514"/>
                <Baseline points="442,1540 468,1540 494,1541 520,1541 547,1539"/>
                <TextEquiv>
                    <Unicode>Wort</Unicode>
                </TextEquiv>
            </TextLine>
            <TextLine id="r1l102" custom="readingOrder {index:101;}">
                <Coords points="1734,1569 2232,1582 2477,1544 2654,1573 2883,1549 2883,1508 1734,1521"/>
                <Baseline points="1749,1556 1807,1557 1866,1557 1925,1558 1984,1558 2043,1558 2102,1557 2161,1556 2220,1556 2279,1555 2337,1553 2396,1552 2455,1551 2514,1550 2573,1549 2632,1548 2691,1548 2750,1547 2809,1547 2868,1547"/>
                <TextEquiv>
                    <Unicode>nach dieser Richtung hin gemachten Erfahrungen und es</Unicode>
                </TextEquiv>
            </TextLine>
            <TextLine id="r1l103" custom="readingOrder {index:102;}">
                <Coords points="554,1596 1735,1576 1734,1538 1583,1529 554,1533"/>
                <Baseline points="571,1577 628,1576 685,1575 743,1574 800,1574 857,1573 915,1572 972,1572 1029,1572 1087,1571 1144,1571 1201,1571 1259,1571 1316,1571 1373,1570 1431,1570 1488,1570 1545,1570 1603,1569 1660,1569 1718,1568"/>
                <TextEquiv>
                    <Unicode>und einen Wunsch: die Eltern möchten seine Geliebte und sein</Unicode>
                </TextEquiv>
            </TextLine>
            <TextLine id="r1l104" custom="readingOrder {index:103;}">
                <Coords points="420,1606 436,1606 454,1587 467,1587 476,1577 489,1590 539,1589 568,1582 567,1532 551,1532 542,1542 498,1542 467,1552 435,1531 419,1531"/>
                <Baseline points="435,1580 464,1581 493,1580 522,1579 551,1580"/>
                <TextEquiv>
                    <Unicode>n den</Unicode>
                </TextEquiv>
            </TextLine>
            <TextLine id="r1l105" custom="readingOrder {index:104;}">
                <Coords points="1723,1613 2887,1590 2886,1546 1722,1559"/>
                <Baseline points="1739,1604 1795,1605 1852,1606 1908,1606 1965,1606 2022,1606 2078,1606 2135,1605 2192,1604 2248,1603 2305,1602 2362,1601 2418,1600 2475,1598 2532,1597 2588,1596 2645,1595 2702,1594 2758,1593 2815,1593 2872,1593"/>
                <TextEquiv>
                    <Unicode>wäre nur zu wünschen, daß die Optimisten auch dies¬</Unicode>
                </TextEquiv>
            </TextLine>
            <TextLine id="r1l106" custom="readingOrder {index:105;}">
                <Coords points="558,1625 1698,1622 1732,1565 558,1581"/>
                <Baseline points="575,1619 632,1619 689,1618 746,1618 803,1617 860,1617 917,1616 974,1616 1031,1615 1088,1614 1145,1614 1202,1613 1259,1612 1316,1612 1373,1611 1430,1610 1487,1610 1544,1609 1601,1609 1658,1609 1716,1608"/>
                <TextEquiv>
                    <Unicode>Kind ins Haus nehmen. Wir merken das Problem. Wie</Unicode>
                </TextEquiv>
            </TextLine>
            <TextLine id="r1l107" custom="readingOrder {index:106;}">
                <Coords points="422,1629 541,1629 551,1620 567,1620 567,1582 516,1585 504,1591 482,1582 472,1582 466,1588 422,1588"/>
                <Baseline points="438,1621 466,1625 495,1625 523,1624 552,1623"/>
                <TextEquiv>
                    <Unicode>tigen</Unicode>
                </TextEquiv>
            </TextLine>
            <TextLine id="r1l108" custom="readingOrder {index:107;}">
                <Coords points="1729,1661 2893,1632 2870,1588 1728,1607"/>
                <Baseline points="1743,1649 1799,1650 1856,1651 1913,1651 1970,1651 2026,1651 2083,1651 2140,1651 2197,1650 2253,1649 2310,1648 2367,1647 2424,1646 2480,1645 2537,1644 2594,1642 2651,1641 2707,1640 2764,1639 2821,1637 2878,1636"/>
                <TextEquiv>
                    <Unicode>mal Recht behielten. Gestern hielt es die Spekulation für</Unicode>
                </TextEquiv>
            </TextLine>
            <TextLine id="r1l109" custom="readingOrder {index:108;}">
                <Coords points="1364,1654 1418,1675 1446,1661 1550,1665 1569,1652 1723,1657 1725,1609 1684,1620 1574,1598 1558,1611 1363,1623"/>
                <Baseline points="1380,1659 1405,1656 1431,1655 1456,1653 1482,1652 1507,1651 1533,1650 1558,1650 1584,1650 1609,1649 1635,1649 1660,1648 1686,1648 1712,1647"/>
                <TextEquiv>
                    <Unicode>gesellschaft¬</Unicode>
                </TextEquiv>
            </TextLine>
            <TextLine id="r1l110" custom="readingOrder {index:109;}">
                <Coords points="959,1660 1000,1666 1012,1654 1025,1663 1044,1654 1145,1670 1236,1655 1255,1664 1283,1658 1283,1627 1195,1620 1183,1607 1164,1620 1104,1620 1076,1597 1054,1597 1035,1616 959,1628"/>
                <Baseline points="974,1651 1000,1652 1027,1652 1054,1653 1080,1653 1107,1653 1134,1653 1161,1653 1187,1653 1214,1653 1241,1653 1268,1653"/>
                <TextEquiv>
                    <Unicode>philiströse,</Unicode>
                </TextEquiv>
            </TextLine>
            <TextLine id="r1l111" custom="readingOrder {index:110;}">
                <Coords points="556,1676 697,1655 764,1676 782,1657 814,1666 845,1644 874,1665 924,1665 974,1645 974,1620 785,1623 759,1607 741,1623 681,1611 659,1628 555,1632"/>
                <Baseline points="571,1659 596,1658 622,1658 648,1658 674,1657 700,1657 726,1657 752,1657 777,1657 803,1657 829,1656 855,1656 881,1655 907,1654 933,1653 959,1651"/>
                <TextEquiv>
                    <Unicode>swird sich die</Unicode>
                </TextEquiv>
            </TextLine>
            <TextLine id="r1l112" custom="readingOrder {index:111;}">
                <Coords points="409,1663 434,1660 447,1672 510,1669 532,1675 551,1659 573,1662 572,1627 547,1624 528,1631 506,1624 462,1622 443,1631 409,1631"/>
                <Baseline points="426,1663 452,1664 478,1663 505,1663 531,1663 558,1663"/>
                <TextEquiv>
                    <Unicode>orden.</Unicode>
                </TextEquiv>
            </TextLine>
            <TextLine id="r1l113" custom="readingOrder {index:112;}">
                <Coords points="1730,1697 2879,1703 2901,1621 2624,1655 1730,1650"/>
                <Baseline points="1746,1697 1803,1696 1860,1695 1917,1695 1974,1694 2031,1694 2088,1694 2145,1693 2202,1693 2259,1693 2316,1693 2373,1693 2430,1693 2487,1692 2544,1692 2601,1691 2658,1690 2715,1688 2772,1687 2829,1685 2886,1682"/>
                <TextEquiv>
                    <Unicode>das Geratheuste, sich der größten Reserve zu befleißigen. Der Ver¬</Unicode>
                </TextEquiv>
            </TextLine>
            <TextLine id="r1l114" custom="readingOrder {index:113;}">
                <Coords points="408,1703 1614,1711 1720,1701 1720,1654 408,1662"/>
                <Baseline points="425,1705 489,1703 553,1702 617,1701 681,1700 745,1699 809,1698 873,1697 937,1697 1001,1696 1065,1696 1129,1695 1193,1695 1257,1695 1321,1694 1385,1694 1449,1694 1513,1694 1577,1693 1641,1693 1706,1692"/>
                <TextEquiv>
                    <Unicode>ineu=lichen Vorurtheilen befangene egoistische</Unicode>
                </TextEquiv>
            </TextLine>
            <TextLine id="r1l115" custom="readingOrder {index:114;}">
                <Coords points="1184,1740 1562,1743 1596,1718 1634,1746 1719,1737 1719,1699 1650,1693 1184,1696"/>
                <Baseline points="1200,1731 1225,1732 1250,1732 1275,1732 1300,1733 1326,1733 1351,1733 1376,1733 1401,1733 1426,1733 1452,1733 1477,1733 1502,1733 1527,1733 1552,1733 1578,1733 1603,1732 1628,1732 1653,1732 1678,1732 1704,1731"/>
                <TextEquiv>
                    <Unicode>m verlassenen Ge¬</Unicode>
                </TextEquiv>
            </TextLine>
            <TextLine id="r1l116" custom="readingOrder {index:115;}">
                <Coords points="1723,1746 2790,1732 2897,1763 2897,1671 1723,1702"/>
                <Baseline points="1739,1740 1796,1739 1853,1738 1910,1738 1967,1738 2024,1738 2081,1738 2138,1738 2195,1738 2252,1738 2310,1739 2367,1739 2424,1739 2481,1739 2538,1738 2595,1738 2652,1737 2709,1736 2766,1734 2823,1732 2881,1729"/>
                <TextEquiv>
                    <Unicode>kehr wurde mit Rücksicht auf die schwächeren Bulletins von den</Unicode>
                </TextEquiv>
            </TextLine>
            <TextLine id="r1l117" custom="readingOrder {index:116;}">
                <Coords points="415,1744 765,1754 991,1728 990,1697 603,1700 415,1722"/>
                <Baseline points="430,1745 457,1745 484,1745 511,1745 538,1745 566,1744 593,1744 620,1744 647,1743 674,1743 702,1742 729,1741 756,1741 783,1740 810,1740 838,1739 865,1739 892,1739 919,1738 946,1738 974,1738"/>
                <TextEquiv>
                    <Unicode>iment=] Verwandtschaft</Unicode>
                </TextEquiv>
            </TextLine>
            <TextLine id="r1l118" custom="readingOrder {index:117;}">
                <Coords points="1628,1781 1660,1783 1672,1779 1682,1782 1688,1778 1704,1778 1719,1767 1732,1767 1730,1729 1699,1734 1686,1731 1671,1738 1661,1732 1649,1742 1627,1743"/>
                <Baseline points="1643,1773 1679,1771 1716,1770"/>
                <TextEquiv>
                    <Unicode>des</Unicode>
                </TextEquiv>
            </TextLine>
            <TextLine id="r1l119" custom="readingOrder {index:118;}">
                <Coords points="564,1785 1634,1789 1633,1720 563,1744"/>
                <Baseline points="581,1784 632,1784 684,1783 736,1782 788,1781 840,1780 892,1779 944,1778 996,1778 1048,1777 1100,1776 1151,1776 1203,1775 1255,1775 1307,1774 1359,1774 1411,1774 1463,1774 1515,1774 1567,1774 1619,1774"/>
                <TextEquiv>
                    <Unicode>schöpf stellen? Werden sie das Vermächtniß</Unicode>
                </TextEquiv>
            </TextLine>
            <TextLine id="r1l120" custom="readingOrder {index:119;}">
                <Coords points="410,1790 429,1786 467,1795 476,1786 495,1795 545,1785 552,1791 577,1791 576,1737 536,1751 457,1745 444,1752 425,1736 409,1736"/>
                <Baseline points="425,1785 452,1784 479,1784 506,1783 533,1783 560,1784"/>
                <TextEquiv>
                    <Unicode>in Er¬</Unicode>
                </TextEquiv>
            </TextLine>
            <TextLine id="r1l121" custom="readingOrder {index:120;}">
                <Coords points="1728,1804 2896,1773 2895,1738 2792,1732 1728,1744"/>
                <Baseline points="1745,1785 1801,1785 1858,1785 1915,1785 1972,1785 2029,1785 2085,1785 2142,1784 2199,1784 2256,1784 2313,1784 2369,1784 2426,1783 2483,1783 2540,1782 2597,1782 2653,1781 2710,1781 2767,1780 2824,1780 2881,1779"/>
                <TextEquiv>
                    <Unicode>Auslandsbörsen auf den meisten Geschäftsgebieten zu mäßig</Unicode>
                </TextEquiv>
            </TextLine>
            <TextLine id="r1l122" custom="readingOrder {index:121;}">
                <Coords points="397,1818 1518,1832 1725,1823 1725,1773 397,1789"/>
                <Baseline points="414,1830 478,1828 543,1827 608,1825 673,1824 738,1823 803,1822 867,1821 932,1820 997,1819 1062,1818 1127,1817 1192,1817 1257,1816 1321,1815 1386,1815 1451,1815 1516,1814 1581,1814 1646,1814 1711,1813"/>
                <TextEquiv>
                    <Unicode>te noch Sohnes treu erfüllen? Die Charaktere lassen uns</Unicode>
                </TextEquiv>
            </TextLine>
            <TextLine id="r1l123" custom="readingOrder {index:122;}">
                <Coords points="1723,1834 2614,1843 2856,1832 2897,1781 1723,1797"/>
                <Baseline points="1739,1831 1796,1830 1853,1830 1910,1830 1967,1829 2024,1829 2081,1829 2138,1829 2195,1829 2252,1829 2310,1829 2367,1828 2424,1828 2481,1828 2538,1827 2595,1826 2652,1825 2709,1824 2766,1823 2823,1821 2881,1819"/>
                <TextEquiv>
                    <Unicode>reduzirten Kursen aufgenommen, im weiteren Verlaufe konnte sich</Unicode>
                </TextEquiv>
            </TextLine>
            <TextLine id="r1l124" custom="readingOrder {index:123;}">
                <Coords points="559,1868 1717,1863 1717,1822 1600,1800 1516,1833 559,1818"/>
                <Baseline points="575,1864 631,1863 687,1862 743,1862 800,1861 856,1861 912,1860 969,1860 1025,1860 1081,1860 1138,1859 1194,1859 1250,1859 1306,1858 1363,1858 1419,1857 1475,1857 1532,1856 1588,1855 1644,1854 1701,1853"/>
                <TextEquiv>
                    <Unicode>das Gegentheil glauben. Da ist vor Allem das Haupt der</Unicode>
                </TextEquiv>
            </TextLine>
            <TextLine id="r1l125" custom="readingOrder {index:124;}">
                <Coords points="404,1867 426,1866 442,1876 467,1866 496,1879 527,1872 540,1878 549,1872 559,1881 574,1881 574,1818 558,1818 546,1831 404,1832"/>
                <Baseline points="420,1870 447,1868 475,1867 502,1867 530,1868 558,1868"/>
                <TextEquiv>
                    <Unicode>es neue</Unicode>
                </TextEquiv>
            </TextLine>
            <TextLine id="r1l126" custom="readingOrder {index:125;}">
                <Coords points="1722,1886 2902,1899 2883,1820 1722,1832"/>
                <Baseline points="1737,1878 1794,1878 1852,1877 1909,1877 1967,1877 2024,1877 2082,1877 2139,1877 2197,1877 2254,1876 2312,1876 2370,1876 2427,1876 2485,1876 2542,1875 2600,1875 2657,1874 2715,1874 2772,1873 2830,1871 2888,1870"/>
                <TextEquiv>
                    <Unicode>jedoch bei sehr geringfügigen Umsätzen durchweg eine ziemlich</Unicode>
                </TextEquiv>
            </TextLine>
            <TextLine id="r1l127" custom="readingOrder {index:126;}">
                <Coords points="564,1907 1729,1903 1728,1859 1652,1856 563,1863"/>
                <Baseline points="580,1909 636,1907 693,1906 749,1905 806,1904 863,1903 919,1903 976,1902 1033,1901 1089,1901 1146,1900 1203,1900 1259,1899 1316,1899 1373,1898 1429,1898 1486,1897 1543,1896 1599,1895 1656,1894 1713,1893"/>
                <TextEquiv>
                    <Unicode>Familie, ein Professor der Nationalökonomie, ein Vertreter der</Unicode>
                </TextEquiv>
            </TextLine>
            <TextLine id="r1l128" custom="readingOrder {index:127;}">
                <Coords points="413,1913 435,1910 451,1919 479,1919 501,1909 511,1918 564,1917 563,1876 548,1876 541,1870 510,1874 463,1868 447,1878 412,1876"/>
                <Baseline points="430,1912 459,1910 489,1909 518,1909 548,1910"/>
                <TextEquiv>
                    <Unicode>ihrem</Unicode>
                </TextEquiv>
            </TextLine>
            <TextLine id="r1l129" custom="readingOrder {index:128;}">
                <Coords points="1724,1931 1768,1946 1838,1927 2266,1932 2303,1919 2303,1875 2070,1892 2017,1873 1995,1892 1853,1870 1724,1880"/>
                <Baseline points="1741,1922 1768,1920 1795,1920 1823,1918 1850,1918 1878,1917 1905,1917 1932,1918 1960,1918 1987,1918 2015,1919 2042,1919 2069,1919 2097,1920 2124,1920 2152,1919 2179,1919 2206,1918 2234,1918 2261,1916 2289,1914"/>
                <TextEquiv>
                    <Unicode>freundliche Teudenz behaupten.</Unicode>
                </TextEquiv>
            </TextLine>
            <TextLine id="r1l130" custom="readingOrder {index:129;}">
                <Coords points="569,1949 1636,1959 1730,1952 1730,1895 568,1911"/>
                <Baseline points="585,1947 641,1946 697,1946 754,1945 810,1945 867,1944 923,1944 979,1943 1036,1942 1092,1942 1149,1942 1205,1941 1261,1940 1318,1940 1374,1939 1431,1938 1487,1938 1543,1937 1600,1936 1656,1935 1713,1934"/>
                <TextEquiv>
                    <Unicode>kleinbürgerlichsten Moral, ein haltloses Kaffeehaustrottelchen,</Unicode>
                </TextEquiv>
            </TextLine>
            <TextLine id="r1l131" custom="readingOrder {index:130;}">
                <Coords points="428,1966 443,1966 452,1956 474,1951 490,1960 518,1955 572,1959 570,1915 545,1916 535,1910 516,1911 510,1918 500,1909 469,1917 425,1916"/>
                <Baseline points="442,1956 470,1952 499,1950 527,1949 556,1950"/>
                <TextEquiv>
                    <Unicode>geben</Unicode>
                </TextEquiv>
            </TextLine>
            <TextLine id="r1l132" custom="readingOrder {index:131;}">
                <Coords points="1798,1980 2859,1970 2890,1903 2472,1941 2408,1907 1798,1933"/>
                <Baseline points="1814,1969 1867,1969 1920,1969 1973,1969 2026,1969 2079,1969 2132,1970 2185,1970 2238,1970 2291,1970 2344,1970 2397,1970 2450,1970 2503,1970 2556,1969 2609,1968 2662,1966 2715,1965 2768,1963 2821,1960 2875,1957"/>
                <TextEquiv>
                    <Unicode>Annener Gußstahlwerk. In der gestern zu Annen statt¬</Unicode>
                </TextEquiv>
            </TextLine>
            <TextLine id="r1l133" custom="readingOrder {index:132;}">
                <Coords points="568,1997 1623,1988 1673,1943 568,1956"/>
                <Baseline points="585,1987 638,1987 692,1987 745,1986 799,1986 853,1986 906,1985 960,1985 1014,1985 1067,1984 1121,1983 1175,1983 1228,1982 1282,1982 1336,1982 1389,1981 1443,1980 1497,1980 1550,1979 1604,1979 1658,1978"/>
                <TextEquiv>
                    <Unicode>vom Dichter sehr gut beohachtet und gezeichnet. Er</Unicode>
                </TextEquiv>
            </TextLine>
            <TextLine id="r1l134" custom="readingOrder {index:133;}">
                <Coords points="429,1990 473,1996 564,1996 564,1955 495,1952 488,1958 482,1952 469,1952 454,1955 444,1965 429,1965"/>
                <Baseline points="443,1993 469,1991 496,1991 522,1992 549,1991"/>
                <TextEquiv>
                    <Unicode>Denn</Unicode>
                </TextEquiv>
            </TextLine>
            <TextLine id="r1l135" custom="readingOrder {index:134;}">
                <Coords points="1734,2024 2902,2007 2901,1956 1734,1964"/>
                <Baseline points="1751,2017 1807,2015 1864,2014 1921,2013 1977,2012 2034,2012 2091,2011 2147,2011 2204,2012 2261,2012 2318,2012 2374,2012 2431,2012 2488,2011 2544,2011 2601,2010 2658,2009 2714,2007 2771,2005 2828,2002 2885,1999"/>
                <TextEquiv>
                    <Unicode>gehabten Generalversammlung des Annener Gußstahlwerkes wurden</Unicode>
                </TextEquiv>
            </TextLine>
            <TextLine id="r1l136" custom="readingOrder {index:135;}">
                <Coords points="568,2025 1538,2040 1726,2029 1726,1985 568,1990"/>
                <Baseline points="583,2027 639,2027 695,2027 752,2027 808,2027 865,2027 921,2027 977,2026 1034,2026 1090,2025 1147,2025 1203,2024 1259,2023 1316,2022 1372,2022 1429,2021 1485,2020 1541,2019 1598,2018 1654,2017 1711,2017"/>
                <TextEquiv>
                    <Unicode>der Vertreter einer ganzen Sorte, die österreichische Nuance</Unicode>
                </TextEquiv>
            </TextLine>
            <TextLine id="r1l137" custom="readingOrder {index:136;}">
                <Coords points="393,2029 462,2043 481,2034 515,2042 547,2039 563,2024 582,2028 583,1990 564,1992 558,1986 548,1995 523,1998 453,1993 444,1999 428,1989 419,1998 393,1997"/>
                <Baseline points="410,2027 436,2031 462,2031 488,2032 514,2032 540,2032 566,2034"/>
                <TextEquiv>
                    <Unicode>s Rößl.</Unicode>
                </TextEquiv>
            </TextLine>
            <TextLine id="r1l138" custom="readingOrder {index:137;}">
                <Coords points="1731,2061 2864,2052 2896,2008 1731,2017"/>
                <Baseline points="1747,2058 1803,2056 1860,2055 1916,2054 1973,2054 2030,2053 2086,2053 2143,2053 2199,2053 2256,2053 2313,2053 2369,2053 2426,2053 2482,2053 2539,2053 2596,2052 2652,2051 2709,2049 2765,2048 2822,2045 2879,2042"/>
                <TextEquiv>
                    <Unicode>einstimmig die Anträge der Verwaltung genehmigt und die</Unicode>
                </TextEquiv>
            </TextLine>
            <TextLine id="r1l139" custom="readingOrder {index:138;}">
                <Coords points="567,2083 1681,2071 1725,2064 1725,2023 566,2026"/>
                <Baseline points="581,2067 637,2067 693,2068 750,2068 806,2068 863,2067 919,2067 976,2067 1032,2066 1089,2066 1145,2065 1201,2065 1258,2064 1314,2064 1371,2063 1427,2063 1484,2062 1540,2061 1597,2061 1653,2060 1710,2060"/>
                <TextEquiv>
                    <Unicode>ist wohlgetroffen. Er hat absolut nichts dagegen, daß der</Unicode>
                </TextEquiv>
            </TextLine>
            <TextLine id="r1l140" custom="readingOrder {index:139;}">
                <Coords points="393,2065 412,2065 443,2081 465,2072 481,2088 506,2075 534,2072 559,2091 578,2091 579,2025 560,2025 547,2038 522,2041 481,2034 465,2046 450,2031 440,2040 421,2040 412,2030 393,2030"/>
                <Baseline points="409,2074 434,2072 460,2072 485,2073 511,2073 536,2074 562,2073"/>
                <TextEquiv>
                    <Unicode>en Ton</Unicode>
                </TextEquiv>
            </TextLine>
            <TextLine id="r1l141" custom="readingOrder {index:140;}">
                <Coords points="1735,2099 2893,2098 2892,2045 1734,2062"/>
                <Baseline points="1749,2096 1805,2096 1861,2095 1918,2095 1974,2095 2031,2095 2087,2095 2143,2095 2200,2095 2256,2095 2313,2095 2369,2095 2425,2095 2482,2094 2538,2093 2595,2092 2651,2091 2707,2089 2764,2087 2820,2084 2877,2080"/>
                <TextEquiv>
                    <Unicode>Entlastung ertheilt. Es gelangen also 10 pCt. Dividende</Unicode>
                </TextEquiv>
            </TextLine>
            <TextLine id="r1l142" custom="readingOrder {index:141;}">
                <Coords points="571,2120 1632,2121 1726,2111 1726,2064 571,2067"/>
                <Baseline points="586,2109 642,2109 698,2109 754,2109 810,2108 866,2108 922,2108 979,2108 1035,2107 1091,2107 1147,2106 1203,2106 1259,2105 1315,2105 1372,2104 1428,2104 1484,2103 1540,2102 1596,2102 1652,2101 1709,2100"/>
                <TextEquiv>
                    <Unicode>Sohn ein hübsches Verhältniß hat, aber vernünftigermaßen doch</Unicode>
                </TextEquiv>
            </TextLine>
            <TextLine id="r1l143" custom="readingOrder {index:142;}">
                <Coords points="397,2121 479,2117 488,2108 510,2120 583,2119 582,2075 494,2073 475,2079 469,2073 397,2071"/>
                <Baseline points="413,2113 438,2112 464,2112 490,2111 516,2111 542,2111 568,2112"/>
                <TextEquiv>
                    <Unicode>iel die</Unicode>
                </TextEquiv>
            </TextLine>
            <TextLine id="r1l144" custom="readingOrder {index:143;}">
                <Coords points="1739,2148 2906,2144 2906,2084 1738,2104"/>
                <Baseline points="1753,2135 1812,2135 1872,2134 1932,2134 1992,2134 2052,2134 2112,2134 2172,2134 2232,2134 2292,2134 2352,2134 2412,2134 2472,2134 2532,2133 2592,2133 2652,2132 2712,2130 2772,2128 2832,2126 2892,2123"/>
                <TextEquiv>
                    <Unicode>zur Vertheilung; ferner wird das Aktienkapital um 425 000</Unicode>
                </TextEquiv>
            </TextLine>
            <TextLine id="r1l145" custom="readingOrder {index:144;}">
                <Coords points="413,2154 1732,2145 1731,2104 1630,2099 413,2120"/>
                <Baseline points="428,2157 492,2155 556,2154 621,2152 685,2151 749,2150 814,2149 878,2149 942,2148 1007,2147 1071,2147 1135,2146 1200,2145 1264,2145 1328,2144 1393,2144 1457,2143 1521,2142 1586,2141 1650,2140 1715,2139"/>
                <TextEquiv>
                    <Unicode> beiden ein solches, „bei dem das Hängenbleiben ausgeschlossen ist“. Der</Unicode>
                </TextEquiv>
            </TextLine>
            <TextLine id="r1l146" custom="readingOrder {index:145;}">
                <Coords points="1734,2181 2735,2185 2902,2137 1734,2146"/>
                <Baseline points="1749,2174 1805,2174 1862,2174 1919,2174 1976,2174 2033,2174 2090,2175 2146,2175 2203,2175 2260,2174 2317,2174 2374,2174 2431,2174 2488,2173 2544,2173 2601,2172 2658,2171 2715,2170 2772,2169 2829,2167 2886,2166"/>
                <TextEquiv>
                    <Unicode>Mark erhöht. Das ausscheidende Mitglied des Aussichtsraths</Unicode>
                </TextEquiv>
            </TextLine>
            <TextLine id="r1l147" custom="readingOrder {index:146;}">
                <Coords points="463,2198 1624,2197 1728,2187 1728,2143 462,2160"/>
                <Baseline points="479,2198 540,2196 602,2194 663,2192 725,2191 787,2190 848,2190 910,2189 971,2189 1033,2188 1095,2188 1156,2188 1218,2187 1279,2187 1341,2187 1403,2186 1464,2185 1526,2184 1587,2182 1649,2180 1711,2178"/>
                <TextEquiv>
                    <Unicode>undI ist natürlich empört, aber er findet sich schließlich in die Sache.</Unicode>
                </TextEquiv>
            </TextLine>
            <TextLine id="r1l148" custom="readingOrder {index:147;}">
                <Coords points="1732,2222 2862,2236 2903,2223 2903,2170 1732,2181"/>
                <Baseline points="1747,2214 1806,2214 1866,2214 1926,2215 1986,2215 2046,2215 2106,2215 2166,2215 2226,2215 2286,2214 2346,2214 2406,2214 2466,2214 2526,2214 2586,2213 2646,2213 2706,2213 2766,2213 2826,2213 2886,2213"/>
                <TextEquiv>
                    <Unicode>wurde einstimmig wiedergewählt. Der Geschäftsgang ist, wie die</Unicode>
                </TextEquiv>
            </TextLine>
            <TextLine id="r1l149" custom="readingOrder {index:148;}">
                <Coords points="396,2243 1642,2236 1727,2229 1727,2191 395,2196"/>
                <Baseline points="410,2238 475,2237 540,2235 605,2234 670,2233 735,2232 800,2231 865,2230 930,2230 995,2229 1060,2229 1125,2228 1190,2228 1255,2227 1320,2227 1385,2226 1450,2225 1515,2224 1580,2224 1645,2223 1710,2222"/>
                <TextEquiv>
                    <Unicode>Anfang] Dann ist die Mama mit engen Anschauungen, aber einem guten</Unicode>
                </TextEquiv>
            </TextLine>
            <TextLine id="r1l150" custom="readingOrder {index:149;}">
                <Coords points="1739,2271 2264,2249 2352,2275 2437,2253 2437,2227 2346,2212 1739,2224"/>
                <Baseline points="1753,2253 1786,2253 1819,2254 1853,2254 1886,2255 1920,2256 1953,2256 1987,2256 2020,2257 2054,2257 2087,2257 2120,2257 2154,2257 2187,2257 2221,2257 2254,2257 2288,2256 2321,2255 2355,2254 2388,2253 2422,2252"/>
                <TextEquiv>
                    <Unicode>Direktion berichtete, andauernd günstig.</Unicode>
                </TextEquiv>
            </TextLine>
            <TextLine id="r1l151" custom="readingOrder {index:150;}">
                <Coords points="567,2275 1738,2273 1737,2226 1640,2221 566,2237"/>
                <Baseline points="583,2276 639,2274 696,2274 753,2273 810,2272 867,2271 924,2271 981,2270 1038,2270 1095,2269 1152,2269 1208,2268 1265,2268 1322,2267 1379,2266 1436,2266 1493,2265 1550,2263 1607,2262 1664,2260 1721,2259"/>
                <TextEquiv>
                    <Unicode>Herzen, eine Verwandte, die freier denkt, und eine echt wienerische</Unicode>
                </TextEquiv>
            </TextLine>
            <TextLine id="r1l152" custom="readingOrder {index:151;}">
                <Coords points="391,2286 445,2287 473,2268 511,2291 527,2281 577,2276 578,2241 552,2247 524,2240 511,2247 502,2240 448,2246 426,2236 420,2242 392,2239"/>
                <Baseline points="408,2279 433,2278 458,2278 484,2278 509,2278 534,2279 560,2281"/>
                <TextEquiv>
                    <Unicode>so daß</Unicode>
                </TextEquiv>
            </TextLine>
            <TextLine id="r1l153" custom="readingOrder {index:152;}">
                <Coords points="1808,2301 2888,2287 2887,2234 2843,2225 1808,2261"/>
                <Baseline points="1825,2297 1877,2297 1929,2297 1981,2297 2034,2297 2086,2297 2138,2296 2191,2296 2243,2296 2295,2296 2348,2295 2400,2295 2452,2294 2504,2294 2557,2293 2609,2292 2661,2291 2714,2290 2766,2288 2818,2287 2871,2285"/>
                <TextEquiv>
                    <Unicode>Marienburg=Mlawkaer Eisenbahn=Gesellschaft.</Unicode>
                </TextEquiv>
            </TextLine>
            <TextLine id="r1l154" custom="readingOrder {index:153;}">
                <Coords points="400,2324 1735,2309 1734,2265 1268,2255 400,2283"/>
                <Baseline points="416,2323 481,2321 546,2319 611,2318 676,2316 742,2315 807,2313 872,2312 937,2311 1002,2310 1068,2309 1133,2308 1198,2308 1263,2307 1328,2307 1394,2306 1459,2306 1524,2305 1589,2305 1654,2304 1720,2304"/>
                <TextEquiv>
                    <Unicode>schnell! Haustochter. Gutes Herz, Temperament und den Muth zu dem,</Unicode>
                </TextEquiv>
            </TextLine>
            <TextLine id="r1l155" custom="readingOrder {index:154;}">
                <Coords points="1730,2353 2898,2327 2897,2283 1730,2290"/>
                <Baseline points="1745,2340 1801,2339 1858,2339 1915,2338 1972,2338 2029,2338 2086,2338 2143,2338 2200,2338 2257,2338 2314,2338 2370,2338 2427,2338 2484,2337 2541,2337 2598,2336 2655,2335 2712,2334 2769,2333 2826,2331 2883,2329"/>
                <TextEquiv>
                    <Unicode>Die Einnahmen der Bahn betrugen im Monat September 1898</Unicode>
                </TextEquiv>
            </TextLine>
            <TextLine id="r1l156" custom="readingOrder {index:155;}">
                <Coords points="582,2360 1705,2353 1733,2293 581,2319"/>
                <Baseline points="596,2357 652,2356 708,2355 764,2355 820,2354 876,2353 932,2353 988,2352 1044,2351 1100,2350 1157,2349 1213,2349 1269,2348 1325,2348 1381,2347 1437,2346 1493,2346 1549,2345 1605,2345 1661,2345 1718,2344"/>
                <TextEquiv>
                    <Unicode>was die gesellschaftliche Moral verdammt. Sie alle übernehmen das</Unicode>
                </TextEquiv>
            </TextLine>
            <TextLine id="r1l157" custom="readingOrder {index:156;}">
                <Coords points="425,2366 463,2369 478,2359 491,2358 545,2370 573,2366 572,2322 540,2326 531,2320 499,2320 474,2327 443,2316 424,2319"/>
                <Baseline points="440,2359 469,2362 498,2359 527,2357 557,2360"/>
                <TextEquiv>
                    <Unicode>liß für</Unicode>
                </TextEquiv>
            </TextLine>
            <TextLine id="r1l158" custom="readingOrder {index:157;}">
                <Coords points="1732,2389 2900,2391 2899,2325 1732,2357"/>
                <Baseline points="1747,2383 1803,2382 1860,2381 1917,2380 1974,2379 2031,2379 2088,2379 2145,2379 2202,2379 2259,2379 2316,2379 2372,2379 2429,2379 2486,2379 2543,2379 2600,2379 2657,2378 2714,2377 2771,2375 2828,2373 2885,2371"/>
                <TextEquiv>
                    <Unicode>nach provisorischer Ermittlung 179 000 M. gegen 182 000 M. im</Unicode>
                </TextEquiv>
            </TextLine>
            <TextLine id="r1l159" custom="readingOrder {index:158;}">
                <Coords points="584,2404 1724,2393 1723,2349 584,2360"/>
                <Baseline points="600,2397 655,2397 710,2396 766,2396 821,2395 877,2394 932,2394 987,2393 1043,2392 1098,2391 1154,2390 1209,2390 1264,2389 1320,2388 1375,2388 1431,2387 1486,2386 1541,2386 1597,2385 1652,2385 1708,2384"/>
                <TextEquiv>
                    <Unicode>Vermächtniß des todten Sohnes und heißen dessen Kind und Geliebte</Unicode>
                </TextEquiv>
            </TextLine>
            <TextLine id="r1l160" custom="readingOrder {index:159;}">
                <Coords points="399,2407 488,2407 494,2414 507,2404 519,2411 551,2408 563,2417 579,2417 579,2367 544,2370 522,2367 516,2360 504,2366 491,2357 447,2366 400,2360"/>
                <Baseline points="416,2404 445,2402 474,2402 503,2402 532,2403 562,2404"/>
                <TextEquiv>
                    <Unicode>wierige</Unicode>
                </TextEquiv>
            </TextLine>
            <TextLine id="r1l161" custom="readingOrder {index:160;}">
                <Coords points="1742,2435 2828,2429 2897,2385 1742,2388"/>
                <Baseline points="1757,2426 1813,2424 1869,2422 1925,2421 1981,2420 2037,2420 2093,2419 2150,2419 2206,2419 2262,2419 2318,2419 2374,2419 2430,2419 2486,2419 2543,2419 2599,2419 2655,2418 2711,2418 2767,2417 2823,2415 2880,2414"/>
                <TextEquiv>
                    <Unicode>gleichen Monat des Vorjahres, mithin 3000 M. weniger, und</Unicode>
                </TextEquiv>
            </TextLine>
            <TextLine id="r1l162" custom="readingOrder {index:161;}">
                <Coords points="583,2445 1735,2441 1735,2387 583,2398"/>
                <Baseline points="598,2436 654,2436 710,2436 766,2436 822,2436 878,2436 934,2435 990,2434 1046,2434 1102,2433 1158,2432 1214,2431 1270,2430 1326,2429 1382,2429 1438,2428 1494,2427 1550,2426 1606,2426 1662,2425 1719,2425"/>
                <TextEquiv>
                    <Unicode>willkommen. Nur einer mag es nicht. Der Bräutigam der Tochter,</Unicode>
                </TextEquiv>
            </TextLine>
            <TextLine id="r1l163" custom="readingOrder {index:162;}">
                <Coords points="394,2444 467,2448 482,2442 492,2451 504,2445 514,2452 533,2445 570,2446 571,2408 552,2411 543,2405 536,2411 517,2411 505,2404 489,2417 473,2407 395,2403"/>
                <Baseline points="409,2441 438,2440 467,2441 496,2442 525,2442 555,2441"/>
                <TextEquiv>
                    <Unicode>en zu,</Unicode>
                </TextEquiv>
            </TextLine>
            <TextLine id="r1l164" custom="readingOrder {index:163;}">
                <Coords points="1733,2480 2856,2466 2897,2424 1732,2432"/>
                <Baseline points="1747,2468 1803,2466 1860,2464 1916,2462 1973,2461 2030,2460 2086,2460 2143,2460 2200,2459 2256,2459 2313,2459 2370,2459 2426,2459 2483,2459 2540,2459 2596,2458 2653,2457 2710,2456 2766,2455 2823,2453 2880,2450"/>
                <TextEquiv>
                    <Unicode>zwar ergaben der Personenverkehr ein Plus von 4000 M. und de</Unicode>
                </TextEquiv>
            </TextLine>
            <TextLine id="r1l165" custom="readingOrder {index:164;}">
                <Coords points="400,2480 1637,2485 1731,2471 1731,2433 400,2442"/>
                <Baseline points="415,2478 480,2478 545,2478 610,2478 675,2477 740,2477 805,2477 870,2476 935,2475 1000,2475 1065,2474 1130,2473 1195,2473 1260,2472 1325,2471 1390,2471 1455,2470 1520,2469 1585,2469 1650,2468 1716,2468"/>
                <TextEquiv>
                    <Unicode>ite des ein Arzt, von der kalten, egoistischen Art Mancher, die mit der</Unicode>
                </TextEquiv>
            </TextLine>
            <TextLine id="r1l166" custom="readingOrder {index:165;}">
                <Coords points="1735,2502 2900,2508 2899,2457 2814,2452 1735,2480"/>
                <Baseline points="1751,2506 1807,2505 1864,2504 1920,2503 1977,2503 2034,2502 2090,2502 2147,2502 2204,2502 2260,2501 2317,2501 2374,2501 2430,2501 2487,2500 2544,2500 2600,2499 2657,2498 2714,2497 2770,2495 2827,2494 2884,2492"/>
                <TextEquiv>
                    <Unicode>Extraordinarien ein solches von 5000 M., während der Güter¬</Unicode>
                </TextEquiv>
            </TextLine>
            <TextLine id="r1l167" custom="readingOrder {index:166;}">
                <Coords points="381,2531 1728,2519 1728,2471 380,2474"/>
                <Baseline points="398,2528 463,2526 529,2524 594,2522 660,2521 726,2519 791,2518 857,2517 923,2516 988,2515 1054,2514 1120,2513 1185,2513 1251,2512 1317,2511 1382,2510 1448,2509 1514,2508 1579,2507 1645,2505 1711,2503"/>
                <TextEquiv>
                    <Unicode>ichtigkeit! Aemuth prahlen, aus der sie stammen, aber scharfe Anwälte aller</Unicode>
                </TextEquiv>
            </TextLine>
            <TextLine id="r1l168" custom="readingOrder {index:167;}">
                <Coords points="1741,2550 2836,2550 2902,2537 2902,2496 1740,2503"/>
                <Baseline points="1755,2543 1811,2543 1868,2544 1924,2544 1981,2544 2037,2544 2094,2544 2150,2543 2207,2543 2263,2543 2320,2542 2377,2542 2433,2541 2490,2540 2546,2539 2603,2539 2659,2538 2716,2537 2772,2536 2829,2535 2886,2534"/>
                <TextEquiv>
                    <Unicode>verkehr um 12 000 M. hinter dem September des Vorjahres</Unicode>
                </TextEquiv>
            </TextLine>
            <TextLine id="r1l169" custom="readingOrder {index:168;}">
                <Coords points="574,2565 1698,2562 1732,2558 1732,2511 574,2518"/>
                <Baseline points="590,2560 646,2559 702,2559 759,2559 815,2558 872,2558 928,2557 984,2556 1041,2555 1097,2555 1154,2554 1210,2553 1266,2553 1323,2552 1379,2551 1436,2551 1492,2550 1548,2549 1605,2549 1661,2548 1718,2548"/>
                <TextEquiv>
                    <Unicode>Vorurtheile zu werden pflegen, die sich selbst einmal gegen sie</Unicode>
                </TextEquiv>
            </TextLine>
            <TextLine id="r1l170" custom="readingOrder {index:169;}">
                <Coords points="392,2564 407,2564 426,2576 436,2566 527,2574 546,2564 574,2564 573,2529 529,2527 492,2543 470,2525 444,2532 391,2523"/>
                <Baseline points="407,2567 432,2564 457,2563 482,2565 507,2565 532,2564 557,2559"/>
                <TextEquiv>
                    <Unicode>fall ge¬</Unicode>
                </TextEquiv>
            </TextLine>
            <TextLine id="r1l171" custom="readingOrder {index:170;}">
                <Coords points="1738,2591 2900,2581 2899,2530 1738,2553"/>
                <Baseline points="1755,2582 1811,2583 1867,2583 1924,2584 1980,2584 2037,2585 2093,2585 2149,2584 2206,2584 2262,2584 2319,2583 2375,2583 2431,2582 2488,2581 2544,2580 2601,2579 2657,2578 2713,2577 2770,2576 2826,2574 2883,2573"/>
                <TextEquiv>
                    <Unicode>zurückblieb. Seit Anfang des Jahres bis Ultimo September</Unicode>
                </TextEquiv>
            </TextLine>
            <TextLine id="r1l172" custom="readingOrder {index:171;}">
                <Coords points="571,2619 1726,2595 1726,2557 1669,2548 571,2556"/>
                <Baseline points="587,2601 643,2600 699,2600 755,2599 812,2598 868,2598 924,2597 980,2597 1037,2596 1093,2596 1149,2595 1205,2595 1262,2594 1318,2593 1374,2593 1430,2592 1487,2592 1543,2591 1599,2590 1655,2590 1712,2589"/>
                <TextEquiv>
                    <Unicode>richteten. Das was das verlassene „Verhältniß“ an sie Alle aber</Unicode>
                </TextEquiv>
            </TextLine>
            <TextLine id="r1l173" custom="readingOrder {index:172;}">
                <Coords points="388,2611 439,2616 451,2610 477,2625 502,2606 511,2612 521,2605 540,2614 568,2614 567,2563 523,2571 501,2565 388,2567"/>
                <Baseline points="403,2607 428,2607 453,2607 478,2607 503,2607 528,2605 553,2603"/>
                <TextEquiv>
                    <Unicode>uftigeren</Unicode>
                </TextEquiv>
            </TextLine>
            <TextLine id="r1l174" custom="readingOrder {index:173;}">
                <Coords points="1741,2629 2902,2631 2902,2590 2843,2580 1741,2582"/>
                <Baseline points="1758,2621 1814,2622 1871,2623 1927,2624 1984,2625 2040,2625 2097,2625 2153,2624 2210,2624 2266,2624 2323,2623 2379,2622 2436,2622 2492,2621 2549,2621 2605,2621 2662,2621 2718,2622 2775,2623 2831,2624 2888,2625"/>
                <TextEquiv>
                    <Unicode>betrugen die Einnahmen 1 426 000 M. gegen 1371 000 M. in</Unicode>
                </TextEquiv>
            </TextLine>
            <TextLine id="r1l175" custom="readingOrder {index:174;}">
                <Coords points="580,2647 1735,2644 1735,2593 580,2600"/>
                <Baseline points="596,2643 652,2642 708,2641 764,2641 820,2640 877,2639 933,2639 989,2638 1045,2638 1101,2637 1158,2637 1214,2636 1270,2636 1326,2635 1382,2635 1439,2634 1495,2633 1551,2632 1607,2631 1663,2630 1720,2629"/>
                <TextEquiv>
                    <Unicode>im Grunde kettet, ist das Kind. Es ist doch des Sohnes</Unicode>
                </TextEquiv>
            </TextLine>
            <TextLine id="r1l176" custom="readingOrder {index:175;}">
                <Coords points="381,2659 428,2666 441,2653 460,2657 476,2647 495,2660 526,2648 558,2657 580,2654 580,2604 511,2613 479,2594 460,2613 382,2609"/>
                <Baseline points="396,2646 423,2646 451,2648 479,2648 507,2649 535,2648 563,2645"/>
                <TextEquiv>
                    <Unicode>ne jede</Unicode>
                </TextEquiv>
            </TextLine>
            <TextLine id="r1l177" custom="readingOrder {index:176;}">
                <Coords points="1736,2700 1859,2667 2680,2670 2743,2660 2743,2623 1736,2627"/>
                <Baseline points="1753,2665 1801,2666 1850,2667 1898,2667 1947,2668 1996,2668 2044,2668 2093,2668 2142,2668 2190,2667 2239,2667 2288,2666 2336,2666 2385,2665 2434,2664 2482,2663 2531,2663 2580,2662 2628,2661 2677,2660 2726,2659"/>
                <TextEquiv>
                    <Unicode>der gleichen Zeit des Vorjahres, mithin mehr 55 000 M.</Unicode>
                </TextEquiv>
            </TextLine>
            <TextLine id="r1l178" custom="readingOrder {index:177;}">
                <Coords points="577,2696 1698,2685 1735,2637 577,2652"/>
                <Baseline points="593,2683 649,2683 705,2682 761,2682 818,2682 874,2681 930,2681 986,2680 1043,2680 1099,2679 1155,2678 1211,2678 1268,2677 1324,2676 1380,2675 1436,2674 1493,2673 1549,2672 1605,2670 1661,2669 1718,2668"/>
                <TextEquiv>
                    <Unicode>Kind, Fleisch vom Fleische der Familie. Der Gedanken¬</Unicode>
                </TextEquiv>
            </TextLine>
            <TextLine id="r1l179" custom="readingOrder {index:178;}">
                <Coords points="395,2698 427,2689 461,2695 499,2683 537,2693 590,2690 591,2643 569,2643 556,2652 537,2646 509,2658 490,2658 480,2648 436,2657 430,2651 395,2651"/>
                <Baseline points="411,2684 438,2685 466,2685 493,2686 521,2686 548,2686 576,2685"/>
                <TextEquiv>
                    <Unicode>um so</Unicode>
                </TextEquiv>
            </TextLine>
            <TextLine id="r1l180" custom="readingOrder {index:179;}">
                <Coords points="1813,2711 2562,2721 2785,2688 2905,2715 2904,2652 2800,2637 2580,2671 1812,2655"/>
                <Baseline points="1828,2706 1881,2706 1934,2707 1987,2707 2040,2707 2093,2708 2146,2708 2199,2708 2252,2707 2305,2707 2358,2707 2411,2706 2464,2706 2517,2705 2570,2704 2623,2703 2676,2702 2729,2701 2782,2700 2835,2699 2889,2698"/>
                <TextEquiv>
                    <Unicode>Akkumulatoren=Unternehmung in Frankreich. Die</Unicode>
                </TextEquiv>
            </TextLine>
            <TextLine id="r1l181" custom="readingOrder {index:180;}">
                <Coords points="379,2743 1625,2733 1735,2722 1735,2669 378,2690"/>
                <Baseline points="394,2731 460,2729 526,2728 592,2727 658,2726 725,2725 791,2724 857,2723 923,2722 989,2721 1056,2720 1122,2719 1188,2719 1254,2718 1320,2717 1387,2716 1453,2716 1519,2715 1585,2714 1651,2714 1718,2713"/>
                <TextEquiv>
                    <Unicode>vielleicht! gang der gedachten Klasse ist fein getroffen, aber hier</Unicode>
                </TextEquiv>
            </TextLine>
            <TextLine id="r1l182" custom="readingOrder {index:181;}">
                <Coords points="1740,2751 2899,2750 2898,2703 1740,2707"/>
                <Baseline points="1755,2745 1811,2746 1867,2748 1924,2748 1980,2749 2037,2749 2093,2749 2149,2749 2206,2748 2262,2748 2319,2747 2375,2746 2431,2746 2488,2745 2544,2744 2601,2744 2657,2743 2713,2743 2770,2743 2826,2743 2883,2743"/>
                <TextEquiv>
                    <Unicode>bekannte Kabelfabrik Geoffroy u. Delore in Clichy bei</Unicode>
                </TextEquiv>
            </TextLine>
            <TextLine id="r1l183" custom="readingOrder {index:182;}">
                <Coords points="1607,2765 1626,2765 1632,2758 1642,2764 1657,2760 1664,2767 1676,2766 1689,2756 1698,2765 1720,2758 1739,2761 1738,2711 1722,2711 1716,2718 1640,2720 1628,2733 1606,2731"/>
                <Baseline points="1623,2755 1656,2753 1689,2752 1722,2752"/>
                <TextEquiv>
                    <Unicode>des</Unicode>
                </TextEquiv>
            </TextLine>
            <TextLine id="r1l184" custom="readingOrder {index:183;}">
                <Coords points="470,2770 1584,2769 1615,2724 469,2729"/>
                <Baseline points="484,2768 539,2767 595,2766 651,2765 707,2765 763,2763 819,2762 874,2762 930,2761 986,2760 1042,2759 1098,2758 1154,2757 1210,2757 1265,2756 1321,2756 1377,2755 1433,2755 1489,2755 1545,2755 1601,2755"/>
                <TextEquiv>
                    <Unicode>abermerkt man auch schon die Stilisirung</Unicode>
                </TextEquiv>
            </TextLine>
            <TextLine id="r1l185" custom="readingOrder {index:184;}">
                <Coords points="1744,2796 2896,2794 2896,2753 2647,2736 1744,2749"/>
                <Baseline points="1761,2787 1819,2788 1878,2790 1937,2790 1996,2790 2055,2790 2114,2790 2173,2789 2232,2788 2291,2787 2349,2786 2408,2785 2467,2784 2526,2784 2585,2783 2644,2783 2703,2783 2762,2784 2821,2785 2880,2786"/>
                <TextEquiv>
                    <Unicode>Paris hat die Patente der Berliner Akkumulatorenfabrik G. m. b. H.</Unicode>
                </TextEquiv>
            </TextLine>
            <TextLine id="r1l186" custom="readingOrder {index:185;}">
                <Coords points="579,2806 1744,2803 1743,2756 579,2765"/>
                <Baseline points="596,2805 652,2804 709,2803 765,2803 822,2802 879,2802 935,2802 992,2801 1048,2801 1105,2801 1162,2800 1218,2800 1275,2800 1331,2799 1388,2799 1445,2798 1501,2798 1558,2797 1614,2796 1671,2795 1728,2794"/>
                <TextEquiv>
                    <Unicode>Kommenden, die Mathematik der Konsequenzen. Wie, wenn</Unicode>
                </TextEquiv>
            </TextLine>
            <TextLine id="r1l187" custom="readingOrder {index:186;}">
                <Coords points="386,2813 486,2817 499,2811 578,2821 580,2768 564,2767 548,2776 526,2768 501,2771 482,2767 458,2747 435,2752 426,2742 389,2741"/>
                <Baseline points="403,2804 429,2805 456,2806 482,2806 509,2808 535,2809 562,2811"/>
                <TextEquiv>
                    <Unicode>Wirkung</Unicode>
                </TextEquiv>
            </TextLine>
            <TextLine id="r1l188" custom="readingOrder {index:187;}">
                <Coords points="1746,2840 2882,2843 2910,2780 1745,2796"/>
                <Baseline points="1761,2832 1817,2832 1874,2832 1930,2833 1987,2833 2044,2833 2100,2832 2157,2832 2213,2831 2270,2831 2327,2830 2383,2829 2440,2829 2496,2828 2553,2827 2610,2826 2666,2825 2723,2824 2779,2823 2836,2822 2893,2821"/>
                <TextEquiv>
                    <Unicode>für Traktionszwecke und der Kommanditgesellschaft Dr. Lehmann</Unicode>
                </TextEquiv>
            </TextLine>
            <TextLine id="r1l189" custom="readingOrder {index:188;}">
                <Coords points="576,2850 1706,2848 1740,2791 575,2813"/>
                <Baseline points="593,2843 649,2843 706,2842 762,2842 819,2841 875,2841 932,2841 988,2841 1045,2841 1101,2840 1158,2840 1214,2840 1271,2840 1327,2839 1384,2839 1440,2838 1497,2837 1553,2836 1610,2835 1666,2834 1723,2832"/>
                <TextEquiv>
                    <Unicode>das Kind nun sterben würde? Dann wäre das einzig Verbindende</Unicode>
                </TextEquiv>
            </TextLine>
            <TextLine id="r1l190" custom="readingOrder {index:189;}">
                <Coords points="395,2855 414,2854 424,2864 449,2854 487,2854 496,2861 575,2858 575,2820 546,2813 395,2810"/>
                <Baseline points="411,2851 440,2849 470,2849 499,2850 529,2850 559,2849"/>
                <TextEquiv>
                    <Unicode>öhlichem</Unicode>
                </TextEquiv>
            </TextLine>
            <TextLine id="r1l191" custom="readingOrder {index:190;}">
                <Coords points="1733,2866 2825,2882 2897,2866 2897,2825 1732,2828"/>
                <Baseline points="1747,2874 1803,2874 1860,2874 1917,2874 1974,2874 2031,2874 2087,2873 2144,2873 2201,2873 2258,2872 2315,2872 2371,2871 2428,2871 2485,2870 2542,2869 2599,2869 2655,2868 2712,2867 2769,2867 2826,2866 2883,2865"/>
                <TextEquiv>
                    <Unicode> u. Mann für stationäre und Pufferbatterien käuflich erworben und</Unicode>
                </TextEquiv>
            </TextLine>
            <TextLine id="r1l192" custom="readingOrder {index:191;}">
                <Coords points="583,2888 1634,2891 1731,2884 1731,2840 582,2850"/>
                <Baseline points="597,2885 655,2885 714,2885 773,2884 832,2884 891,2884 950,2883 1009,2883 1068,2882 1127,2882 1185,2882 1244,2881 1303,2880 1362,2880 1421,2879 1480,2878 1539,2878 1598,2877 1657,2876 1716,2875"/>
                <TextEquiv>
                    <Unicode>aus dem Wege geschafft, die wider Willen eingeschläferte An¬</Unicode>
                </TextEquiv>
            </TextLine>
            <TextLine id="r1l193" custom="readingOrder {index:192;}">
                <Coords points="415,2895 431,2895 453,2910 475,2893 484,2899 519,2892 525,2898 550,2895 566,2904 585,2903 584,2856 527,2854 499,2861 483,2852 464,2859 458,2853 414,2857"/>
                <Baseline points="429,2893 457,2890 485,2888 513,2887 541,2888 569,2889"/>
                <TextEquiv>
                    <Unicode>hervor.</Unicode>
                </TextEquiv>
            </TextLine>
            <TextLine id="r1l194" custom="readingOrder {index:193;}">
                <Coords points="1745,2920 2862,2914 2903,2911 2903,2867 1744,2876"/>
                <Baseline points="1761,2913 1817,2914 1873,2914 1930,2914 1986,2914 2042,2914 2099,2914 2155,2914 2211,2914 2268,2913 2324,2912 2380,2912 2437,2911 2493,2911 2549,2910 2606,2909 2662,2908 2718,2908 2775,2907 2831,2906 2888,2906"/>
                <TextEquiv>
                    <Unicode>ist gegenwärtig mit der Einrichtung einer Akkumulatorenfabrik in</Unicode>
                </TextEquiv>
            </TextLine>
            <TextLine id="r1l195" custom="readingOrder {index:194;}">
                <Coords points="574,2932 1732,2921 1710,2880 574,2878"/>
                <Baseline points="589,2929 645,2928 701,2927 758,2926 814,2925 871,2924 927,2923 984,2923 1040,2922 1097,2922 1153,2922 1209,2921 1266,2921 1322,2921 1379,2920 1435,2920 1492,2919 1548,2919 1605,2919 1661,2918 1718,2917"/>
                <TextEquiv>
                    <Unicode>ständigkeits=Moral darf wieder aufwachen. Das fremde Weib wird</Unicode>
                </TextEquiv>
            </TextLine>
            <TextLine id="r1l196" custom="readingOrder {index:195;}">
                <Coords points="1742,2961 2529,2970 2635,2935 2878,2965 2906,2908 1741,2910"/>
                <Baseline points="1757,2950 1813,2952 1870,2954 1927,2955 1983,2956 2040,2956 2097,2956 2153,2956 2210,2956 2267,2956 2324,2955 2380,2954 2437,2953 2494,2952 2550,2951 2607,2950 2664,2949 2720,2948 2777,2947 2834,2946 2891,2945"/>
                <TextEquiv>
                    <Unicode>großem Stile beschäftigt. Diese Fabrik ist bestimmt die Batterien</Unicode>
                </TextEquiv>
            </TextLine>
            <TextLine id="r1l197" custom="readingOrder {index:196;}">
                <Coords points="587,2972 1452,2985 1732,2964 1732,2923 586,2940"/>
                <Baseline points="601,2969 656,2969 712,2968 768,2968 824,2967 880,2967 936,2966 991,2966 1047,2965 1103,2965 1159,2964 1215,2963 1271,2963 1327,2962 1382,2961 1438,2961 1494,2960 1550,2960 1606,2960 1662,2959 1718,2959"/>
                <TextEquiv>
                    <Unicode>aus dem Hause geschafft und Alles ist wie zuvor. Denn man</Unicode>
                </TextEquiv>
            </TextLine>
            <TextLine id="r1l198" custom="readingOrder {index:197;}">
                <Coords points="367,2979 395,2972 458,2985 480,2982 492,2991 508,2979 577,2976 578,2935 458,2935 448,2925 439,2935 420,2938 367,2922"/>
                <Baseline points="383,2975 408,2971 433,2971 459,2971 484,2972 510,2973 535,2973 561,2971"/>
                <TextEquiv>
                    <Unicode>lten zwei</Unicode>
                </TextEquiv>
            </TextLine>
            <TextLine id="r1l199" custom="readingOrder {index:198;}">
                <Coords points="1736,3000 2901,3001 2901,2951 1736,2953"/>
                <Baseline points="1753,2992 1809,2993 1866,2994 1922,2995 1979,2996 2035,2996 2092,2996 2148,2996 2205,2996 2261,2995 2318,2995 2375,2994 2431,2994 2488,2993 2544,2992 2601,2991 2657,2990 2714,2989 2770,2988 2827,2987 2884,2986"/>
                <TextEquiv>
                    <Unicode>für die Einrichtung des elektrischen Betriebes der Pariser Vorort¬</Unicode>
                </TextEquiv>
            </TextLine>
            <TextLine id="r1l200" custom="readingOrder {index:199;}">
                <Coords points="584,3023 1739,3002 1738,2961 583,2976"/>
                <Baseline points="599,3009 655,3008 711,3007 767,3007 823,3006 879,3006 935,3005 992,3005 1048,3005 1104,3005 1160,3004 1216,3004 1272,3004 1328,3003 1385,3003 1441,3003 1497,3002 1553,3001 1609,3000 1665,2999 1722,2998"/>
                <TextEquiv>
                    <Unicode>Fan'.: Professors X. haben schon ihre Besuche ein¬</Unicode>
                </TextEquiv>
            </TextLine>
            <TextLine id="r1l201" custom="readingOrder {index:200;}">
                <Coords points="371,3014 430,3017 446,3029 459,3020 478,3023 487,3013 503,3020 547,3016 569,3032 585,3032 584,2972 509,2979 500,2988 370,2976"/>
                <Baseline points="385,3011 411,3013 437,3014 463,3014 489,3013 515,3013 541,3012 568,3012"/>
                <TextEquiv>
                    <Unicode>inzen wie</Unicode>
                </TextEquiv>
            </TextLine>
            <TextLine id="r1l202" custom="readingOrder {index:201;}">
                <Coords points="1740,3048 2904,3055 2904,2979 1739,2988"/>
                <Baseline points="1755,3033 1811,3035 1868,3036 1925,3037 1981,3037 2038,3037 2095,3037 2151,3037 2208,3037 2265,3036 2322,3035 2378,3035 2435,3034 2492,3033 2548,3033 2605,3032 2662,3032 2718,3032 2775,3032 2832,3032 2889,3033"/>
                <TextEquiv>
                    <Unicode>bahnen zu liefern und den Bedarf der Société anonyme de#</Unicode>
                </TextEquiv>
            </TextLine>
            <TextLine id="r1l203" custom="readingOrder {index:202;}">
                <Coords points="578,3058 1639,3059 1736,3049 1736,3002 578,3008"/>
                <Baseline points="593,3052 649,3051 705,3049 762,3048 818,3046 875,3046 931,3045 988,3045 1044,3044 1101,3044 1157,3044 1213,3043 1270,3043 1326,3043 1383,3043 1439,3043 1496,3043 1552,3042 1609,3042 1665,3041 1722,3040"/>
                <TextEquiv>
                    <Unicode>ge#e“t u. s. w. Schnitzler's Versuch, die Gesellschaft als zwingende</Unicode>
                </TextEquiv>
            </TextLine>
            <TextLine id="r1l204" custom="readingOrder {index:203;}">
                <Coords points="367,3047 383,3047 399,3063 414,3059 421,3066 465,3053 490,3065 512,3065 531,3055 575,3064 574,3017 502,3018 489,3012 458,3031 427,3015 395,3025 386,3016 367,3016"/>
                <Baseline points="383,3053 408,3055 433,3056 458,3056 483,3056 508,3055 533,3054 558,3052"/>
                <TextEquiv>
                    <Unicode>ist diese</Unicode>
                </TextEquiv>
            </TextLine>
            <TextLine id="r1l205" custom="readingOrder {index:204;}">
                <Coords points="1745,3089 1978,3073 2296,3086 2393,3064 2393,3042 2258,3029 1745,3042"/>
                <Baseline points="1762,3071 1792,3072 1823,3073 1854,3074 1885,3075 1916,3076 1946,3076 1977,3076 2008,3077 2039,3077 2070,3077 2100,3076 2131,3076 2162,3076 2193,3076 2224,3075 2254,3075 2285,3074 2316,3074 2347,3073 2378,3072"/>
                <TextEquiv>
                    <Unicode>automobiles électriques zu decken.</Unicode>
                </TextEquiv>
            </TextLine>
            <TextLine id="r1l206" custom="readingOrder {index:205;}">
                <Coords points="580,3109 1741,3094 1741,3043 580,3055"/>
                <Baseline points="597,3092 653,3091 709,3090 766,3089 822,3089 878,3089 935,3088 991,3088 1047,3088 1104,3088 1160,3088 1216,3088 1273,3088 1329,3087 1385,3087 1442,3086 1498,3085 1554,3084 1611,3083 1667,3082 1724,3080"/>
                <TextEquiv>
                    <Unicode>Pache den Druck auf die engen Herzen wirken zu lassen, wird</Unicode>
                </TextEquiv>
            </TextLine>
            <TextLine id="r1l207" custom="readingOrder {index:206;}">
                <Coords points="358,3094 374,3094 390,3109 399,3100 491,3108 503,3098 532,3104 544,3097 579,3106 578,3053 521,3057 509,3066 477,3064 468,3055 421,3065 399,3062 379,3044 357,3044"/>
                <Baseline points="375,3095 401,3096 428,3095 455,3095 482,3095 509,3094 536,3093 563,3092"/>
                <TextEquiv>
                    <Unicode>te, z. B.</Unicode>
                </TextEquiv>
            </TextLine>
            <TextLine id="r1l208" custom="readingOrder {index:207;}">
                <Coords points="1810,3116 2902,3127 2902,3055 1810,3084"/>
                <Baseline points="1824,3117 1877,3117 1930,3117 1983,3116 2036,3116 2089,3116 2142,3116 2196,3115 2249,3115 2302,3115 2355,3114 2408,3114 2461,3114 2514,3113 2568,3113 2621,3112 2674,3112 2727,3111 2780,3111 2833,3110 2887,3109"/>
                <TextEquiv>
                    <Unicode>Maschinenbau=Aktiengesellschaft vormals Starke u.</Unicode>
                </TextEquiv>
            </TextLine>
            <TextLine id="r1l209" custom="readingOrder {index:208;}">
                <Coords points="591,3136 1661,3135 1733,3128 1733,3087 590,3095"/>
                <Baseline points="607,3130 662,3131 718,3131 773,3131 829,3131 885,3131 940,3131 996,3130 1051,3130 1107,3129 1163,3129 1218,3128 1274,3127 1329,3127 1385,3126 1441,3125 1496,3124 1552,3123 1607,3122 1663,3122 1719,3121"/>
                <TextEquiv>
                    <Unicode>über bald fallen gelassen. Er läßt die Erbärmlichkeit auf eigene</Unicode>
                </TextEquiv>
            </TextLine>
            <TextLine id="r1l210" custom="readingOrder {index:209;}">
                <Coords points="356,3147 541,3140 570,3155 589,3154 587,3088 562,3082 546,3095 509,3090 490,3106 452,3097 440,3107 421,3104 389,3089 355,3100"/>
                <Baseline points="371,3138 396,3137 421,3137 446,3135 471,3135 496,3134 521,3134 546,3134 571,3134"/>
                <TextEquiv>
                    <Unicode>chters und</Unicode>
                </TextEquiv>
            </TextLine>
            <TextLine id="r1l211" custom="readingOrder {index:210;}">
                <Coords points="1742,3167 2894,3150 2894,3122 2793,3116 2280,3136 1742,3101"/>
                <Baseline points="1759,3157 1817,3158 1876,3158 1935,3159 1994,3159 2053,3160 2112,3160 2171,3161 2230,3161 2289,3161 2347,3161 2406,3161 2465,3161 2524,3160 2583,3159 2642,3158 2701,3157 2760,3155 2819,3153 2878,3151"/>
                <TextEquiv>
                    <Unicode>Hoffmann in Hirschberg i. Schl. In der gestrigen Aufsichts¬</Unicode>
                </TextEquiv>
            </TextLine>
            <TextLine id="r1l212" custom="readingOrder {index:211;}">
                <Coords points="588,3179 1583,3183 1740,3174 1740,3127 588,3134"/>
                <Baseline points="604,3175 662,3174 721,3173 780,3173 839,3172 898,3171 957,3171 1016,3170 1075,3169 1134,3168 1192,3168 1251,3167 1310,3166 1369,3166 1428,3165 1487,3164 1546,3164 1605,3163 1664,3162 1723,3162"/>
                <TextEquiv>
                    <Unicode>Rechnung arbeiten. Daß er sich so in die Werkstätte sehen läßt,</Unicode>
                </TextEquiv>
            </TextLine>
            <TextLine id="r1l213" custom="readingOrder {index:212;}">
                <Coords points="365,3177 394,3183 406,3176 425,3188 441,3182 463,3191 482,3184 491,3190 501,3183 529,3186 535,3179 583,3181 582,3144 503,3145 462,3137 427,3138 412,3151 399,3142 364,3149"/>
                <Baseline points="381,3181 407,3180 433,3180 460,3179 486,3179 513,3178 539,3177 566,3176"/>
                <TextEquiv>
                    <Unicode> Theater¬</Unicode>
                </TextEquiv>
            </TextLine>
            <TextLine id="r1l214" custom="readingOrder {index:213;}">
                <Coords points="1738,3202 2899,3205 2899,3152 1738,3154"/>
                <Baseline points="1753,3200 1809,3201 1866,3201 1922,3201 1979,3202 2035,3202 2092,3202 2148,3202 2205,3202 2261,3202 2318,3202 2375,3202 2431,3201 2488,3201 2544,3200 2601,3199 2657,3199 2714,3198 2770,3196 2827,3195 2884,3194"/>
                <TextEquiv>
                    <Unicode>rathssitzung wurde beschlossen der am 22. d. M. abzuhaltenden</Unicode>
                </TextEquiv>
            </TextLine>
            <TextLine id="r1l215" custom="readingOrder {index:214;}">
                <Coords points="586,3217 1430,3225 1738,3209 1738,3174 586,3176"/>
                <Baseline points="601,3215 657,3214 713,3213 769,3212 825,3211 881,3210 937,3209 994,3208 1050,3207 1106,3207 1162,3206 1218,3206 1274,3205 1330,3205 1387,3204 1443,3204 1499,3204 1555,3204 1611,3204 1667,3204 1724,3204"/>
                <TextEquiv>
                    <Unicode>ist ein Fehler, der nicht in der Technik des Stückes liegt, sondern</Unicode>
                </TextEquiv>
            </TextLine>
            <TextLine id="r1l216" custom="readingOrder {index:215;}">
                <Coords points="360,3226 392,3219 433,3229 499,3216 518,3229 534,3222 562,3229 574,3216 590,3216 590,3184 537,3178 493,3191 467,3188 458,3178 401,3178 382,3191 360,3188"/>
                <Baseline points="377,3219 405,3218 433,3218 461,3217 490,3218 518,3218 546,3218 575,3218"/>
                <TextEquiv>
                    <Unicode>ürden wir</Unicode>
                </TextEquiv>
            </TextLine>
            <TextLine id="r1l217" custom="readingOrder {index:216;}">
                <Coords points="1740,3227 1885,3262 2908,3233 2889,3189 1740,3199"/>
                <Baseline points="1755,3239 1811,3239 1868,3240 1925,3240 1982,3241 2039,3241 2095,3241 2152,3242 2209,3242 2266,3242 2323,3242 2379,3242 2436,3242 2493,3241 2550,3241 2607,3240 2663,3239 2720,3238 2777,3237 2834,3236 2891,3234"/>
                <TextEquiv>
                    <Unicode> Generalversammlung die Vertheilung einer Dividende von</Unicode>
                </TextEquiv>
            </TextLine>
            <TextLine id="r1l218" custom="readingOrder {index:217;}">
                <Coords points="591,3258 1327,3247 1390,3278 1437,3244 1749,3254 1749,3201 590,3217"/>
                <Baseline points="605,3252 661,3251 717,3251 774,3251 830,3251 886,3250 943,3250 999,3250 1055,3250 1112,3250 1168,3250 1224,3249 1281,3249 1337,3249 1393,3249 1450,3248 1506,3247 1562,3247 1619,3246 1675,3245 1732,3244"/>
                <TextEquiv>
                    <Unicode>in der Stilisirung der Idee seine Wurzel hat. Das Kind stirbt.</Unicode>
                </TextEquiv>
            </TextLine>
            <TextLine id="r1l219" custom="readingOrder {index:218;}">
                <Coords points="355,3263 384,3257 434,3269 481,3263 510,3269 544,3260 585,3272 585,3222 355,3222"/>
                <Baseline points="372,3257 400,3258 428,3259 456,3259 484,3259 512,3258 540,3258 568,3257"/>
                <TextEquiv>
                    <Unicode>Novitäten¬</Unicode>
                </TextEquiv>
            </TextLine>
            <TextLine id="r1l220" custom="readingOrder {index:219;}">
                <Coords points="1740,3288 1759,3291 1788,3282 1803,3288 1813,3281 1822,3291 1888,3293 1888,3258 1872,3259 1841,3243 1800,3244 1790,3250 1784,3244 1771,3244 1759,3232 1740,3232"/>
                <Baseline points="1755,3281 1784,3280 1814,3279 1844,3279 1874,3280"/>
                <TextEquiv>
                    <Unicode>7pCt.</Unicode>
                </TextEquiv>
            </TextLine>
            <TextLine id="r1l221" custom="readingOrder {index:220;}">
                <Coords points="1873,3280 2820,3295 2899,3272 2899,3238 1873,3249"/>
                <Baseline points="1887,3283 1936,3282 1986,3282 2036,3282 2086,3282 2136,3282 2185,3282 2235,3282 2285,3282 2335,3282 2385,3282 2434,3282 2484,3282 2534,3282 2584,3281 2634,3281 2683,3280 2733,3279 2783,3278 2833,3277 2883,3275"/>
                <TextEquiv>
                    <Unicode>(i. V. 8 pCt.) auf das erhöhte Aktienkapital vorzu¬</Unicode>
                </TextEquiv>
            </TextLine>
            <TextLine id="r1l222" custom="readingOrder {index:221;}">
                <Coords points="1519,3304 1545,3304 1570,3288 1598,3297 1652,3288 1661,3297 1696,3291 1715,3298 1743,3288 1743,3253 1664,3250 1642,3263 1620,3250 1579,3250 1554,3266 1519,3256"/>
                <Baseline points="1534,3286 1561,3286 1589,3287 1616,3288 1644,3289 1671,3289 1699,3287 1727,3283"/>
                <TextEquiv>
                    <Unicode>t ihr jetzt</Unicode>
                </TextEquiv>
            </TextLine>
            <TextLine id="r1l223" custom="readingOrder {index:222;}">
                <Coords points="596,3301 1313,3288 1351,3310 1417,3262 595,3260"/>
                <Baseline points="611,3294 650,3294 690,3294 729,3294 769,3294 808,3294 848,3294 887,3294 927,3294 966,3294 1006,3294 1045,3294 1085,3294 1124,3293 1164,3293 1203,3293 1243,3292 1282,3291 1322,3290 1361,3289 1401,3287"/>
                <TextEquiv>
                    <Unicode>Das junge Weib steht ganz allein da,</Unicode>
                </TextEquiv>
            </TextLine>
            <TextLine id="r1l224" custom="readingOrder {index:223;}">
                <Coords points="361,3300 462,3305 481,3321 528,3303 534,3310 588,3314 589,3270 545,3262 431,3267 362,3256"/>
                <Baseline points="378,3299 405,3299 433,3299 461,3300 489,3300 517,3301 545,3302 573,3302"/>
                <TextEquiv>
                    <Unicode>Wer weiß,</Unicode>
                </TextEquiv>
            </TextLine>
            <TextLine id="r1l225" custom="readingOrder {index:224;}">
                <Coords points="1740,3326 2697,3347 2901,3319 2863,3281 1740,3278"/>
                <Baseline points="1755,3319 1811,3321 1867,3321 1924,3322 1980,3322 2037,3323 2093,3323 2150,3323 2206,3323 2263,3322 2319,3322 2375,3322 2432,3321 2488,3321 2545,3321 2601,3321 2658,3321 2714,3321 2771,3321 2827,3321 2884,3322"/>
                <TextEquiv>
                    <Unicode>schlagen bei 66 900 M. Abschreibungen und Rückstellungen (i. V.</Unicode>
                </TextEquiv>
            </TextLine>
            <TextLine id="r1l226" custom="readingOrder {index:225;}">
                <Coords points="583,3339 1745,3335 1744,3282 1669,3276 583,3301"/>
                <Baseline points="598,3336 654,3334 711,3333 767,3333 824,3333 880,3332 937,3332 993,3332 1050,3332 1106,3333 1163,3333 1220,3333 1276,3333 1333,3332 1389,3332 1446,3331 1502,3330 1559,3329 1615,3328 1672,3326 1729,3323"/>
                <TextEquiv>
                    <Unicode>Alles genommen und sie nehmen ihr auch den Thräuen¬</Unicode>
                </TextEquiv>
            </TextLine>
            <TextLine id="r1l227" custom="readingOrder {index:226;}">
                <Coords points="363,3363 401,3359 413,3346 435,3345 463,3357 491,3340 507,3349 513,3342 532,3348 548,3341 589,3343 588,3308 424,3308 361,3300"/>
                <Baseline points="377,3343 405,3342 433,3342 461,3340 489,3339 517,3338 545,3337 573,3337"/>
                <TextEquiv>
                    <Unicode>tend er¬</Unicode>
                </TextEquiv>
            </TextLine>
            <TextLine id="r1l228" custom="readingOrder {index:227;}">
                <Coords points="1750,3372 1781,3369 1809,3386 1857,3378 1882,3363 1904,3376 1932,3364 1970,3375 1971,3327 1890,3322 1870,3331 1836,3317 1798,3329 1751,3331"/>
                <Baseline points="1766,3357 1793,3358 1820,3358 1847,3359 1874,3359 1901,3360 1928,3361 1955,3364"/>
                <TextEquiv>
                    <Unicode>43 900 M.).</Unicode>
                </TextEquiv>
            </TextLine>
            <TextLine id="r1l229" custom="readingOrder {index:228;}">
                <Coords points="594,3388 1617,3386 1743,3376 1743,3322 594,3338"/>
                <Baseline points="609,3375 667,3374 726,3373 785,3372 844,3372 903,3371 962,3371 1021,3372 1080,3372 1139,3372 1197,3372 1256,3373 1315,3373 1374,3373 1433,3373 1492,3372 1551,3371 1610,3370 1669,3369 1728,3367"/>
                <TextEquiv>
                    <Unicode>winkel. Brutal, kalt weisen sie ihr die Thür und sie</Unicode>
                </TextEquiv>
            </TextLine>
            <TextLine id="r1l230" custom="readingOrder {index:229;}">
                <Coords points="465,3400 481,3400 497,3388 516,3386 525,3392 544,3386 582,3391 583,3340 514,3342 501,3335 492,3341 467,3340"/>
                <Baseline points="481,3380 509,3379 538,3380 567,3382"/>
                <TextEquiv>
                    <Unicode>nach</Unicode>
                </TextEquiv>
            </TextLine>
            <TextLine id="r1l231" custom="readingOrder {index:230;}">
                <Coords points="370,3403 386,3402 396,3411 415,3410 435,3387 442,3389 454,3379 473,3378 471,3350 455,3351 439,3342 424,3349 411,3347 393,3364 387,3358 368,3359"/>
                <Baseline points="385,3385 421,3381 457,3381"/>
                <TextEquiv>
                    <Unicode>n</Unicode>
                </TextEquiv>
            </TextLine>
            <TextLine id="r1l232" custom="readingOrder {index:231;}">
                <Coords points="1814,3408 2868,3412 2909,3399 2909,3349 1814,3367"/>
                <Baseline points="1831,3405 1884,3407 1937,3407 1990,3408 2043,3408 2096,3408 2149,3408 2203,3408 2256,3408 2309,3407 2362,3407 2415,3406 2468,3405 2521,3405 2575,3404 2628,3403 2681,3402 2734,3402 2787,3401 2840,3400 2894,3400"/>
                <TextEquiv>
                    <Unicode>„Helios“ Elektrizitäts=Gesellschaft. In der vorgestern</Unicode>
                </TextEquiv>
            </TextLine>
            <TextLine id="r1l233" custom="readingOrder {index:232;}">
                <Coords points="593,3427 1657,3426 1739,3413 1739,3375 593,3386"/>
                <Baseline points="609,3416 664,3416 720,3415 776,3414 832,3414 887,3414 943,3414 999,3414 1055,3414 1110,3414 1166,3414 1222,3413 1278,3413 1333,3413 1389,3413 1445,3412 1501,3411 1556,3410 1612,3408 1668,3407 1724,3405"/>
                <TextEquiv>
                    <Unicode>geht hinaus, wahrscheinlich ins Wasser. In den letzten</Unicode>
                </TextEquiv>
            </TextLine>
            <TextLine id="r1l234" custom="readingOrder {index:233;}">
                <Coords points="364,3441 421,3447 477,3421 569,3432 577,3422 593,3421 592,3393 484,3386 459,3394 449,3385 421,3390 411,3384 394,3404 362,3406"/>
                <Baseline points="378,3434 403,3429 428,3426 453,3424 478,3423 503,3422 528,3421 553,3421 578,3420"/>
                <TextEquiv>
                    <Unicode>Ste, was</Unicode>
                </TextEquiv>
            </TextLine>
            <TextLine id="r1l235" custom="readingOrder {index:234;}">
                <Coords points="1750,3449 2902,3441 2902,3397 2779,3391 1750,3396"/>
                <Baseline points="1765,3443 1821,3445 1877,3448 1933,3449 1989,3450 2045,3451 2101,3451 2158,3451 2214,3451 2270,3450 2326,3449 2382,3448 2438,3447 2494,3446 2551,3445 2607,3444 2663,3443 2719,3442 2775,3441 2831,3441 2888,3441"/>
                <TextEquiv>
                    <Unicode>stattgehabten Aussichtsrathssitzung der „Helios“, Elektrizitäts¬</Unicode>
                </TextEquiv>
            </TextLine>
            <TextLine id="r1l236" custom="readingOrder {index:235;}">
                <Coords points="593,3462 1666,3462 1745,3449 1745,3414 593,3421"/>
                <Baseline points="610,3457 666,3456 722,3455 778,3455 834,3454 890,3454 946,3453 1002,3453 1058,3453 1114,3453 1170,3452 1226,3452 1282,3452 1338,3452 1394,3451 1450,3451 1506,3451 1562,3450 1618,3450 1674,3450 1730,3449"/>
                <TextEquiv>
                    <Unicode>Szenen blüht dramatische Kraft, hier stört keine Rechnung, es lebt</Unicode>
                </TextEquiv>
            </TextLine>
            <TextLine id="r1l237" custom="readingOrder {index:236;}">
                <Coords points="419,3457 438,3454 473,3470 482,3466 514,3476 523,3466 536,3469 545,3463 558,3472 567,3466 577,3475 592,3475 592,3422 494,3428 472,3419 460,3426 419,3429"/>
                <Baseline points="435,3465 463,3462 491,3462 519,3463 547,3463 575,3462"/>
                <TextEquiv>
                    <Unicode>Geistes</Unicode>
                </TextEquiv>
            </TextLine>
            <TextLine id="r1l238" custom="readingOrder {index:237;}">
                <Coords points="1744,3481 2909,3497 2889,3437 1744,3446"/>
                <Baseline points="1759,3484 1815,3487 1872,3489 1928,3490 1985,3491 2042,3491 2098,3492 2155,3491 2212,3491 2268,3491 2325,3490 2382,3489 2438,3488 2495,3487 2552,3486 2608,3485 2665,3485 2722,3485 2778,3484 2835,3484 2892,3485"/>
                <TextEquiv>
                    <Unicode>Aktiengesellschaft gelangten die Bilanz und die Gewinn= und</Unicode>
                </TextEquiv>
            </TextLine>
            <TextLine id="r1l239" custom="readingOrder {index:238;}">
                <Coords points="594,3503 1677,3501 1746,3497 1746,3450 594,3462"/>
                <Baseline points="609,3494 665,3495 721,3495 777,3495 833,3495 889,3495 945,3495 1001,3495 1057,3495 1113,3494 1169,3494 1225,3494 1281,3493 1337,3493 1393,3492 1449,3492 1505,3491 1561,3491 1617,3490 1673,3490 1730,3490"/>
                <TextEquiv>
                    <Unicode>sich Alles bis auf die Neige aus, die dünne Novelle ist mit</Unicode>
                </TextEquiv>
            </TextLine>
            <TextLine id="r1l240" custom="readingOrder {index:239;}">
                <Coords points="344,3509 391,3513 438,3504 451,3514 486,3514 495,3504 504,3514 602,3512 602,3480 583,3480 568,3467 461,3466 423,3447 382,3441 367,3453 344,3453"/>
                <Baseline points="359,3501 384,3500 409,3500 434,3501 459,3501 484,3502 509,3503 534,3503 559,3502 585,3499"/>
                <TextEquiv>
                    <Unicode>er ist, die</Unicode>
                </TextEquiv>
            </TextLine>
            <TextLine id="r1l241" custom="readingOrder {index:240;}">
                <Coords points="1744,3531 2902,3535 2883,3478 1744,3481"/>
                <Baseline points="1759,3525 1815,3528 1871,3529 1928,3531 1984,3532 2041,3532 2097,3533 2154,3532 2210,3532 2267,3531 2323,3531 2379,3530 2436,3529 2492,3528 2549,3527 2605,3526 2662,3526 2718,3525 2775,3525 2831,3525 2888,3526"/>
                <TextEquiv>
                    <Unicode>Verlustrechnung per 30. Juni 1898 zur Vorlage. Nach Abzug von</Unicode>
                </TextEquiv>
            </TextLine>
            <TextLine id="r1l242" custom="readingOrder {index:241;}">
                <Coords points="587,3540 1660,3551 1752,3539 1752,3498 587,3502"/>
                <Baseline points="602,3538 658,3536 715,3534 772,3533 828,3532 885,3532 942,3532 998,3531 1055,3532 1112,3532 1169,3532 1225,3533 1282,3533 1339,3533 1395,3534 1452,3534 1509,3533 1565,3533 1622,3533 1679,3532 1736,3530"/>
                <TextEquiv>
                    <Unicode>künstlerischer Gründlichkeit ausgeschöpft, es bleibt keine Figur im</Unicode>
                </TextEquiv>
            </TextLine>
            <TextLine id="r1l243" custom="readingOrder {index:242;}">
                <Coords points="321,3541 353,3544 362,3554 454,3548 469,3557 498,3541 538,3554 592,3541 592,3516 532,3510 488,3488 469,3504 425,3500 391,3513 362,3507 350,3494 321,3497"/>
                <Baseline points="337,3540 363,3541 390,3541 417,3541 443,3542 470,3542 497,3542 523,3541 550,3541 577,3540"/>
                <TextEquiv>
                    <Unicode>Anderen nur</Unicode>
                </TextEquiv>
            </TextLine>
            <TextLine id="r1l244" custom="readingOrder {index:243;}">
                <Coords points="1745,3566 2919,3579 2919,3532 2808,3526 1745,3531"/>
                <Baseline points="1760,3563 1817,3565 1874,3567 1931,3568 1988,3569 2045,3570 2102,3571 2159,3571 2216,3571 2273,3571 2331,3571 2388,3571 2445,3570 2502,3569 2559,3569 2616,3568 2673,3567 2730,3566 2787,3565 2844,3564 2902,3563"/>
                <TextEquiv>
                    <Unicode>Abschreibungen im Betrage von 324 103,62 M. (im Vorjahre 240 730,03</Unicode>
                </TextEquiv>
            </TextLine>
            <TextLine id="r1l245" custom="readingOrder {index:244;}">
                <Coords points="591,3583 1724,3581 1749,3530 591,3548"/>
                <Baseline points="606,3582 662,3579 718,3577 775,3576 831,3574 888,3574 944,3573 1000,3573 1057,3573 1113,3573 1170,3573 1226,3574 1282,3574 1339,3574 1395,3574 1452,3574 1508,3574 1564,3574 1621,3573 1677,3572 1734,3570"/>
                <TextEquiv>
                    <Unicode>Fragment, kein Gefühl in halben Schwingungen stecken. Es</Unicode>
                </TextEquiv>
            </TextLine>
            <TextLine id="r1l246" custom="readingOrder {index:245;}">
                <Coords points="326,3583 377,3591 399,3585 414,3597 462,3587 477,3596 546,3585 588,3591 587,3543 540,3554 527,3545 470,3549 439,3540 363,3554 325,3542"/>
                <Baseline points="343,3582 368,3582 394,3583 419,3582 445,3582 470,3582 496,3581 521,3580 547,3579 573,3578"/>
                <TextEquiv>
                    <Unicode>uf sich selber</Unicode>
                </TextEquiv>
            </TextLine>
            <TextLine id="r1l247" custom="readingOrder {index:246;}">
                <Coords points="1749,3614 2910,3622 2910,3562 1749,3567"/>
                <Baseline points="1765,3603 1821,3605 1877,3607 1934,3608 1990,3610 2047,3610 2103,3611 2160,3611 2216,3611 2273,3611 2329,3611 2385,3610 2442,3610 2498,3609 2555,3608 2611,3608 2668,3607 2724,3606 2781,3606 2837,3606 2894,3605"/>
                <TextEquiv>
                    <Unicode>Mark) erübrigt ein Reingewinn von 1212 521,48 M. gegen</Unicode>
                </TextEquiv>
            </TextLine>
            <TextLine id="r1l248" custom="readingOrder {index:247;}">
                <Coords points="582,3615 1747,3625 1747,3571 582,3577"/>
                <Baseline points="599,3622 655,3620 712,3619 768,3618 825,3618 882,3617 938,3617 995,3617 1052,3617 1108,3617 1165,3617 1222,3616 1278,3616 1335,3616 1392,3615 1448,3615 1505,3614 1562,3613 1618,3612 1675,3610 1732,3608"/>
                <TextEquiv>
                    <Unicode>hinterläßt eine reine Wirkung. Es ist ein Drama der letzten</Unicode>
                </TextEquiv>
            </TextLine>
            <TextLine id="r1l249" custom="readingOrder {index:248;}">
                <Coords points="334,3625 438,3635 478,3632 488,3622 507,3638 526,3626 592,3629 592,3582 491,3597 469,3587 416,3597 400,3584 334,3584"/>
                <Baseline points="350,3621 375,3622 400,3622 425,3622 450,3622 475,3622 500,3622 525,3622 550,3623 576,3623"/>
                <TextEquiv>
                    <Unicode>hinaus und</Unicode>
                </TextEquiv>
            </TextLine>
            <TextLine id="r1l250" custom="readingOrder {index:249;}">
                <Coords points="1749,3660 2873,3658 2910,3652 2910,3589 1749,3609"/>
                <Baseline points="1766,3647 1822,3649 1878,3650 1935,3651 1991,3651 2048,3652 2104,3652 2160,3653 2217,3653 2273,3652 2330,3652 2386,3652 2442,3651 2499,3650 2555,3650 2612,3649 2668,3648 2724,3647 2781,3646 2837,3646 2894,3645"/>
                <TextEquiv>
                    <Unicode>543 360,86 M. im Vorjahre. Die Vertheilung dieses Rein¬</Unicode>
                </TextEquiv>
            </TextLine>
            <TextLine id="r1l251" custom="readingOrder {index:250;}">
                <Coords points="597,3667 1702,3667 1743,3622 597,3626"/>
                <Baseline points="612,3662 667,3661 723,3660 779,3659 835,3658 891,3657 946,3657 1002,3657 1058,3657 1114,3657 1170,3657 1225,3657 1281,3657 1337,3657 1393,3657 1449,3656 1504,3656 1560,3655 1616,3654 1672,3653 1728,3652"/>
                <TextEquiv>
                    <Unicode>Szenen und ich habe das Gefühl, daß das Ganze</Unicode>
                </TextEquiv>
            </TextLine>
            <TextLine id="r1l252" custom="readingOrder {index:251;}">
                <Coords points="338,3672 367,3681 376,3671 483,3676 502,3657 546,3672 593,3659 592,3618 338,3634"/>
                <Baseline points="353,3665 378,3664 403,3664 428,3664 453,3663 478,3663 503,3662 528,3662 553,3662 578,3662"/>
                <TextEquiv>
                    <Unicode>Prinzip die</Unicode>
                </TextEquiv>
            </TextLine>
            <TextLine id="r1l253" custom="readingOrder {index:252;}">
                <Coords points="1754,3694 2875,3699 2903,3649 1754,3653"/>
                <Baseline points="1769,3689 1827,3691 1886,3692 1945,3693 2004,3693 2063,3694 2122,3694 2181,3693 2240,3693 2299,3692 2357,3691 2416,3690 2475,3690 2534,3689 2593,3688 2652,3687 2711,3687 2770,3687 2829,3687 2888,3687"/>
                <TextEquiv>
                    <Unicode>gewinnes soll der im November stattfindenden Generalversamm¬</Unicode>
                </TextEquiv>
            </TextLine>
            <TextLine id="r1l254" custom="readingOrder {index:253;}">
                <Coords points="588,3702 1715,3703 1749,3655 588,3667"/>
                <Baseline points="604,3704 660,3702 717,3701 773,3700 830,3699 886,3698 943,3697 999,3697 1056,3697 1112,3697 1169,3697 1225,3697 1282,3697 1338,3697 1395,3697 1451,3697 1508,3697 1564,3696 1621,3696 1677,3696 1734,3695"/>
                <TextEquiv>
                    <Unicode>wegen dieser geschrieben ist. Die ersten zwei Akte sind</Unicode>
                </TextEquiv>
            </TextLine>
            <TextLine id="r1l255" custom="readingOrder {index:254;}">
                <Coords points="348,3726 367,3726 410,3706 439,3721 483,3710 527,3719 593,3705 592,3658 564,3668 444,3661 432,3668 347,3669"/>
                <Baseline points="363,3707 389,3706 416,3706 442,3705 469,3704 496,3704 522,3703 549,3703 576,3702"/>
                <TextEquiv>
                    <Unicode>so gruppirt</Unicode>
                </TextEquiv>
            </TextLine>
            <TextLine id="r1l256" custom="readingOrder {index:255;}">
                <Coords points="1745,3725 2909,3741 2909,3690 1744,3684"/>
                <Baseline points="1759,3729 1815,3731 1872,3731 1929,3732 1986,3732 2042,3733 2099,3733 2156,3733 2213,3733 2269,3732 2326,3732 2383,3732 2440,3731 2496,3731 2553,3730 2610,3730 2667,3730 2723,3729 2780,3729 2837,3729 2894,3729"/>
                <TextEquiv>
                    <Unicode>lung in folgender Weise vorgeschlagen werden: Zuweisung an den</Unicode>
                </TextEquiv>
            </TextLine>
            <TextLine id="r1l257" custom="readingOrder {index:256;}">
                <Coords points="594,3754 1749,3739 1748,3689 593,3704"/>
                <Baseline points="608,3743 664,3742 720,3740 776,3739 833,3739 889,3738 945,3737 1001,3737 1058,3737 1114,3736 1170,3736 1226,3736 1283,3736 1339,3736 1395,3735 1451,3735 1508,3735 1564,3734 1620,3734 1676,3733 1733,3732"/>
                <TextEquiv>
                    <Unicode>Kronzeugen für Unwahrscheinlichkeiten im künstlerisch wahrhaftig</Unicode>
                </TextEquiv>
            </TextLine>
            <TextLine id="r1l258" custom="readingOrder {index:257;}">
                <Coords points="344,3751 385,3757 442,3750 480,3759 489,3752 543,3755 552,3745 587,3757 586,3707 520,3720 504,3708 454,3699 438,3712 416,3712 372,3710 359,3697 344,3697"/>
                <Baseline points="359,3747 385,3746 412,3745 438,3744 465,3744 491,3743 518,3743 544,3744 571,3745"/>
                <TextEquiv>
                    <Unicode>menthal</Unicode>
                </TextEquiv>
            </TextLine>
            <TextLine id="r1l259" custom="readingOrder {index:258;}">
                <Coords points="1740,3770 2298,3795 2911,3757 2911,3729 2574,3718 1740,3723"/>
                <Baseline points="1757,3771 1816,3772 1876,3773 1936,3774 1996,3775 2056,3775 2116,3775 2176,3775 2236,3775 2296,3775 2356,3774 2416,3774 2476,3773 2536,3772 2596,3771 2656,3770 2716,3769 2776,3768 2836,3767 2896,3766"/>
                <TextEquiv>
                    <Unicode>Dispositionsfonds 100000 M. (wie im Vorjahr), Gewinn¬</Unicode>
                </TextEquiv>
            </TextLine>
            <TextLine id="r1l260" custom="readingOrder {index:259;}">
                <Coords points="590,3789 1660,3787 1748,3777 1748,3740 590,3745"/>
                <Baseline points="606,3783 662,3782 718,3781 775,3780 831,3779 887,3778 944,3778 1000,3777 1056,3777 1113,3777 1169,3776 1225,3776 1282,3776 1338,3776 1394,3776 1451,3775 1507,3775 1563,3775 1620,3774 1676,3774 1733,3773"/>
                <TextEquiv>
                    <Unicode>Gedachten. Die Szeuen am Sterbelager des jungen Mannes, die</Unicode>
                </TextEquiv>
            </TextLine>
            <TextLine id="r1l261" custom="readingOrder {index:260;}">
                <Coords points="351,3793 424,3797 439,3787 474,3802 499,3786 565,3796 578,3783 593,3783 592,3742 504,3757 444,3750 350,3756"/>
                <Baseline points="367,3788 393,3788 420,3788 446,3787 473,3786 499,3785 526,3784 552,3783 579,3783"/>
                <TextEquiv>
                    <Unicode>rdnet, nach</Unicode>
                </TextEquiv>
            </TextLine>
            <TextLine id="r1l262" custom="readingOrder {index:261;}">
                <Coords points="1745,3807 2916,3816 2884,3766 1745,3763"/>
                <Baseline points="1761,3808 1820,3811 1880,3813 1940,3815 2000,3816 2060,3816 2120,3816 2180,3815 2240,3815 2300,3814 2360,3813 2420,3812 2480,3811 2540,3810 2600,3810 2660,3810 2720,3810 2780,3811 2840,3813 2900,3815"/>
                <TextEquiv>
                    <Unicode>antheile 162 078,14 Mark (im Vorjahre 60031 Mark),</Unicode>
                </TextEquiv>
            </TextLine>
            <TextLine id="r1l263" custom="readingOrder {index:262;}">
                <Coords points="588,3837 1642,3828 1746,3815 1746,3780 587,3786"/>
                <Baseline points="603,3825 659,3823 715,3821 772,3820 828,3820 884,3819 941,3819 997,3818 1053,3818 1110,3818 1166,3818 1222,3819 1279,3819 1335,3819 1391,3818 1448,3818 1504,3818 1560,3817 1617,3816 1673,3815 1730,3813"/>
                <TextEquiv>
                    <Unicode>den ganzen ersten Akt füllen z. B. Der schwer Leidende hat das</Unicode>
                </TextEquiv>
            </TextLine>
            <TextLine id="r1l264" custom="readingOrder {index:263;}">
                <Coords points="340,3843 390,3833 410,3846 444,3829 482,3829 501,3841 513,3829 542,3835 548,3828 567,3838 601,3831 601,3774 585,3775 566,3794 484,3788 469,3801 434,3789 340,3802"/>
                <Baseline points="357,3829 382,3828 407,3827 433,3826 458,3825 484,3825 509,3825 535,3825 560,3826 586,3828"/>
                <TextEquiv>
                    <Unicode>#erste Platz</Unicode>
                </TextEquiv>
            </TextLine>
            <TextLine id="r1l265" custom="readingOrder {index:264;}">
                <Coords points="1741,3856 2902,3858 2902,3811 1741,3803"/>
                <Baseline points="1758,3848 1814,3851 1871,3853 1927,3854 1984,3855 2040,3856 2097,3856 2153,3856 2210,3856 2266,3855 2323,3855 2379,3854 2436,3853 2492,3852 2549,3852 2605,3851 2662,3850 2718,3850 2775,3850 2831,3851 2888,3851"/>
                <TextEquiv>
                    <Unicode>Gratisikationen an die Beamten 20000 M. (12000 M.</Unicode>
                </TextEquiv>
            </TextLine>
            <TextLine id="r1l266" custom="readingOrder {index:265;}">
                <Coords points="584,3877 1749,3861 1748,3810 584,3814"/>
                <Baseline points="601,3865 657,3864 714,3862 770,3861 827,3860 884,3859 940,3859 997,3858 1054,3858 1110,3857 1167,3857 1224,3857 1280,3857 1337,3857 1394,3857 1450,3857 1507,3857 1564,3857 1620,3856 1677,3856 1734,3856"/>
                <TextEquiv>
                    <Unicode>Genick gebrochen, er will ein Geständniß abwälzen in fünf</Unicode>
                </TextEquiv>
            </TextLine>
            <TextLine id="r1l267" custom="readingOrder {index:266;}">
                <Coords points="2378,3895 2435,3908 2529,3882 2554,3903 2661,3909 2677,3896 2872,3901 2910,3891 2910,3844 2378,3855"/>
                <Baseline points="2393,3893 2418,3894 2443,3895 2468,3895 2493,3895 2518,3895 2543,3895 2568,3895 2593,3895 2618,3895 2643,3895 2668,3894 2693,3894 2718,3893 2743,3893 2768,3893 2793,3892 2818,3891 2843,3891 2868,3891 2894,3891"/>
                <TextEquiv>
                    <Unicode>einem Untertzützungsfonds</Unicode>
                </TextEquiv>
            </TextLine>
            <TextLine id="r1l268" custom="readingOrder {index:267;}">
                <Coords points="1747,3895 2194,3901 2229,3917 2257,3895 2374,3896 2371,3864 2229,3854 2031,3875 1748,3854"/>
                <Baseline points="1762,3886 1791,3889 1821,3891 1851,3893 1881,3895 1911,3896 1940,3897 1970,3898 2000,3898 2030,3899 2060,3899 2089,3899 2119,3899 2149,3898 2179,3898 2209,3897 2238,3896 2268,3896 2298,3894 2328,3893 2358,3892"/>
                <TextEquiv>
                    <Unicode>im Vorjahre), Zuweisung zu</Unicode>
                </TextEquiv>
            </TextLine>
            <TextLine id="r1l269" custom="readingOrder {index:268;}">
                <Coords points="595,3912 1754,3904 1753,3854 1561,3842 1486,3871 595,3861"/>
                <Baseline points="611,3902 667,3902 723,3901 780,3901 836,3900 893,3900 949,3900 1005,3900 1062,3900 1118,3900 1175,3899 1231,3899 1287,3899 1344,3899 1400,3898 1457,3898 1513,3897 1569,3896 1626,3895 1682,3894 1739,3892"/>
                <TextEquiv>
                    <Unicode>geschickten Sätzen wäre es erledigt, aber ruckweise mit</Unicode>
                </TextEquiv>
            </TextLine>
            <TextLine id="r1l270" custom="readingOrder {index:269;}">
                <Coords points="362,3920 409,3910 465,3919 481,3907 503,3919 531,3909 594,3922 594,3878 519,3865 475,3881 462,3869 427,3866 409,3879 361,3876"/>
                <Baseline points="376,3907 401,3908 426,3908 451,3908 477,3907 502,3907 527,3907 552,3907 578,3907"/>
                <TextEquiv>
                    <Unicode>wäre, wenn</Unicode>
                </TextEquiv>
            </TextLine>
            <TextLine id="r1l271" custom="readingOrder {index:270;}">
                <Coords points="1748,3939 2809,3947 2913,3925 2913,3890 1748,3895"/>
                <Baseline points="1764,3929 1820,3932 1877,3934 1933,3935 1990,3936 2047,3937 2103,3937 2160,3937 2217,3937 2273,3936 2330,3936 2387,3935 2443,3934 2500,3933 2557,3933 2613,3933 2670,3933 2727,3933 2783,3933 2840,3934 2897,3936"/>
                <TextEquiv>
                    <Unicode>für Beamte und Arbeiter 40 000 M. (im Vorjahre 0), 11 pCt.</Unicode>
                </TextEquiv>
            </TextLine>
            <TextLine id="r1l272" custom="readingOrder {index:271;}">
                <Coords points="1579,3940 1610,3939 1626,3945 1654,3941 1676,3947 1745,3938 1744,3900 1722,3904 1706,3898 1678,3909 1656,3894 1650,3900 1612,3901 1578,3912"/>
                <Baseline points="1593,3938 1620,3937 1648,3937 1675,3936 1703,3935 1731,3933"/>
                <TextEquiv>
                    <Unicode>heraus¬</Unicode>
                </TextEquiv>
            </TextLine>
            <TextLine id="r1l273" custom="readingOrder {index:272;}">
                <Coords points="590,3951 1399,3958 1516,3932 1487,3898 590,3900"/>
                <Baseline points="607,3945 651,3944 696,3943 740,3943 785,3942 830,3942 874,3942 919,3941 963,3941 1008,3941 1053,3940 1097,3940 1142,3940 1186,3939 1231,3939 1276,3938 1320,3938 1365,3937 1409,3936 1454,3935 1499,3934"/>
                <TextEquiv>
                    <Unicode>einer schier schmerzenden Umständlichkeit wird</Unicode>
                </TextEquiv>
            </TextLine>
            <TextLine id="r1l274" custom="readingOrder {index:273;}">
                <Coords points="365,3955 475,3956 506,3934 547,3956 588,3954 588,3913 365,3908"/>
                <Baseline points="379,3947 406,3946 433,3946 461,3946 488,3947 516,3947 543,3947 571,3947"/>
                <TextEquiv>
                    <Unicode>Kunst der</Unicode>
                </TextEquiv>
            </TextLine>
            <TextLine id="r1l275" custom="readingOrder {index:274;}">
                <Coords points="1744,3979 2908,3993 2908,3936 1744,3932"/>
                <Baseline points="1760,3969 1816,3972 1873,3974 1930,3976 1986,3977 2043,3977 2100,3977 2156,3977 2213,3977 2270,3976 2327,3976 2383,3975 2440,3974 2497,3974 2553,3973 2610,3973 2667,3972 2723,3973 2780,3973 2837,3974 2894,3976"/>
                <TextEquiv>
                    <Unicode>[Dividende auf 8 Millionen M. Aktienkapital 880 000 M.</Unicode>
                </TextEquiv>
            </TextLine>
            <TextLine id="r1l276" custom="readingOrder {index:275;}">
                <Coords points="590,3982 1591,3995 1751,3980 1751,3936 589,3951"/>
                <Baseline points="607,3983 663,3983 719,3984 776,3983 832,3983 889,3983 945,3982 1002,3982 1058,3981 1115,3980 1171,3979 1227,3979 1284,3978 1340,3977 1397,3976 1453,3976 1510,3975 1566,3975 1623,3975 1679,3975 1736,3975"/>
                <TextEquiv>
                    <Unicode> geholt. Der zweite Akt ist eine einzige technische Schwer¬</Unicode>
                </TextEquiv>
            </TextLine>
            <TextLine id="r1l277" custom="readingOrder {index:276;}">
                <Coords points="767,4014 2911,4033 2911,3960 767,3986"/>
                <Baseline points="784,4022 889,4021 995,4021 1100,4020 1206,4020 1311,4019 1417,4019 1522,4018 1628,4018 1733,4018 1839,4018 1945,4017 2050,4017 2156,4017 2261,4017 2367,4016 2472,4016 2578,4016 2683,4016 2789,4015 2895,4015"/>
                <TextEquiv>
                    <Unicode>Dem ganzen Organiswus stockt der Athem! (im Vorjahre 12 pCt. auf 3 Millionen M. Aktienkapital 360 000 M.),</Unicode>
                </TextEquiv>
            </TextLine>
            <TextLine id="r1l278" custom="readingOrder {index:277;}">
                <Coords points="349,4048 374,4054 399,4031 541,4036 585,4023 686,4041 701,4028 749,4034 783,4024 783,3977 629,3994 588,3976 575,3989 499,3983 434,4003 348,3991"/>
                <Baseline points="364,4028 389,4028 414,4027 439,4027 465,4027 490,4027 515,4027 541,4027 566,4027 591,4027 617,4027 642,4026 667,4026 693,4025 718,4024 743,4024 769,4022"/>
                <TextEquiv>
                    <Unicode>#ite halten. fälligkeit.</Unicode>
                </TextEquiv>
            </TextLine>
            <TextLine id="r1l279" custom="readingOrder {index:278;}">
                <Coords points="372,4091 2855,4089 2921,4019 372,4040"/>
                <Baseline points="388,4073 513,4069 639,4066 765,4063 891,4061 1017,4060 1143,4059 1268,4059 1394,4059 1520,4059 1646,4059 1772,4059 1898,4060 2024,4060 2149,4060 2275,4060 2401,4060 2527,4060 2653,4059 2779,4057 2905,4055"/>
                <TextEquiv>
                    <Unicode>der Bühne und bei schwächerer Darstellung wäre er ihm hier wohl aus= Vortrag auf neue Rechnung 10 442,74 M. (im Vorjahre 11 329.86</Unicode>
                </TextEquiv>
            </TextLine>
            <TextEquiv>
                <Unicode>eeengeneen
Me
 Seig Pat Pren Mire un Dre Srchene ure Secue
erin der gewaltigen Z=ühnung rint scharfen Kontuten die Einzelnen
on ab¬
aber war das Stück dennoch nicht todt. Es war wohl nicht die
von den vielen Enterbten des Glücks malt, das verräth das große,
Kunst der Darstellung, auch nicht die mit psychologischer Kon¬
ese An¬
echte Talent, das aus dem vollen Borne eines reifen Geistes
sequenz geführten Schlußszenen, das Rettende war die sittliche
und einer Seele schöpft, in der das menschliche Weh, die
ein gutes Geschöps aus der ge¬
Höhe, zu der sich
erlichen
Schwächen und Leidenschaften der Anderen schmerzlichen Widerhall
meinen Umgebung emporarbeitet und so den Gedanken
chst an¬
finden. Wenn etwas gestern den tiefen Gesammteindruck
in Herr und den Lebensgehalt des Werkes ausspricht. Bis dahin war es
schwächte, so waren es die allzu langen und allzu lärmenden
voll Peinlichkeiten und Mühsal gegangen. Schnitzler's feinmalende
st
aut
Gesammtszenen sowie die häufigen Einzelwiederholungen
Kunst ist graziös, sie sucht das Leben, wo es die weichsten Linien
Gefolge
der bereits bekannten Thatsachen. Voll intimster Stimmung und
hat, und sie weiß dem Herben noch ein Stäubchen Dust
berufen
Abtönung war das Milien, die Darstellung der Herrenrollen aus¬
sie dort, wo sie die
geben. Wienerisch=mild, weckt
zu
indigung
gezeichnet. Max Pategg in der Titelrolle bot mit seiner
 Tragik des Lebens gestalten möchte, das Bild eines Blüthenzweiges,
ntgegen¬
1 Tragödie des Gewissens eine glänzende Leistung. Ihm
den ein schwarzer Flor umhüllt. Die Tragik des passiven
großem
schlossen sich ebenbürtig die Herren Eyben, Olmar,
Leids, für überall vollwerthend, aber stets mit der Wiener Note,
on allen
Weigert, Heinzel und Wehlau als Arbeiter
die in Allem mitklingt. Liebe Novellen, für die er seine eigene
luderem
Herr Leopold Thuener als Kleppl an,
und
Bühnentechnik fand. Ich weiß nicht, ob es ein großer Fehler ist,
1“ und
jeder Einzelne ein kleines Charakterbild in dem gewaltigen Gemälde
wenn sich ein Dichter, der nicht durch Ideen zu Gestalten kommt,
menschlichen Elends. Therese Leithner als Turasel's
sondern sie direkt im Leben fi det, sich in ein bestimmtes Thema
Künstler¬
Weib war so warm, wie es ihr anscheinend kühles Empfinden, das
verliebt. Es immer aufsucht wie einen Freund, wie eine Geliebte.
1 Pubii¬
selbst im größten Affekt die theatralische Abstammung nicht ver¬
] Die Motive behalten dann stets eine Familienähnlichkeit, die eines
lben auf
leugnet, zuließ. Das Zusammenspiel in den Ensembleszenen war
Tages für uns das Interesse verlieren kann. Es ist wie die
J. Lm.
tadellos.
gleichmäßig blonden Kinder eines blanäugigen Verwandtenkreises.
Mer
Schnitzler's Lieblingsthema ist das Verhältniß des reichen jungen
eigenen
Mannes zum armen Mädchen aus dem Volke. Im Anatoke¬
Anzahl
Börse und Handel.
cyclus ist das Thema mehr als fideles Champagner¬
m erst¬
Vom Tage. Der Privuldiskont erhöhte sich gestern auf
Verhältniß in einer liebenswürdig heiteren Art ergötzlich
r Jubi¬
4½ pCt., d. h. ½ pCt. über die Bankate. Die Spekulation zeigte
varüirt, in der anmuthig=lyrischen „Liebelei“ in lieber Melancholie, in
sommer¬
sich jedoch hierdurch keineswegs bennruhigt, es war viel¬
eine innige Traurigkeit gewandelt. Und von Anatole und Christine
imtliche
mehr gerade in der zweiten Börsenhälfte eine zuversichtliche
kommt Schnitzler nicht los. Und so war es gestern nach den
Stimmung bemerkbar, welche (damit motivirt wurde, daß
ersten Szenen, als träfen wir gute Bekannte. Es erschien wie
die für Montag bestimmt zu erwartende Erhöhung des
der „Liebelei“ zweiter Theil. Man nehme an, Christinen's Ge¬
liebter sei im Duell nicht gefallen, sondern habe das Mädchen ein¬
Bankdiskonts den Markt von den bisherigen Befürchtungen be¬
ersten gemiethet und sie ihm ein Kind geboren. Niemand weiß
züglich des Geldstandes endlich befreien werde. So merk¬
Scar davon, als der Freund und eine Verwandte. Bei einem
wstrdig diese Araumentation auch klingen mag, so erklärt sich
Spazierritt stürzt er mit dem Pferde und wi.d sterbend zu den
#e ge¬
dieselbe andereiseits doch durch die in den letzten Jahren
Eltern gebracht. Er hat, bevor er stirbt, nur noch eine Beichte
Wort
nach dieser Richtung hin gemachten Erfahrungen und es
und einen Wunsch: die Eltern möchten seine Geliebte und sein
n den
wäre nur zu wünschen, daß die Optimisten auch dies¬
Kind ins Haus nehmen. Wir merken das Problem. Wie
tigen
mal Recht behielten. Gestern hielt es die Spekulation für
gesellschaft¬
philiströse,
swird sich die
orden.
das Geratheuste, sich der größten Reserve zu befleißigen. Der Ver¬
ineu=lichen Vorurtheilen befangene egoistische
m verlassenen Ge¬
kehr wurde mit Rücksicht auf die schwächeren Bulletins von den
iment=] Verwandtschaft
des
schöpf stellen? Werden sie das Vermächtniß
in Er¬
Auslandsbörsen auf den meisten Geschäftsgebieten zu mäßig
te noch Sohnes treu erfüllen? Die Charaktere lassen uns
reduzirten Kursen aufgenommen, im weiteren Verlaufe konnte sich
das Gegentheil glauben. Da ist vor Allem das Haupt der
es neue
jedoch bei sehr geringfügigen Umsätzen durchweg eine ziemlich
Familie, ein Professor der Nationalökonomie, ein Vertreter der
ihrem
freundliche Teudenz behaupten.
kleinbürgerlichsten Moral, ein haltloses Kaffeehaustrottelchen,
geben
Annener Gußstahlwerk. In der gestern zu Annen statt¬
vom Dichter sehr gut beohachtet und gezeichnet. Er
Denn
gehabten Generalversammlung des Annener Gußstahlwerkes wurden
der Vertreter einer ganzen Sorte, die österreichische Nuance
s Rößl.
einstimmig die Anträge der Verwaltung genehmigt und die
ist wohlgetroffen. Er hat absolut nichts dagegen, daß der
en Ton
Entlastung ertheilt. Es gelangen also 10 pCt. Dividende
Sohn ein hübsches Verhältniß hat, aber vernünftigermaßen doch
iel die
zur Vertheilung; ferner wird das Aktienkapital um 425 000
 beiden ein solches, „bei dem das Hängenbleiben ausgeschlossen ist“. Der
Mark erhöht. Das ausscheidende Mitglied des Aussichtsraths
undI ist natürlich empört, aber er findet sich schließlich in die Sache.
wurde einstimmig wiedergewählt. Der Geschäftsgang ist, wie die
Anfang] Dann ist die Mama mit engen Anschauungen, aber einem guten
Direktion berichtete, andauernd günstig.
Herzen, eine Verwandte, die freier denkt, und eine echt wienerische
so daß
Marienburg=Mlawkaer Eisenbahn=Gesellschaft.
schnell! Haustochter. Gutes Herz, Temperament und den Muth zu dem,
Die Einnahmen der Bahn betrugen im Monat September 1898
was die gesellschaftliche Moral verdammt. Sie alle übernehmen das
liß für
nach provisorischer Ermittlung 179 000 M. gegen 182 000 M. im
Vermächtniß des todten Sohnes und heißen dessen Kind und Geliebte
wierige
gleichen Monat des Vorjahres, mithin 3000 M. weniger, und
willkommen. Nur einer mag es nicht. Der Bräutigam der Tochter,
en zu,
zwar ergaben der Personenverkehr ein Plus von 4000 M. und de
ite des ein Arzt, von der kalten, egoistischen Art Mancher, die mit der
Extraordinarien ein solches von 5000 M., während der Güter¬
ichtigkeit! Aemuth prahlen, aus der sie stammen, aber scharfe Anwälte aller
verkehr um 12 000 M. hinter dem September des Vorjahres
Vorurtheile zu werden pflegen, die sich selbst einmal gegen sie
fall ge¬
zurückblieb. Seit Anfang des Jahres bis Ultimo September
richteten. Das was das verlassene „Verhältniß“ an sie Alle aber
uftigeren
betrugen die Einnahmen 1 426 000 M. gegen 1371 000 M. in
im Grunde kettet, ist das Kind. Es ist doch des Sohnes
ne jede
der gleichen Zeit des Vorjahres, mithin mehr 55 000 M.
Kind, Fleisch vom Fleische der Familie. Der Gedanken¬
um so
Akkumulatoren=Unternehmung in Frankreich. Die
vielleicht! gang der gedachten Klasse ist fein getroffen, aber hier
bekannte Kabelfabrik Geoffroy u. Delore in Clichy bei
des
abermerkt man auch schon die Stilisirung
Paris hat die Patente der Berliner Akkumulatorenfabrik G. m. b. H.
Kommenden, die Mathematik der Konsequenzen. Wie, wenn
Wirkung
für Traktionszwecke und der Kommanditgesellschaft Dr. Lehmann
das Kind nun sterben würde? Dann wäre das einzig Verbindende
öhlichem
 u. Mann für stationäre und Pufferbatterien käuflich erworben und
aus dem Wege geschafft, die wider Willen eingeschläferte An¬
hervor.
ist gegenwärtig mit der Einrichtung einer Akkumulatorenfabrik in
ständigkeits=Moral darf wieder aufwachen. Das fremde Weib wird
großem Stile beschäftigt. Diese Fabrik ist bestimmt die Batterien
aus dem Hause geschafft und Alles ist wie zuvor. Denn man
lten zwei
für die Einrichtung des elektrischen Betriebes der Pariser Vorort¬
Fan'.: Professors X. haben schon ihre Besuche ein¬
inzen wie
bahnen zu liefern und den Bedarf der Société anonyme de#
ge#e“t u. s. w. Schnitzler's Versuch, die Gesellschaft als zwingende
ist diese
automobiles électriques zu decken.
Pache den Druck auf die engen Herzen wirken zu lassen, wird
te, z. B.
Maschinenbau=Aktiengesellschaft vormals Starke u.
über bald fallen gelassen. Er läßt die Erbärmlichkeit auf eigene
chters und
Hoffmann in Hirschberg i. Schl. In der gestrigen Aufsichts¬
Rechnung arbeiten. Daß er sich so in die Werkstätte sehen läßt,
 Theater¬
rathssitzung wurde beschlossen der am 22. d. M. abzuhaltenden
ist ein Fehler, der nicht in der Technik des Stückes liegt, sondern
ürden wir
 Generalversammlung die Vertheilung einer Dividende von
in der Stilisirung der Idee seine Wurzel hat. Das Kind stirbt.
Novitäten¬
7pCt.
(i. V. 8 pCt.) auf das erhöhte Aktienkapital vorzu¬
t ihr jetzt
Das junge Weib steht ganz allein da,
Wer weiß,
schlagen bei 66 900 M. Abschreibungen und Rückstellungen (i. V.
Alles genommen und sie nehmen ihr auch den Thräuen¬
tend er¬
43 900 M.).
winkel. Brutal, kalt weisen sie ihr die Thür und sie
nach
n
„Helios“ Elektrizitäts=Gesellschaft. In der vorgestern
geht hinaus, wahrscheinlich ins Wasser. In den letzten
Ste, was
stattgehabten Aussichtsrathssitzung der „Helios“, Elektrizitäts¬
Szenen blüht dramatische Kraft, hier stört keine Rechnung, es lebt
Geistes
Aktiengesellschaft gelangten die Bilanz und die Gewinn= und
sich Alles bis auf die Neige aus, die dünne Novelle ist mit
er ist, die
Verlustrechnung per 30. Juni 1898 zur Vorlage. Nach Abzug von
künstlerischer Gründlichkeit ausgeschöpft, es bleibt keine Figur im
Anderen nur
Abschreibungen im Betrage von 324 103,62 M. (im Vorjahre 240 730,03
Fragment, kein Gefühl in halben Schwingungen stecken. Es
uf sich selber
Mark) erübrigt ein Reingewinn von 1212 521,48 M. gegen
hinterläßt eine reine Wirkung. Es ist ein Drama der letzten
hinaus und
543 360,86 M. im Vorjahre. Die Vertheilung dieses Rein¬
Szenen und ich habe das Gefühl, daß das Ganze
Prinzip die
gewinnes soll der im November stattfindenden Generalversamm¬
wegen dieser geschrieben ist. Die ersten zwei Akte sind
so gruppirt
lung in folgender Weise vorgeschlagen werden: Zuweisung an den
Kronzeugen für Unwahrscheinlichkeiten im künstlerisch wahrhaftig
menthal
Dispositionsfonds 100000 M. (wie im Vorjahr), Gewinn¬
Gedachten. Die Szeuen am Sterbelager des jungen Mannes, die
rdnet, nach
antheile 162 078,14 Mark (im Vorjahre 60031 Mark),
den ganzen ersten Akt füllen z. B. Der schwer Leidende hat das
#erste Platz
Gratisikationen an die Beamten 20000 M. (12000 M.
Genick gebrochen, er will ein Geständniß abwälzen in fünf
einem Untertzützungsfonds
im Vorjahre), Zuweisung zu
geschickten Sätzen wäre es erledigt, aber ruckweise mit
wäre, wenn
für Beamte und Arbeiter 40 000 M. (im Vorjahre 0), 11 pCt.
heraus¬
einer schier schmerzenden Umständlichkeit wird
Kunst der
[Dividende auf 8 Millionen M. Aktienkapital 880 000 M.
 geholt. Der zweite Akt ist eine einzige technische Schwer¬
Dem ganzen Organiswus stockt der Athem! (im Vorjahre 12 pCt. auf 3 Millionen M. Aktienkapital 360 000 M.),
#ite halten. fälligkeit.
der Bühne und bei schwächerer Darstellung wäre er ihm hier wohl aus= Vortrag auf neue Rechnung 10 442,74 M. (im Vorjahre 11 329.86</Unicode>
            </TextEquiv>
        </TextRegion>
    </Page>
</PcGts>
