<?xml version="1.0" encoding="UTF-8" standalone="yes"?>
<PcGts xmlns="http://schema.primaresearch.org/PAGE/gts/pagecontent/2013-07-15" xmlns:xsi="http://www.w3.org/2001/XMLSchema-instance" xsi:schemaLocation="http://schema.primaresearch.org/PAGE/gts/pagecontent/2013-07-15 http://schema.primaresearch.org/PAGE/gts/pagecontent/2013-07-15/pagecontent.xsd">
    <Metadata>
        <Creator>prov=University of Rostock/Institute of Mathematics/CITlab/Gundram Leifert/gundram.leifert@uni-rostock.de:name=ONB_Newseye_GT_M1+(htr_id=10810)::::v=2.4.2
prov=University of Rostock/Institute of Mathematics/CITlab/Tobias Gruening/tobias.gruening@uni-rostock.de:name=de.uros.citlab.module.baseline2polygon.B2PSeamMultiOriented:v=2.4.2
prov=University of Rostock/Institute of Mathematics/CITlab/Tobias Gruening/tobias.gruening@uni-rostock.de:name=/mnt/transkribus/LA/DEA/URO/LA_news_onb_att.pb:de.uros.citlab.segmentation.CITlab_LA_ML:v=2.4.2
Transkribus</Creator>
        <Created>2019-10-07T11:34:17.777+02:00</Created>
        <LastChange>2019-10-08T16:08:38.787+02:00</LastChange>
        <TranskribusMetadata docId="223986" pageId="9500065" pageNr="60" tsid="16598919" status="IN_PROGRESS" userId="40391" imgUrl="https://files.transkribus.eu/Get?id=NENYHELIUHABQGYXPHWPBWAQ&amp;fileType=view" xmlUrl="https://files.transkribus.eu/Get?id=IEWMHPBFFNEWJLPBEISJVOGY" imageId="6190287"/>
    </Metadata>
    <Page imageFilename="223986_0060.jpeg" imageWidth="3484" imageHeight="4256">
        <ReadingOrder>
            <OrderedGroup id="ro_1711447748501" caption="Regions reading order">
                <RegionRefIndexed index="0" regionRef="r1"/>
            </OrderedGroup>
        </ReadingOrder>
        <TextRegion orientation="0.0" id="r1" custom="readingOrder {index:0;}">
            <Coords points="269,62 269,3084 3404,3084 3404,62"/>
            <TextLine id="r1l1" custom="readingOrder {index:0;}">
                <Coords points="2748,106 2783,103 2798,111 2814,112 2821,120 2848,121 2851,24 2828,23 2820,31 2809,22 2801,22 2777,37 2750,36"/>
                <Baseline points="2767,84 2799,84 2831,86"/>
                <TextEquiv>
                    <Unicode></Unicode>
                </TextEquiv>
            </TextLine>
            <TextLine id="r1l2" custom="readingOrder {index:1;}">
                <Coords points="1462,207 1563,228 1594,212 1617,220 1645,197 1722,226 1936,212 1936,158 1855,134 1746,152 1727,136 1692,151 1630,131 1540,150 1463,137"/>
                <Baseline points="1483,199 1508,199 1533,199 1559,199 1584,199 1610,200 1635,200 1660,200 1686,201 1711,201 1737,202 1762,202 1787,203 1813,203 1838,203 1864,203 1889,202 1915,202"/>
                <TextEquiv>
                    <Unicode>box 16/2</Unicode>
                </TextEquiv>
            </TextLine>
            <TextLine id="r1l3" custom="readingOrder {index:2;}">
                <Coords points="260,211 644,249 1320,242 1322,137 262,133"/>
                <Baseline points="278,200 329,204 380,206 431,209 482,212 534,213 585,215 636,217 687,219 738,220 790,221 841,222 892,222 943,223 994,223 1046,223 1097,222 1148,222 1199,222 1250,221 1302,220"/>
                <TextEquiv>
                    <Unicode>10. Das Vermaechtnis</Unicode>
                </TextEquiv>
            </TextLine>
            <TextLine id="r1l4" custom="readingOrder {index:3;}">
                <Coords points="1438,1223 2623,1241 2623,1179 2584,1175 1438,1153"/>
                <Baseline points="1459,1221 1516,1221 1573,1221 1630,1221 1688,1221 1745,1222 1802,1222 1860,1222 1917,1223 1974,1223 2032,1223 2089,1223 2146,1224 2203,1224 2261,1224 2318,1224 2375,1224 2433,1223 2490,1223 2547,1222 2605,1221"/>
                <TextEquiv>
                    <Unicode>kommende Vater gehen auf den Wunsch des Sohnes ein,</Unicode>
                </TextEquiv>
            </TextLine>
            <TextLine id="r1l5" custom="readingOrder {index:4;}">
                <Coords points="2619,1233 3163,1222 3252,1242 3415,1232 3416,1186 2620,1179"/>
                <Baseline points="2637,1220 2675,1220 2713,1221 2751,1221 2789,1222 2827,1222 2865,1223 2903,1223 2941,1223 2979,1224 3017,1224 3055,1224 3093,1225 3131,1225 3169,1225 3207,1225 3245,1225 3283,1226 3321,1226 3359,1226 3397,1226"/>
                <TextEquiv>
                    <Unicode>kündigt. Frau Losatti selbst ist gut, abe</Unicode>
                </TextEquiv>
            </TextLine>
            <TextLine id="r1l6" custom="readingOrder {index:5;}">
                <Coords points="2618,1265 3411,1283 3411,1232 3337,1224 2618,1234"/>
                <Baseline points="2638,1266 2675,1268 2713,1271 2750,1272 2788,1273 2826,1274 2863,1274 2901,1274 2939,1274 2976,1274 3014,1274 3052,1273 3089,1273 3127,1272 3165,1272 3202,1272 3240,1272 3278,1272 3315,1272 3353,1273 3391,1275"/>
                <TextEquiv>
                    <Unicode> Emma Winter, ihre verwitwete Schwäg</Unicode>
                </TextEquiv>
            </TextLine>
            <TextLine id="r1l7" custom="readingOrder {index:6;}">
                <Coords points="1438,1278 2626,1285 2626,1207 1438,1224"/>
                <Baseline points="1456,1265 1513,1267 1571,1269 1628,1270 1686,1271 1744,1272 1801,1273 1859,1274 1916,1274 1974,1275 2032,1275 2089,1276 2147,1276 2204,1276 2262,1276 2320,1275 2377,1275 2435,1274 2492,1274 2550,1273 2608,1272"/>
                <TextEquiv>
                    <Unicode>die Mutter von Herzen, der Vater scheinbar bereitwillig,</Unicode>
                </TextEquiv>
            </TextLine>
            <TextLine id="r1l8" custom="readingOrder {index:7;}">
                <Coords points="1441,1328 2634,1331 2634,1269 1441,1277"/>
                <Baseline points="1459,1318 1516,1318 1574,1318 1632,1318 1690,1319 1748,1319 1806,1319 1863,1319 1921,1319 1979,1319 2037,1319 2095,1319 2153,1319 2211,1319 2268,1318 2326,1318 2384,1318 2442,1318 2500,1318 2558,1318 2616,1318"/>
                <TextEquiv>
                    <Unicode>aber eigentlich nur ungern. Der alte Losatti, Professor der</Unicode>
                </TextEquiv>
            </TextLine>
            <TextLine id="r1l9" custom="readingOrder {index:8;}">
                <Coords points="2623,1317 3113,1335 3415,1310 3415,1275 2623,1263"/>
                <Baseline points="2641,1316 2678,1318 2716,1319 2754,1320 2792,1320 2830,1321 2867,1321 2905,1321 2943,1320 2981,1320 3019,1320 3056,1319 3094,1318 3132,1318 3170,1317 3208,1317 3245,1317 3283,1317 3321,1317 3359,1317 3397,1318"/>
                <TextEquiv>
                    <Unicode>denken ihres verstorbenen Vetters, des</Unicode>
                </TextEquiv>
            </TextLine>
            <TextLine id="r1l10" custom="readingOrder {index:9;}">
                <Coords points="2628,1370 3417,1377 3416,1307 2628,1319"/>
                <Baseline points="2648,1361 2685,1363 2723,1364 2760,1365 2798,1366 2835,1366 2873,1366 2910,1366 2948,1366 2985,1365 3023,1365 3060,1364 3098,1363 3135,1363 3173,1362 3210,1362 3248,1361 3285,1361 3323,1362 3360,1362 3398,1363"/>
                <TextEquiv>
                    <Unicode>Beichtmutter sie auch in seinem Verhält</Unicode>
                </TextEquiv>
            </TextLine>
            <TextLine id="r1l11" custom="readingOrder {index:10;}">
                <Coords points="1436,1360 1778,1391 2624,1370 2624,1323 2379,1304 1436,1329"/>
                <Baseline points="1457,1366 1514,1366 1571,1367 1629,1367 1686,1368 1744,1368 1801,1368 1859,1368 1916,1368 1974,1368 2031,1367 2088,1367 2146,1367 2203,1367 2261,1366 2318,1366 2376,1366 2433,1366 2491,1365 2548,1365 2606,1365"/>
                <TextEquiv>
                    <Unicode>National=Oekonomie und Abgeordneter, ist eine unliebens¬</Unicode>
                </TextEquiv>
            </TextLine>
            <TextLine id="r1l12" custom="readingOrder {index:11;}">
                <Coords points="2621,1414 3414,1414 3414,1368 2621,1360"/>
                <Baseline points="2642,1414 2679,1412 2717,1412 2755,1411 2792,1411 2830,1411 2868,1411 2905,1411 2943,1411 2981,1411 3019,1411 3056,1412 3094,1412 3132,1412 3169,1412 3207,1412 3245,1412 3282,1412 3320,1412 3358,1411 3396,1411"/>
                <TextEquiv>
                    <Unicode>mit Zärtlichkeit hängt. Als Frau Em</Unicode>
                </TextEquiv>
            </TextLine>
            <TextLine id="r1l13" custom="readingOrder {index:12;}">
                <Coords points="1444,1426 2625,1420 2597,1365 1444,1360"/>
                <Baseline points="1465,1412 1522,1413 1579,1414 1636,1415 1693,1415 1750,1416 1807,1416 1864,1416 1921,1416 1978,1416 2035,1415 2092,1415 2149,1415 2206,1414 2263,1414 2320,1413 2377,1413 2434,1413 2491,1412 2548,1412 2606,1412"/>
                <TextEquiv>
                    <Unicode>würdige Natur, nach Bedarf voll edler Redensarten, aber</Unicode>
                </TextEquiv>
            </TextLine>
            <TextLine id="r1l14" custom="readingOrder {index:13;}">
                <Coords points="2624,1464 3097,1460 3160,1483 3206,1456 3373,1483 3420,1475 3420,1413 2623,1410"/>
                <Baseline points="2644,1461 2681,1460 2719,1459 2757,1458 2795,1457 2833,1457 2870,1457 2908,1457 2946,1457 2984,1457 3022,1457 3059,1457 3097,1458 3135,1458 3173,1458 3211,1458 3248,1458 3286,1458 3324,1458 3362,1457 3400,1457"/>
                <TextEquiv>
                    <Unicode>Losattis damit umgehen, die arme To#</Unicode>
                </TextEquiv>
            </TextLine>
            <TextLine id="r1l15" custom="readingOrder {index:14;}">
                <Coords points="1444,1473 2632,1463 2632,1420 2523,1409 1444,1415"/>
                <Baseline points="1464,1462 1521,1461 1578,1461 1636,1461 1693,1461 1751,1461 1808,1460 1865,1460 1923,1460 1980,1460 2038,1460 2095,1460 2152,1460 2210,1460 2267,1460 2325,1460 2382,1460 2439,1459 2497,1459 2554,1459 2612,1458"/>
                <TextEquiv>
                    <Unicode>ohne Gesinnung und Charakter. Er ist im besten Falle</Unicode>
                </TextEquiv>
            </TextLine>
            <TextLine id="r1l16" custom="readingOrder {index:15;}">
                <Coords points="2615,1507 2755,1527 3066,1496 3132,1527 3283,1504 3388,1520 3388,1458 3357,1454 2615,1464"/>
                <Baseline points="2635,1508 2671,1506 2708,1504 2745,1503 2781,1503 2818,1503 2855,1503 2891,1503 2928,1503 2965,1504 3002,1505 3038,1505 3075,1506 3112,1506 3148,1507 3185,1507 3222,1506 3258,1506 3295,1505 3332,1503 3369,1501"/>
                <TextEquiv>
                    <Unicode>fortzuschicken, erklärt sie, bereit zu</Unicode>
                </TextEquiv>
            </TextLine>
            <TextLine id="r1l17" custom="readingOrder {index:16;}">
                <Coords points="1432,1496 1661,1527 2015,1491 2085,1522 2628,1514 2628,1459 1432,1461"/>
                <Baseline points="1453,1510 1510,1509 1568,1508 1626,1507 1683,1507 1741,1507 1799,1507 1856,1507 1914,1507 1972,1507 2030,1507 2087,1507 2145,1508 2203,1508 2260,1508 2318,1508 2376,1507 2433,1507 2491,1506 2549,1505 2607,1503"/>
                <TextEquiv>
                    <Unicode>ein „gerechter Kammmacher“, wie er bei Gottfried Keller</Unicode>
                </TextEquiv>
            </TextLine>
            <TextLine id="r1l18" custom="readingOrder {index:17;}">
                <Coords points="2617,1549 3410,1561 3409,1499 3386,1495 3157,1519 2897,1489 2617,1506"/>
                <Baseline points="2637,1556 2674,1554 2712,1552 2750,1551 2787,1550 2825,1550 2863,1550 2900,1550 2938,1550 2976,1551 3014,1551 3051,1552 3089,1552 3127,1552 3164,1552 3202,1552 3240,1551 3277,1550 3315,1549 3353,1547 3391,1544"/>
                <TextEquiv>
                    <Unicode>selbst auf die Gefahr hin, mit ihren </Unicode>
                </TextEquiv>
            </TextLine>
            <TextLine id="r1l19" custom="readingOrder {index:18;}">
                <Coords points="1451,1559 2620,1561 2620,1511 1451,1512"/>
                <Baseline points="1469,1555 1525,1555 1582,1555 1638,1555 1695,1555 1752,1555 1808,1555 1865,1555 1922,1555 1978,1555 2035,1555 2092,1555 2148,1555 2205,1555 2262,1554 2318,1554 2375,1554 2432,1554 2488,1554 2545,1553 2602,1553"/>
                <TextEquiv>
                    <Unicode>im Buche steht. Gleichfalls Einer von seinem Schlage, nur</Unicode>
                </TextEquiv>
            </TextLine>
            <TextLine id="r1l20" custom="readingOrder {index:19;}">
                <Coords points="593,1598 795,1605 826,1582 985,1612 1110,1579 1184,1587 1185,1475 1135,1462 1057,1473 1023,1449 999,1472 980,1452 940,1483 887,1455 743,1476 595,1462"/>
                <Baseline points="612,1583 639,1582 667,1581 694,1581 722,1580 750,1580 777,1580 805,1580 832,1579 860,1580 888,1580 915,1580 943,1581 970,1581 998,1582 1026,1583 1053,1585 1081,1586 1108,1588 1136,1591 1164,1593"/>
                <TextEquiv>
                    <Unicode>Feuilleton.,</Unicode>
                </TextEquiv>
            </TextLine>
            <TextLine id="r1l21" custom="readingOrder {index:20;}">
                <Coords points="2628,1611 3350,1610 3412,1602 3412,1563 2627,1560"/>
                <Baseline points="2647,1606 2684,1604 2721,1603 2759,1602 2796,1601 2833,1601 2871,1600 2908,1600 2945,1600 2983,1600 3020,1600 3057,1600 3095,1600 3132,1600 3169,1600 3207,1600 3244,1600 3281,1600 3319,1599 3356,1598 3394,1597"/>
                <TextEquiv>
                    <Unicode>zu brechen, in ihr eigenes Haus aufzun</Unicode>
                </TextEquiv>
            </TextLine>
            <TextLine id="r1l22" custom="readingOrder {index:21;}">
                <Coords points="1441,1608 2626,1612 2626,1550 2517,1539 1441,1549"/>
                <Baseline points="1459,1602 1516,1603 1573,1603 1631,1603 1688,1603 1745,1603 1803,1603 1860,1603 1917,1603 1975,1603 2032,1602 2089,1602 2147,1602 2204,1602 2261,1602 2319,1601 2376,1601 2433,1601 2491,1600 2548,1600 2606,1600"/>
                <TextEquiv>
                    <Unicode>härter gehämmert, ist der Arzt Dr. Ferdinand Schmidt, der</Unicode>
                </TextEquiv>
            </TextLine>
            <TextLine id="r1l23" custom="readingOrder {index:22;}">
                <Coords points="2626,1647 3422,1661 3421,1599 2625,1608"/>
                <Baseline points="2645,1651 2684,1651 2724,1650 2764,1649 2804,1648 2844,1648 2884,1647 2924,1646 2964,1645 3004,1645 3044,1644 3084,1644 3124,1643 3164,1643 3204,1643 3244,1643 3284,1643 3324,1643 3364,1643 3404,1643"/>
                <TextEquiv>
                    <Unicode>findet sie an ihrer eigenen Tochter die </Unicode>
                </TextEquiv>
            </TextLine>
            <TextLine id="r1l24" custom="readingOrder {index:23;}">
                <Coords points="1447,1644 2624,1656 2624,1606 2547,1598 1447,1613"/>
                <Baseline points="1465,1644 1524,1645 1584,1646 1644,1647 1704,1647 1764,1648 1824,1648 1884,1648 1944,1648 2004,1648 2064,1648 2124,1647 2184,1647 2244,1647 2304,1647 2364,1647 2424,1647 2484,1647 2544,1647 2604,1647"/>
                <TextEquiv>
                    <Unicode> Bräutigam von Losatti's Tochter, Francisca. Die Anwesen¬</Unicode>
                </TextEquiv>
            </TextLine>
            <TextLine id="r1l25" custom="readingOrder {index:24;}">
                <Coords points="1083,1660 1167,1683 1206,1686 1231,1668 1260,1686 1324,1668 1380,1696 1405,1682 1443,1693 1448,1635 1421,1625 1374,1629 1345,1603 1324,1617 1295,1592 1251,1608 1197,1603 1179,1582 1132,1590 1090,1579"/>
                <Baseline points="1102,1645 1128,1648 1155,1650 1182,1651 1209,1653 1236,1655 1263,1656 1290,1658 1317,1660 1344,1662 1371,1666 1398,1670 1425,1675"/>
                <TextEquiv>
                    <Unicode>Neu hee.</Unicode>
                </TextEquiv>
            </TextLine>
            <TextLine id="r1l26" custom="readingOrder {index:25;}">
                <Coords points="667,1673 826,1698 854,1686 997,1691 1056,1679 1056,1633 920,1636 761,1619 668,1631"/>
                <Baseline points="688,1673 713,1674 738,1675 763,1676 788,1676 813,1677 838,1677 863,1677 888,1677 913,1676 938,1676 963,1676 988,1676 1013,1676 1038,1677"/>
                <TextEquiv>
                    <Unicode>Burgtheater.</Unicode>
                </TextEquiv>
            </TextLine>
            <TextLine id="r1l27" custom="readingOrder {index:26;}">
                <Coords points="2629,1700 3398,1703 3397,1648 3370,1645 2628,1653"/>
                <Baseline points="2647,1695 2683,1695 2720,1695 2756,1695 2793,1695 2829,1695 2866,1695 2902,1695 2939,1695 2975,1695 3012,1695 3049,1694 3085,1694 3122,1694 3158,1693 3195,1693 3231,1692 3268,1692 3304,1691 3341,1691 3378,1690"/>
                <TextEquiv>
                    <Unicode>ihres Planes, den sie nun aufzugeben</Unicode>
                </TextEquiv>
            </TextLine>
            <TextLine id="r1l28" custom="readingOrder {index:27;}">
                <Coords points="1440,1714 2034,1717 2135,1686 2617,1712 2617,1658 2582,1650 1440,1656"/>
                <Baseline points="1459,1694 1516,1695 1573,1696 1630,1696 1687,1696 1744,1696 1801,1696 1858,1696 1915,1696 1972,1696 2029,1695 2086,1695 2143,1695 2200,1694 2257,1694 2314,1694 2371,1694 2428,1694 2485,1694 2542,1695 2599,1695"/>
                <TextEquiv>
                    <Unicode>heit der Toni Weber im Hause Losatti ist Beiden ein</Unicode>
                </TextEquiv>
            </TextLine>
            <TextLine id="r1l29" custom="readingOrder {index:28;}">
                <Coords points="248,1759 1141,1756 1452,1729 1452,1678 248,1693"/>
                <Baseline points="269,1730 327,1731 385,1731 443,1731 501,1731 559,1731 617,1731 676,1731 734,1732 792,1732 850,1732 908,1732 966,1731 1024,1731 1083,1731 1141,1731 1199,1731 1257,1731 1315,1731 1373,1732 1432,1732"/>
                <TextEquiv>
                    <Unicode>(„Das Bermächtniß“, Schaupiel in drei Aufzügen von Arthur Schnitzler.)</Unicode>
                </TextEquiv>
            </TextLine>
            <TextLine id="r1l30" custom="readingOrder {index:29;}">
                <Coords points="2629,1747 3382,1758 3413,1754 3413,1707 2628,1696"/>
                <Baseline points="2648,1740 2685,1741 2722,1741 2759,1741 2797,1741 2834,1741 2871,1741 2909,1740 2946,1740 2983,1739 3021,1739 3058,1738 3095,1738 3132,1738 3170,1737 3207,1737 3244,1737 3282,1737 3319,1738 3356,1738 3394,1739"/>
                <TextEquiv>
                    <Unicode>Tochter hat nämlich ihren Vetter Hugo</Unicode>
                </TextEquiv>
            </TextLine>
            <TextLine id="r1l31" custom="readingOrder {index:30;}">
                <Coords points="1448,1758 2539,1761 2632,1745 2632,1691 1447,1696"/>
                <Baseline points="1466,1747 1523,1746 1580,1746 1638,1746 1695,1745 1753,1745 1810,1745 1867,1744 1925,1744 1982,1743 2040,1743 2097,1743 2154,1743 2212,1742 2269,1742 2327,1742 2384,1742 2441,1742 2499,1743 2556,1743 2614,1744"/>
                <TextEquiv>
                    <Unicode>Dorn im Auge, während die weiblichen Mitglieder der Fa¬</Unicode>
                </TextEquiv>
            </TextLine>
            <TextLine id="r1l32" custom="readingOrder {index:31;}">
                <Coords points="2617,1797 3406,1796 3405,1745 2617,1743"/>
                <Baseline points="2637,1790 2674,1789 2712,1789 2749,1788 2787,1788 2824,1788 2862,1787 2899,1787 2937,1787 2974,1787 3012,1787 3049,1787 3087,1788 3124,1788 3162,1788 3199,1788 3237,1788 3274,1787 3312,1787 3349,1787 3387,1787"/>
                <TextEquiv>
                    <Unicode>seinem Verhältnisse zu Toni zu wissen,</Unicode>
                </TextEquiv>
            </TextLine>
            <TextLine id="r1l33" custom="readingOrder {index:32;}">
                <Coords points="359,1799 1451,1803 1451,1757 1334,1733 360,1736"/>
                <Baseline points="377,1787 429,1788 482,1788 535,1788 587,1789 640,1789 693,1789 745,1789 798,1789 851,1789 904,1789 956,1789 1009,1789 1062,1789 1114,1789 1167,1789 1220,1789 1272,1789 1325,1789 1378,1789 1431,1789"/>
                <TextEquiv>
                    <Unicode>Der Junggeselle unter den Dichtern ist Arthur</Unicode>
                </TextEquiv>
            </TextLine>
            <TextLine id="r1l34" custom="readingOrder {index:33;}">
                <Coords points="1442,1813 2639,1783 2607,1740 1442,1759"/>
                <Baseline points="1461,1794 1518,1793 1576,1792 1634,1792 1692,1792 1750,1791 1808,1791 1866,1791 1924,1791 1982,1791 2040,1791 2097,1791 2155,1791 2213,1791 2271,1791 2329,1791 2387,1790 2445,1790 2503,1789 2561,1789 2619,1788"/>
                <TextEquiv>
                    <Unicode>milie, zumal Francisca und die verwitwete Schwägerin der</Unicode>
                </TextEquiv>
            </TextLine>
            <TextLine id="r1l35" custom="readingOrder {index:34;}">
                <Coords points="2617,1828 2753,1858 2811,1834 2885,1857 3374,1845 3413,1833 3413,1779 2616,1797"/>
                <Baseline points="2637,1838 2674,1838 2712,1837 2750,1837 2788,1836 2825,1836 2863,1835 2901,1835 2939,1835 2976,1834 3014,1834 3052,1834 3090,1834 3127,1833 3165,1833 3203,1833 3241,1833 3278,1833 3316,1832 3354,1832 3392,1832"/>
                <TextEquiv>
                    <Unicode>und ihn in ihren Mädchenträumen als</Unicode>
                </TextEquiv>
            </TextLine>
            <TextLine id="r1l36" custom="readingOrder {index:35;}">
                <Coords points="1446,1853 2619,1850 2634,1783 1446,1810"/>
                <Baseline points="1465,1843 1522,1842 1579,1840 1637,1839 1694,1839 1752,1838 1809,1838 1866,1838 1924,1838 1981,1838 2039,1839 2096,1839 2153,1839 2211,1839 2268,1839 2326,1839 2383,1839 2440,1838 2498,1838 2555,1836 2613,1835"/>
                <TextEquiv>
                    <Unicode>Hausfrau, Emma Winter, an Toni zärtlich hängen. Sein</Unicode>
                </TextEquiv>
            </TextLine>
            <TextLine id="r1l37" custom="readingOrder {index:36;}">
                <Coords points="258,1827 1450,1853 1450,1802 1198,1778 258,1772"/>
                <Baseline points="279,1831 336,1833 394,1835 451,1836 509,1837 567,1838 624,1838 682,1838 739,1839 797,1839 855,1839 912,1839 970,1839 1027,1839 1085,1839 1143,1839 1200,1839 1258,1839 1315,1840 1373,1841 1431,1842"/>
                <TextEquiv>
                    <Unicode>Schnitzler, und die Probleme, die er sich zu stellen pflegt,</Unicode>
                </TextEquiv>
            </TextLine>
            <TextLine id="r1l38" custom="readingOrder {index:37;}">
                <Coords points="2617,1882 3402,1884 3401,1837 2617,1832"/>
                <Baseline points="2637,1886 2674,1885 2711,1884 2748,1884 2786,1883 2823,1883 2860,1883 2898,1883 2935,1883 2972,1883 3010,1883 3047,1883 3084,1883 3121,1882 3159,1882 3196,1882 3233,1881 3271,1880 3308,1879 3345,1878 3383,1877"/>
                <TextEquiv>
                    <Unicode>sehen. Sie trägt die Liebe für den</Unicode>
                </TextEquiv>
            </TextLine>
            <TextLine id="r1l39" custom="readingOrder {index:38;}">
                <Coords points="266,1884 1450,1905 1450,1851 1318,1839 266,1826"/>
                <Baseline points="283,1885 340,1884 397,1883 455,1882 512,1882 569,1882 627,1882 684,1882 741,1882 799,1882 856,1883 913,1883 971,1884 1028,1884 1085,1884 1143,1885 1200,1885 1257,1884 1315,1884 1372,1883 1430,1882"/>
                <TextEquiv>
                    <Unicode>sind wesentlich ledige Probleme. Zwar in jener pikanten</Unicode>
                </TextEquiv>
            </TextLine>
            <TextLine id="r1l40" custom="readingOrder {index:39;}">
                <Coords points="1452,1884 2629,1907 2629,1841 2486,1829 1452,1841"/>
                <Baseline points="1471,1884 1527,1885 1584,1886 1641,1887 1698,1887 1755,1887 1812,1887 1868,1887 1925,1887 1982,1887 2039,1886 2096,1886 2153,1886 2210,1886 2266,1885 2323,1885 2380,1886 2437,1886 2494,1886 2551,1887 2608,1888"/>
                <TextEquiv>
                    <Unicode>Enkel freilich, der Franzel, wenn auch schon nicht legitim,</Unicode>
                </TextEquiv>
            </TextLine>
            <TextLine id="r1l41" custom="readingOrder {index:40;}">
                <Coords points="2617,1932 2886,1949 3262,1925 3348,1952 3414,1932 3413,1881 3370,1878 3137,1899 2970,1878 2947,1897 2885,1871 2854,1898 2617,1881"/>
                <Baseline points="2637,1934 2674,1933 2712,1932 2750,1931 2788,1931 2826,1930 2864,1930 2902,1930 2940,1930 2978,1929 3016,1929 3053,1929 3091,1929 3129,1929 3167,1928 3205,1928 3243,1927 3281,1927 3319,1926 3357,1925 3395,1923"/>
                <TextEquiv>
                    <Unicode>Kind über, und ein Strahl dieser Liebe ##</Unicode>
                </TextEquiv>
            </TextLine>
            <TextLine id="r1l42" custom="readingOrder {index:41;}">
                <Coords points="260,1938 1347,1951 1448,1940 1448,1901 259,1887"/>
                <Baseline points="278,1929 335,1929 393,1930 450,1930 508,1930 565,1931 623,1931 680,1931 738,1931 795,1931 853,1931 910,1930 968,1930 1025,1930 1083,1930 1140,1929 1198,1929 1255,1929 1313,1928 1370,1928 1428,1928"/>
                <TextEquiv>
                    <Unicode>Seenenreihe, die er unter dem Namen Anatol zusammen¬</Unicode>
                </TextEquiv>
            </TextLine>
            <TextLine id="r1l43" custom="readingOrder {index:42;}">
                <Coords points="1452,1954 2112,1958 2194,1923 2439,1958 2625,1939 2625,1873 1452,1884"/>
                <Baseline points="1471,1933 1527,1933 1584,1933 1640,1933 1697,1933 1754,1933 1810,1933 1867,1933 1924,1933 1980,1933 2037,1933 2094,1933 2150,1934 2207,1934 2264,1934 2320,1934 2377,1933 2434,1933 2490,1933 2547,1933 2604,1932"/>
                <TextEquiv>
                    <Unicode>ist dem sonst so schnöden Professor ans Herz gewachsen.</Unicode>
                </TextEquiv>
            </TextLine>
            <TextLine id="r1l44" custom="readingOrder {index:43;}">
                <Coords points="260,2000 1449,1988 1449,1949 1189,1926 260,1938"/>
                <Baseline points="281,1980 338,1979 395,1978 453,1978 510,1977 567,1977 625,1977 682,1977 739,1976 797,1976 854,1977 911,1977 969,1977 1026,1977 1083,1977 1141,1977 1198,1978 1255,1978 1313,1978 1370,1978 1428,1979"/>
                <TextEquiv>
                    <Unicode>faßt, ist von eigentlichen Problemen noch wenig zu ver¬</Unicode>
                </TextEquiv>
            </TextLine>
            <TextLine id="r1l45" custom="readingOrder {index:44;}">
                <Coords points="2621,1978 2873,1996 3234,1971 3324,2005 3378,1986 3378,1947 3261,1924 2620,1935"/>
                <Baseline points="2641,1977 2676,1978 2712,1978 2748,1978 2784,1978 2820,1979 2856,1979 2892,1979 2928,1979 2964,1979 3000,1979 3035,1978 3071,1978 3107,1978 3143,1977 3179,1977 3215,1976 3251,1976 3287,1975 3323,1974 3359,1973"/>
                <TextEquiv>
                    <Unicode>des Kindes; aber nach dem Tode</Unicode>
                </TextEquiv>
            </TextLine>
            <TextLine id="r1l46" custom="readingOrder {index:45;}">
                <Coords points="1441,1983 2633,1990 2633,1939 2323,1925 1441,1940"/>
                <Baseline points="1459,1984 1516,1983 1574,1982 1632,1981 1689,1981 1747,1980 1805,1980 1862,1980 1920,1980 1978,1981 2036,1981 2093,1981 2151,1981 2209,1981 2266,1981 2324,1980 2382,1980 2439,1979 2497,1978 2555,1976 2613,1974"/>
                <TextEquiv>
                    <Unicode>„Er ist mein Blut,“ sagt er, nicht bedenkend, daß er</Unicode>
                </TextEquiv>
            </TextLine>
            <TextLine id="r1l47" custom="readingOrder {index:46;}">
                <Coords points="2622,2027 3344,2033 3383,2021 3383,1990 3126,1964 2878,1994 2621,1976"/>
                <Baseline points="2642,2021 2678,2024 2714,2025 2750,2026 2786,2027 2822,2027 2858,2027 2894,2027 2930,2027 2966,2026 3002,2025 3038,2025 3074,2024 3110,2023 3146,2023 3182,2022 3218,2021 3254,2021 3290,2021 3326,2021 3362,2022"/>
                <TextEquiv>
                    <Unicode>Mutter ein unerträglicher Anblick.</Unicode>
                </TextEquiv>
            </TextLine>
            <TextLine id="r1l48" custom="readingOrder {index:47;}">
                <Coords points="260,2043 1452,2039 1452,1977 260,1981"/>
                <Baseline points="281,2028 338,2027 396,2026 453,2025 511,2025 569,2025 626,2025 684,2025 741,2025 799,2025 857,2026 914,2026 972,2026 1029,2026 1087,2027 1145,2027 1202,2027 1260,2026 1317,2026 1375,2025 1433,2024"/>
                <TextEquiv>
                    <Unicode>spüren; dazu sind sie zu absichtslos, zu naiv, möchte man</Unicode>
                </TextEquiv>
            </TextLine>
            <TextLine id="r1l49" custom="readingOrder {index:48;}">
                <Coords points="1452,2038 2640,2045 2640,1968 1996,1997 1452,1968"/>
                <Baseline points="1471,2030 1528,2029 1585,2028 1643,2028 1700,2028 1758,2027 1815,2027 1872,2027 1930,2027 1987,2027 2045,2027 2102,2027 2159,2027 2217,2027 2274,2027 2332,2027 2389,2026 2446,2026 2504,2025 2561,2024 2619,2022"/>
                <TextEquiv>
                    <Unicode>auch Toni's Blut ist. Ja, er hat mit Franzel große Dinge</Unicode>
                </TextEquiv>
            </TextLine>
            <TextLine id="r1l50" custom="readingOrder {index:49;}">
                <Coords points="2619,2078 2945,2087 3097,2064 3272,2088 3396,2061 3396,2007 3190,2033 2619,2020"/>
                <Baseline points="2637,2071 2674,2070 2711,2070 2748,2070 2785,2070 2822,2070 2859,2071 2896,2072 2933,2073 2970,2073 3007,2074 3044,2075 3081,2075 3118,2075 3155,2075 3192,2075 3229,2074 3266,2073 3303,2071 3340,2069 3377,2066"/>
                <TextEquiv>
                    <Unicode>in der Familie Losatti. Toni Weber</Unicode>
                </TextEquiv>
            </TextLine>
            <TextLine id="r1l51" custom="readingOrder {index:50;}">
                <Coords points="259,2074 1455,2094 1455,2028 259,2031"/>
                <Baseline points="277,2074 334,2073 392,2072 450,2072 508,2072 566,2071 624,2071 681,2071 739,2072 797,2072 855,2072 913,2072 971,2072 1029,2073 1086,2073 1144,2073 1202,2073 1260,2073 1318,2073 1376,2072 1434,2072"/>
                <TextEquiv>
                    <Unicode>sagen, wenn die selbstverständliche Verderbniß, worin diese</Unicode>
                </TextEquiv>
            </TextLine>
            <TextLine id="r1l52" custom="readingOrder {index:51;}">
                <Coords points="1438,2098 2548,2088 2626,2072 2626,2029 1438,2040"/>
                <Baseline points="1459,2077 1516,2076 1573,2076 1631,2075 1688,2075 1746,2075 1803,2075 1861,2075 1918,2076 1976,2076 2033,2076 2090,2076 2148,2076 2205,2076 2263,2076 2320,2076 2378,2075 2435,2074 2493,2073 2550,2072 2608,2071"/>
                <TextEquiv>
                    <Unicode>vor; der Enkel soll einst wirklich werden, was der eigene</Unicode>
                </TextEquiv>
            </TextLine>
            <TextLine id="r1l53" custom="readingOrder {index:52;}">
                <Coords points="2635,2129 3128,2147 3245,2127 3284,2150 3404,2131 3404,2057 2950,2085 2635,2074"/>
                <Baseline points="2655,2119 2691,2119 2728,2119 2764,2119 2801,2119 2837,2119 2874,2119 2910,2119 2947,2119 2983,2119 3020,2119 3057,2119 3093,2119 3130,2119 3166,2119 3203,2118 3239,2118 3276,2118 3312,2117 3349,2117 3386,2116"/>
                <TextEquiv>
                    <Unicode>ihrer Lage ein, und im Gefühl ihrer</Unicode>
                </TextEquiv>
            </TextLine>
            <TextLine id="r1l54" custom="readingOrder {index:53;}">
                <Coords points="258,2141 1458,2125 1458,2074 1198,2058 258,2059"/>
                <Baseline points="279,2117 337,2117 395,2118 453,2118 511,2119 569,2119 627,2119 685,2120 743,2120 801,2120 859,2121 917,2121 975,2121 1033,2121 1091,2121 1149,2121 1207,2121 1265,2121 1323,2120 1381,2120 1440,2119"/>
                <TextEquiv>
                    <Unicode>Scenen leben und schweben, als naiv bezeichnet werden</Unicode>
                </TextEquiv>
            </TextLine>
            <TextLine id="r1l55" custom="readingOrder {index:54;}">
                <Coords points="1447,2132 2600,2132 2639,2070 1447,2078"/>
                <Baseline points="1466,2122 1523,2122 1581,2122 1638,2122 1696,2122 1754,2122 1811,2122 1869,2122 1926,2122 1984,2122 2042,2122 2099,2122 2157,2121 2214,2121 2272,2121 2330,2120 2387,2120 2445,2120 2502,2119 2560,2119 2618,2119"/>
                <TextEquiv>
                    <Unicode>Sohn hätte werden solle. Aber der Kleine stirbt, und damit</Unicode>
                </TextEquiv>
            </TextLine>
            <TextLine id="r1l56" custom="readingOrder {index:55;}">
                <Coords points="2638,2168 2681,2176 2704,2164 2739,2176 2789,2164 2836,2180 2848,2168 2890,2180 2925,2169 2925,2134 2898,2138 2863,2118 2817,2118 2782,2133 2743,2106 2727,2106 2696,2133 2638,2129"/>
                <Baseline points="2657,2164 2684,2163 2711,2163 2739,2163 2766,2163 2794,2163 2821,2164 2849,2164 2876,2164 2904,2163"/>
                <TextEquiv>
                    <Unicode>in den Tod.</Unicode>
                </TextEquiv>
            </TextLine>
            <TextLine id="r1l57" custom="readingOrder {index:56;}">
                <Coords points="1454,2178 2600,2182 2635,2174 2635,2120 1454,2127"/>
                <Baseline points="1474,2171 1531,2171 1588,2171 1645,2170 1702,2170 1759,2170 1816,2170 1874,2169 1931,2169 1988,2168 2045,2168 2102,2168 2159,2167 2216,2167 2274,2166 2331,2166 2388,2166 2445,2165 2502,2165 2559,2165 2617,2165"/>
                <TextEquiv>
                    <Unicode>ist auch das Verhältniß zu Toni verschoben. Das natürliche</Unicode>
                </TextEquiv>
            </TextLine>
            <TextLine id="r1l58" custom="readingOrder {index:57;}">
                <Coords points="266,2171 1450,2184 1451,2122 266,2129"/>
                <Baseline points="285,2167 342,2167 399,2167 457,2167 514,2167 571,2167 629,2167 686,2167 743,2167 801,2167 858,2168 915,2168 973,2168 1030,2168 1087,2168 1145,2168 1202,2168 1259,2168 1317,2168 1374,2167 1432,2167"/>
                <TextEquiv>
                    <Unicode>könnte. In dem Gespräche „Anatol's Hochzeitsmorgen“ wird</Unicode>
                </TextEquiv>
            </TextLine>
            <TextLine id="r1l59" custom="readingOrder {index:58;}">
                <Coords points="2711,2219 3395,2222 3418,2218 3418,2163 3181,2170 3119,2143 3002,2174 2711,2173"/>
                <Baseline points="2729,2211 2762,2211 2795,2212 2829,2212 2862,2213 2896,2213 2929,2214 2962,2215 2996,2216 3029,2216 3063,2217 3096,2217 3129,2217 3163,2217 3196,2217 3230,2217 3263,2216 3296,2215 3330,2213 3363,2211 3397,2209"/>
                <TextEquiv>
                    <Unicode>Daß in diesem Schauspiel ein Pra</Unicode>
                </TextEquiv>
            </TextLine>
            <TextLine id="r1l60" custom="readingOrder {index:59;}">
                <Coords points="255,2241 387,2206 1431,2230 1455,2168 255,2171"/>
                <Baseline points="273,2215 331,2214 389,2214 447,2214 505,2214 564,2214 622,2214 680,2214 738,2214 796,2215 855,2215 913,2215 971,2215 1029,2215 1087,2215 1146,2215 1204,2215 1262,2215 1320,2215 1378,2214 1437,2214"/>
                <TextEquiv>
                    <Unicode>von dieser frivolen Welt ein wüster Abschied genommen.</Unicode>
                </TextEquiv>
            </TextLine>
            <TextLine id="r1l61" custom="readingOrder {index:60;}">
                <Coords points="1439,2223 2399,2234 2632,2217 2632,2167 1439,2176"/>
                <Baseline points="1460,2220 1517,2219 1575,2219 1633,2218 1690,2218 1748,2217 1806,2217 1863,2217 1921,2216 1979,2216 2037,2216 2094,2216 2152,2216 2210,2215 2267,2215 2325,2215 2383,2215 2440,2215 2498,2214 2556,2214 2614,2214"/>
                <TextEquiv>
                    <Unicode>Band, das Toni mit der Familie Losatti verknüpft, ist ent¬</Unicode>
                </TextEquiv>
            </TextLine>
            <TextLine id="r1l62" custom="readingOrder {index:61;}">
                <Coords points="260,2261 1453,2281 1453,2219 261,2211"/>
                <Baseline points="279,2260 336,2260 394,2260 452,2260 510,2260 567,2260 625,2260 683,2261 741,2261 798,2261 856,2262 914,2262 972,2262 1029,2262 1087,2262 1145,2263 1203,2263 1260,2263 1318,2263 1376,2263 1434,2262"/>
                <TextEquiv>
                    <Unicode>Sobald aber Schnitzler den Theaterboden betritt, tritt auch</Unicode>
                </TextEquiv>
            </TextLine>
            <TextLine id="r1l63" custom="readingOrder {index:62;}">
                <Coords points="2620,2278 3416,2267 3416,2205 2981,2232 2620,2208"/>
                <Baseline points="2641,2263 2678,2263 2716,2262 2754,2262 2791,2263 2829,2263 2867,2264 2904,2264 2942,2265 2980,2265 3018,2266 3055,2266 3093,2267 3131,2267 3168,2266 3206,2266 3244,2265 3281,2264 3319,2262 3357,2261 3395,2258"/>
                <TextEquiv>
                    <Unicode>senn nicht gelöst, dessen Lösung aber an</Unicode>
                </TextEquiv>
            </TextLine>
            <TextLine id="r1l64" custom="readingOrder {index:63;}">
                <Coords points="1446,2272 2549,2277 2638,2257 2638,2203 1446,2217"/>
                <Baseline points="1465,2266 1522,2266 1580,2266 1638,2266 1695,2266 1753,2266 1811,2266 1868,2266 1926,2266 1984,2266 2042,2266 2099,2266 2157,2266 2215,2265 2272,2265 2330,2264 2388,2263 2445,2262 2503,2260 2561,2259 2619,2257"/>
                <TextEquiv>
                    <Unicode>zweigeschnitten, Toni lebt in der Familie wie ein immer¬</Unicode>
                </TextEquiv>
            </TextLine>
            <TextLine id="r1l65" custom="readingOrder {index:64;}">
                <Coords points="262,2327 1454,2319 1454,2264 1341,2256 262,2261"/>
                <Baseline points="282,2307 339,2307 397,2308 454,2308 512,2308 570,2308 627,2308 685,2308 743,2308 800,2309 858,2309 916,2309 973,2309 1031,2309 1089,2310 1146,2310 1204,2310 1262,2310 1319,2310 1377,2310 1435,2310"/>
                <TextEquiv>
                    <Unicode>das Problem mit ihm herein. Es ist das Problem der ledigen</Unicode>
                </TextEquiv>
            </TextLine>
            <TextLine id="r1l66" custom="readingOrder {index:65;}">
                <Coords points="2630,2320 3403,2312 3395,2261 2630,2262"/>
                <Baseline points="2651,2312 2687,2309 2724,2308 2761,2307 2797,2306 2834,2306 2871,2306 2907,2307 2944,2308 2981,2309 3018,2310 3054,2311 3091,2312 3128,2313 3164,2313 3201,2313 3238,2313 3274,2312 3311,2310 3348,2307 3385,2303"/>
                <TextEquiv>
                    <Unicode>geht aus der Absichtlichkeit, mit der d</Unicode>
                </TextEquiv>
            </TextLine>
            <TextLine id="r1l67" custom="readingOrder {index:66;}">
                <Coords points="1445,2321 2583,2322 2638,2315 2638,2260 1445,2266"/>
                <Baseline points="1463,2310 1520,2310 1578,2310 1636,2310 1694,2310 1751,2311 1809,2311 1867,2311 1925,2312 1982,2312 2040,2312 2098,2313 2156,2313 2213,2313 2271,2313 2329,2313 2387,2312 2444,2312 2502,2311 2560,2310 2618,2309"/>
                <TextEquiv>
                    <Unicode>währender Vorwurf. Man zeigt mie dem Finger auf sie, sie</Unicode>
                </TextEquiv>
            </TextLine>
            <TextLine id="r1l68" custom="readingOrder {index:67;}">
                <Coords points="2686,2353 2709,2357 2719,2367 2738,2370 2745,2328 2719,2323 2710,2326 2691,2323"/>
                <Baseline points="2706,2353 2719,2355"/>
                <TextEquiv>
                    <Unicode>4</Unicode>
                </TextEquiv>
            </TextLine>
            <TextLine id="r1l69" custom="readingOrder {index:68;}">
                <Coords points="254,2377 1337,2378 1450,2363 1450,2312 254,2331"/>
                <Baseline points="273,2356 334,2356 395,2356 456,2356 517,2356 578,2355 639,2355 700,2355 761,2355 822,2355 883,2356 944,2356 1005,2356 1066,2356 1127,2356 1188,2356 1249,2357 1310,2357 1371,2357 1432,2357"/>
                <TextEquiv>
                    <Unicode>Liebe, das er in den beiden Stücken, die das Burgtheater</Unicode>
                </TextEquiv>
            </TextLine>
            <TextLine id="r1l70" custom="readingOrder {index:69;}">
                <Coords points="2715,2364 2835,2378 2866,2359 3002,2362 3025,2339 3072,2373 3293,2365 3313,2345 3410,2364 3410,2310 2715,2313"/>
                <Baseline points="2734,2357 2766,2357 2799,2357 2832,2356 2865,2356 2898,2356 2931,2356 2963,2356 2996,2356 3029,2357 3062,2357 3095,2357 3128,2357 3161,2356 3193,2356 3226,2356 3259,2355 3292,2354 3325,2354 3358,2353 3391,2351"/>
                <TextEquiv>
                    <Unicode>genug hervor. Sterben und Ver</Unicode>
                </TextEquiv>
            </TextLine>
            <TextLine id="r1l71" custom="readingOrder {index:70;}">
                <Coords points="1454,2367 2603,2367 2634,2313 1454,2317"/>
                <Baseline points="1473,2358 1530,2359 1587,2359 1644,2359 1701,2359 1758,2360 1815,2360 1872,2360 1929,2360 1986,2359 2043,2359 2100,2359 2157,2359 2214,2358 2271,2358 2328,2357 2385,2357 2442,2356 2499,2356 2556,2355 2613,2354"/>
                <TextEquiv>
                    <Unicode>ist das Stadtgespräch, um ihretwillen werden die Losattis</Unicode>
                </TextEquiv>
            </TextLine>
            <TextLine id="r1l72" custom="readingOrder {index:71;}">
                <Coords points="2622,2416 2831,2405 2855,2428 3297,2398 3363,2421 3406,2402 3406,2355 3158,2366 3006,2339 2622,2373"/>
                <Baseline points="2641,2403 2678,2403 2715,2403 2753,2403 2790,2403 2827,2403 2865,2403 2902,2404 2939,2404 2977,2404 3014,2404 3051,2404 3089,2405 3126,2405 3163,2405 3201,2405 3238,2404 3275,2404 3313,2404 3350,2403 3388,2402"/>
                <TextEquiv>
                    <Unicode>nicht den gewöhnlichen Sinn. Die drei</Unicode>
                </TextEquiv>
            </TextLine>
            <TextLine id="r1l73" custom="readingOrder {index:72;}">
                <Coords points="255,2416 1451,2405 1451,2362 1300,2350 255,2358"/>
                <Baseline points="274,2404 331,2404 389,2404 447,2404 505,2404 563,2404 620,2404 678,2404 736,2404 794,2404 852,2404 909,2404 967,2404 1025,2404 1083,2404 1141,2404 1198,2404 1256,2404 1314,2405 1372,2405 1430,2405"/>
                <TextEquiv>
                    <Unicode>von ihm gebracht, in verschiedener Weise angefaßt und das</Unicode>
                </TextEquiv>
            </TextLine>
            <TextLine id="r1l74" custom="readingOrder {index:73;}">
                <Coords points="1452,2412 2609,2420 2632,2354 1452,2369"/>
                <Baseline points="1471,2405 1528,2406 1585,2406 1642,2406 1699,2406 1756,2406 1813,2406 1871,2406 1928,2406 1985,2406 2042,2405 2099,2405 2156,2405 2213,2404 2271,2404 2328,2404 2385,2404 2442,2404 2499,2403 2556,2403 2614,2404"/>
                <TextEquiv>
                    <Unicode>von der Geseilschaft gemieden. In der Familie selbst bilden</Unicode>
                </TextEquiv>
            </TextLine>
            <TextLine id="r1l75" custom="readingOrder {index:74;}">
                <Coords points="2631,2452 2782,2474 2848,2450 3143,2463 3213,2439 3241,2462 3380,2461 3415,2457 3415,2391 2630,2409"/>
                <Baseline points="2650,2452 2687,2452 2724,2452 2761,2452 2798,2452 2836,2452 2873,2452 2910,2451 2947,2451 2984,2451 3022,2450 3059,2450 3096,2450 3133,2449 3170,2449 3208,2448 3245,2448 3282,2447 3319,2447 3356,2447 3394,2447"/>
                <TextEquiv>
                    <Unicode>Schauspiel zu Grunde gehen, sterben n</Unicode>
                </TextEquiv>
            </TextLine>
            <TextLine id="r1l76" custom="readingOrder {index:75;}">
                <Coords points="264,2455 1449,2471 1449,2408 1352,2396 265,2416"/>
                <Baseline points="285,2454 342,2452 399,2451 456,2450 514,2449 571,2449 628,2449 685,2450 743,2450 800,2451 857,2452 914,2452 972,2453 1029,2453 1086,2454 1143,2454 1201,2454 1258,2454 1315,2453 1372,2452 1430,2450"/>
                <TextEquiv>
                    <Unicode>einemal einem tragischen Abschluß, das anderemal einem</Unicode>
                </TextEquiv>
            </TextLine>
            <TextLine id="r1l77" custom="readingOrder {index:76;}">
                <Coords points="1453,2465 2486,2474 2641,2449 2641,2418 2066,2387 1452,2410"/>
                <Baseline points="1473,2456 1530,2456 1587,2456 1645,2456 1702,2455 1759,2455 1817,2455 1874,2454 1931,2454 1989,2453 2046,2453 2103,2453 2161,2452 2218,2452 2275,2451 2333,2451 2390,2451 2447,2450 2505,2450 2562,2450 2620,2450"/>
                <TextEquiv>
                    <Unicode>sich Parteiungen. Professor Losatti ist für eine sofortige Ent¬</Unicode>
                </TextEquiv>
            </TextLine>
            <TextLine id="r1l78" custom="readingOrder {index:77;}">
                <Coords points="2621,2504 3425,2494 3425,2456 3285,2460 3196,2430 3110,2458 2854,2444 2788,2468 2621,2446"/>
                <Baseline points="2639,2497 2677,2499 2715,2499 2753,2500 2792,2500 2830,2500 2868,2500 2906,2500 2945,2499 2983,2499 3021,2498 3059,2498 3098,2497 3136,2496 3174,2496 3212,2495 3251,2495 3289,2495 3327,2495 3365,2495 3404,2496"/>
                <TextEquiv>
                    <Unicode>Todes, sie sterben an dem Stück, an del</Unicode>
                </TextEquiv>
            </TextLine>
            <TextLine id="r1l79" custom="readingOrder {index:78;}">
                <Coords points="1455,2515 2636,2517 2636,2451 1455,2464"/>
                <Baseline points="1473,2500 1530,2501 1587,2501 1644,2501 1701,2501 1758,2502 1815,2501 1872,2501 1929,2501 1986,2501 2044,2501 2101,2500 2158,2500 2215,2499 2272,2499 2329,2499 2386,2498 2443,2498 2500,2497 2557,2497 2615,2496"/>
                <TextEquiv>
                    <Unicode>fernung des unbequemen Gastes und beweist, wie er meint,</Unicode>
                </TextEquiv>
            </TextLine>
            <TextLine id="r1l80" custom="readingOrder {index:79;}">
                <Coords points="260,2509 1258,2519 1391,2511 1453,2449 260,2455"/>
                <Baseline points="281,2501 338,2499 396,2498 453,2497 511,2497 568,2497 626,2498 683,2498 741,2499 798,2500 856,2501 914,2502 971,2502 1029,2502 1086,2503 1144,2502 1201,2502 1259,2500 1316,2499 1374,2496 1432,2493"/>
                <TextEquiv>
                    <Unicode>traurigen Ende zugeführt hat. Das eine Stück ist „Liebelei“</Unicode>
                </TextEquiv>
            </TextLine>
            <TextLine id="r1l81" custom="readingOrder {index:80;}">
                <Coords points="2634,2551 3162,2564 3228,2540 3255,2564 3305,2540 3333,2559 3418,2547 3418,2497 2633,2500"/>
                <Baseline points="2654,2543 2691,2544 2728,2545 2765,2545 2802,2546 2840,2546 2877,2546 2914,2546 2951,2545 2988,2545 3026,2545 3063,2544 3100,2544 3137,2543 3174,2543 3212,2543 3249,2542 3286,2542 3323,2542 3360,2543 3398,2543"/>
                <TextEquiv>
                    <Unicode>Einem Gedanken zuliebe stürzt ein Reit</Unicode>
                </TextEquiv>
            </TextLine>
            <TextLine id="r1l82" custom="readingOrder {index:81;}">
                <Coords points="262,2556 1365,2559 1454,2543 1455,2481 1214,2516 262,2510"/>
                <Baseline points="283,2547 340,2546 398,2546 455,2546 513,2546 571,2546 628,2546 686,2547 743,2547 801,2547 859,2548 916,2548 974,2548 1031,2549 1089,2549 1147,2549 1204,2549 1262,2548 1319,2548 1377,2547 1435,2546"/>
                <TextEquiv>
                    <Unicode>das andere „Das Vermächtniß“. An Klarheit der künstleri¬</Unicode>
                </TextEquiv>
            </TextLine>
            <TextLine id="r1l83" custom="readingOrder {index:82;}">
                <Coords points="1444,2559 2625,2556 2624,2482 2050,2519 1444,2497"/>
                <Baseline points="1465,2549 1522,2549 1579,2548 1636,2548 1693,2548 1750,2548 1807,2548 1864,2548 1921,2548 1978,2548 2035,2548 2092,2548 2149,2548 2206,2548 2263,2548 2320,2547 2377,2547 2434,2546 2491,2546 2548,2545 2606,2544"/>
                <TextEquiv>
                    <Unicode>seinen herzlichen Antheil an Toni dadurch, daß er sie</Unicode>
                </TextEquiv>
            </TextLine>
            <TextLine id="r1l84" custom="readingOrder {index:83;}">
                <Coords points="2623,2588 2857,2611 2891,2591 3420,2592 3419,2545 3256,2562 3229,2539 3132,2566 2623,2538"/>
                <Baseline points="2644,2594 2681,2594 2719,2593 2757,2593 2795,2593 2832,2593 2870,2593 2908,2593 2946,2593 2983,2593 3021,2593 3059,2593 3097,2593 3134,2592 3172,2592 3210,2592 3248,2591 3285,2591 3323,2590 3361,2589 3399,2589"/>
                <TextEquiv>
                    <Unicode>ein Kind an den Fraisen, geht ein M</Unicode>
                </TextEquiv>
            </TextLine>
            <TextLine id="r1l85" custom="readingOrder {index:84;}">
                <Coords points="1461,2604 2634,2598 2634,2555 2350,2528 1461,2549"/>
                <Baseline points="1480,2593 1536,2594 1593,2595 1650,2595 1707,2596 1764,2596 1820,2596 1877,2595 1934,2595 1991,2595 2048,2595 2104,2594 2161,2594 2218,2594 2275,2593 2332,2593 2388,2593 2445,2593 2502,2594 2559,2594 2616,2595"/>
                <TextEquiv>
                    <Unicode>mit Geld abfinden will. Er wird von dem Bräutigam</Unicode>
                </TextEquiv>
            </TextLine>
            <TextLine id="r1l86" custom="readingOrder {index:85;}">
                <Coords points="255,2603 1405,2609 1444,2551 255,2556"/>
                <Baseline points="273,2598 330,2596 388,2594 445,2593 503,2593 560,2592 618,2592 675,2592 733,2593 790,2593 848,2594 905,2594 963,2595 1020,2595 1078,2596 1135,2596 1193,2596 1250,2596 1308,2596 1365,2595 1423,2594"/>
                <TextEquiv>
                    <Unicode>schen Absicht, an poetischem Werthe steht das „Vermächtniß“</Unicode>
                </TextEquiv>
            </TextLine>
            <TextLine id="r1l87" custom="readingOrder {index:86;}">
                <Coords points="2620,2643 2807,2656 2861,2633 2908,2655 3067,2627 3098,2650 3343,2655 3393,2639 3393,2573 2620,2596"/>
                <Baseline points="2639,2641 2675,2642 2712,2642 2749,2642 2785,2642 2822,2642 2859,2641 2895,2641 2932,2640 2969,2640 3006,2639 3042,2639 3079,2638 3116,2638 3152,2637 3189,2637 3226,2637 3262,2636 3299,2636 3336,2637 3373,2637"/>
                <TextEquiv>
                    <Unicode>Und dieser Gedanke, dieses Problem,</Unicode>
                </TextEquiv>
            </TextLine>
            <TextLine id="r1l88" custom="readingOrder {index:87;}">
                <Coords points="264,2650 606,2654 695,2620 854,2667 1165,2644 1456,2676 1456,2591 1425,2587 264,2607"/>
                <Baseline points="283,2645 340,2642 398,2641 455,2639 513,2638 571,2637 628,2637 686,2637 744,2637 801,2637 859,2638 917,2639 974,2639 1032,2640 1090,2641 1147,2642 1205,2642 1263,2642 1320,2643 1378,2643 1436,2643"/>
                <TextEquiv>
                    <Unicode>unter der „Liebelei“, wenn es auch wieder seine eigenen</Unicode>
                </TextEquiv>
            </TextLine>
            <TextLine id="r1l89" custom="readingOrder {index:88;}">
                <Coords points="1447,2646 2635,2643 2635,2600 2286,2584 1447,2599"/>
                <Baseline points="1467,2642 1524,2642 1582,2642 1639,2642 1697,2641 1754,2641 1812,2642 1869,2642 1927,2642 1984,2642 2042,2642 2099,2642 2157,2642 2214,2643 2272,2643 2329,2643 2387,2643 2444,2642 2502,2642 2559,2642 2617,2641"/>
                <TextEquiv>
                    <Unicode>seiner Tochter, dem Arzt Dr. Schmidt, der aus einer</Unicode>
                </TextEquiv>
            </TextLine>
            <TextLine id="r1l90" custom="readingOrder {index:89;}">
                <Coords points="2619,2691 3368,2696 3411,2688 3411,2634 3372,2614 3345,2642 3112,2646 3030,2623 3011,2643 2619,2656"/>
                <Baseline points="2639,2690 2676,2688 2714,2687 2751,2686 2789,2685 2827,2685 2864,2684 2902,2684 2940,2684 2977,2684 3015,2685 3053,2685 3090,2685 3128,2685 3166,2685 3203,2685 3241,2685 3279,2685 3316,2685 3354,2684 3392,2683"/>
                <TextEquiv>
                    <Unicode>oder weniger eingestanden: die freie L##</Unicode>
                </TextEquiv>
            </TextLine>
            <TextLine id="r1l91" custom="readingOrder {index:90;}">
                <Coords points="275,2710 376,2714 395,2694 454,2690 799,2701 799,2651 725,2651 683,2620 652,2643 566,2655 485,2640 275,2648"/>
                <Baseline points="294,2683 319,2685 344,2687 370,2688 395,2689 421,2689 446,2689 472,2689 497,2689 523,2689 548,2688 574,2688 599,2687 625,2687 650,2686 676,2686 701,2686 727,2686 752,2686 778,2687"/>
                <TextEquiv>
                    <Unicode>Vorzüge aufzuweisen hat.</Unicode>
                </TextEquiv>
            </TextLine>
            <TextLine id="r1l92" custom="readingOrder {index:91;}">
                <Coords points="1453,2710 2276,2677 2467,2707 2638,2687 2638,2637 1453,2656"/>
                <Baseline points="1473,2695 1530,2694 1587,2693 1644,2692 1701,2691 1759,2691 1816,2690 1873,2690 1930,2690 1987,2690 2045,2690 2102,2689 2159,2689 2216,2689 2273,2689 2331,2690 2388,2690 2445,2690 2502,2690 2559,2690 2617,2690"/>
                <TextEquiv>
                    <Unicode>harten Jugend ein dürres Herz und eine tiefe Ver¬</Unicode>
                </TextEquiv>
            </TextLine>
            <TextLine id="r1l93" custom="readingOrder {index:92;}">
                <Coords points="2632,2740 3416,2752 3416,2682 2632,2697"/>
                <Baseline points="2650,2740 2687,2738 2724,2736 2762,2735 2799,2735 2836,2734 2874,2734 2911,2734 2948,2734 2986,2734 3023,2734 3060,2734 3098,2734 3135,2735 3172,2735 3210,2734 3247,2734 3284,2734 3322,2733 3359,2732 3397,2731"/>
                <TextEquiv>
                    <Unicode>ist, wie heute die Dinge stehen und</Unicode>
                </TextEquiv>
            </TextLine>
            <TextLine id="r1l94" custom="readingOrder {index:93;}">
                <Coords points="363,2742 1462,2751 1462,2677 363,2707"/>
                <Baseline points="383,2739 436,2737 489,2737 542,2736 595,2735 648,2735 701,2735 754,2735 807,2735 860,2735 913,2736 966,2736 1019,2736 1072,2736 1125,2737 1178,2737 1231,2737 1284,2737 1337,2737 1390,2737 1444,2736"/>
                <TextEquiv>
                    <Unicode>Wir treten mit dem „Vermächtniß“ in recht unerquick¬</Unicode>
                </TextEquiv>
            </TextLine>
            <TextLine id="r1l95" custom="readingOrder {index:94;}">
                <Coords points="1447,2741 2371,2760 2589,2748 2643,2732 2643,2686 1447,2709"/>
                <Baseline points="1468,2742 1525,2741 1583,2740 1641,2739 1698,2739 1756,2738 1814,2737 1871,2737 1929,2736 1987,2736 2045,2736 2102,2736 2160,2735 2218,2735 2275,2736 2333,2736 2391,2736 2448,2736 2506,2737 2564,2737 2622,2738"/>
                <TextEquiv>
                    <Unicode>ehrung für alles Conventionelle heraufgebracht, in seinem</Unicode>
                </TextEquiv>
            </TextLine>
            <TextLine id="r1l96" custom="readingOrder {index:95;}">
                <Coords points="2625,2795 3401,2789 3401,2734 2624,2737"/>
                <Baseline points="2645,2783 2681,2783 2718,2783 2755,2782 2792,2782 2829,2782 2865,2782 2902,2782 2939,2782 2976,2782 3013,2781 3049,2781 3086,2781 3123,2780 3160,2780 3197,2780 3233,2779 3270,2778 3307,2778 3344,2777 3381,2777"/>
                <TextEquiv>
                    <Unicode>werden, eine verpönte Sache, die nur</Unicode>
                </TextEquiv>
            </TextLine>
            <TextLine id="r1l97" custom="readingOrder {index:96;}">
                <Coords points="1446,2799 2603,2795 2642,2733 1446,2741"/>
                <Baseline points="1467,2786 1524,2785 1582,2785 1640,2784 1698,2784 1756,2784 1814,2784 1871,2784 1929,2784 1987,2785 2045,2785 2103,2785 2161,2785 2219,2785 2276,2785 2334,2785 2392,2785 2450,2785 2508,2784 2566,2783 2624,2782"/>
                <TextEquiv>
                    <Unicode>Vorhaben nachdrücklich bestärkt. Allein gerade seine Braut</Unicode>
                </TextEquiv>
            </TextLine>
            <TextLine id="r1l98" custom="readingOrder {index:97;}">
                <Coords points="260,2798 1321,2776 1464,2812 1465,2738 261,2736"/>
                <Baseline points="278,2783 336,2782 394,2782 452,2782 511,2782 569,2782 627,2782 686,2783 744,2783 802,2784 861,2784 919,2785 977,2785 1035,2786 1094,2786 1152,2786 1210,2787 1269,2787 1327,2787 1385,2787 1444,2786"/>
                <TextEquiv>
                    <Unicode>liche Verhältnisse hinein. Der Schauplatz ist Wien. Hugo</Unicode>
                </TextEquiv>
            </TextLine>
            <TextLine id="r1l99" custom="readingOrder {index:98;}">
                <Coords points="2628,2834 3416,2837 3416,2775 2627,2795"/>
                <Baseline points="2647,2830 2684,2830 2721,2830 2759,2830 2796,2830 2834,2830 2871,2830 2908,2830 2946,2830 2983,2830 3021,2830 3058,2830 3095,2830 3133,2829 3170,2829 3208,2828 3245,2828 3282,2827 3320,2826 3357,2825 3395,2824"/>
                <TextEquiv>
                    <Unicode>unumgänglich, aber stets unter der v#</Unicode>
                </TextEquiv>
            </TextLine>
            <TextLine id="r1l100" custom="readingOrder {index:99;}">
                <Coords points="270,2827 1454,2846 1454,2788 1404,2772 270,2788"/>
                <Baseline points="289,2830 346,2831 403,2831 460,2832 518,2832 575,2833 632,2833 689,2833 747,2833 804,2833 861,2833 918,2833 976,2833 1033,2833 1090,2832 1147,2832 1205,2832 1262,2831 1319,2831 1376,2830 1434,2830"/>
                <TextEquiv>
                    <Unicode>Losatti ist auf einem Spazierritt im Prater verunglückt und</Unicode>
                </TextEquiv>
            </TextLine>
            <TextLine id="r1l101" custom="readingOrder {index:100;}">
                <Coords points="1448,2833 2636,2836 2636,2786 1448,2787"/>
                <Baseline points="1468,2833 1525,2833 1583,2833 1640,2833 1698,2833 1755,2833 1813,2833 1870,2832 1928,2832 1985,2832 2043,2832 2100,2832 2158,2832 2215,2832 2273,2832 2330,2832 2388,2832 2445,2832 2503,2832 2560,2832 2618,2832"/>
                <TextEquiv>
                    <Unicode>tritt ihm aufs entschiedenste entgegen. Der Bräutigam meint,</Unicode>
                </TextEquiv>
            </TextLine>
            <TextLine id="r1l102" custom="readingOrder {index:101;}">
                <Coords points="2631,2883 3369,2880 3369,2826 2631,2833"/>
                <Baseline points="2650,2876 2684,2876 2719,2875 2754,2875 2789,2876 2824,2876 2859,2876 2894,2876 2929,2877 2964,2877 2999,2877 3033,2878 3068,2878 3103,2878 3138,2878 3173,2878 3208,2877 3243,2876 3278,2876 3313,2874 3348,2873"/>
                <TextEquiv>
                    <Unicode>des Betreffenden stehen wird. Nur</Unicode>
                </TextEquiv>
            </TextLine>
            <TextLine id="r1l103" custom="readingOrder {index:102;}">
                <Coords points="262,2894 1459,2887 1459,2828 263,2836"/>
                <Baseline points="281,2877 342,2877 403,2877 464,2877 525,2877 586,2878 647,2878 708,2878 769,2879 830,2879 891,2879 952,2879 1013,2880 1074,2880 1135,2880 1196,2880 1257,2880 1318,2880 1379,2880 1440,2879"/>
                <TextEquiv>
                    <Unicode>wird als Sterbender nach Hause gebracht. Der an seinem</Unicode>
                </TextEquiv>
            </TextLine>
            <TextLine id="r1l104" custom="readingOrder {index:103;}">
                <Coords points="1448,2890 2629,2883 2629,2840 2539,2833 1448,2835"/>
                <Baseline points="1467,2881 1524,2881 1581,2881 1638,2881 1695,2881 1753,2881 1810,2881 1867,2881 1924,2881 1981,2881 2039,2881 2096,2881 2153,2880 2210,2880 2267,2880 2325,2880 2382,2880 2439,2879 2496,2879 2553,2878 2611,2877"/>
                <TextEquiv>
                    <Unicode>es sei im höchsten Grade unschicklich für sie, mit dieser Toni</Unicode>
                </TextEquiv>
            </TextLine>
            <TextLine id="r1l105" custom="readingOrder {index:104;}">
                <Coords points="2631,2930 2872,2947 2930,2915 3012,2942 3381,2918 3380,2876 3345,2872 2631,2883"/>
                <Baseline points="2650,2926 2685,2926 2721,2925 2756,2925 2792,2925 2827,2925 2863,2924 2898,2924 2934,2924 2969,2924 3005,2923 3040,2923 3076,2923 3111,2922 3147,2922 3182,2922 3218,2921 3253,2920 3289,2920 3324,2919 3360,2918"/>
                <TextEquiv>
                    <Unicode>in Schnitzler's Schauspiel ein Anlaß</Unicode>
                </TextEquiv>
            </TextLine>
            <TextLine id="r1l106" custom="readingOrder {index:105;}">
                <Coords points="265,2922 1465,2942 1465,2883 265,2876"/>
                <Baseline points="283,2924 341,2923 399,2922 457,2922 515,2922 573,2922 631,2922 690,2923 748,2923 806,2924 864,2925 922,2926 980,2926 1038,2927 1097,2928 1155,2928 1213,2928 1271,2928 1329,2928 1387,2927 1446,2926"/>
                <TextEquiv>
                    <Unicode>Sterbebett weilenden Mutter gesteht er, daß er ein Kind</Unicode>
                </TextEquiv>
            </TextLine>
            <TextLine id="r1l107" custom="readingOrder {index:106;}">
                <Coords points="1443,2949 2632,2939 2632,2885 2313,2863 1443,2875"/>
                <Baseline points="1463,2930 1520,2929 1577,2929 1635,2929 1692,2929 1750,2928 1807,2928 1864,2928 1922,2928 1979,2927 2037,2927 2094,2927 2151,2927 2209,2926 2266,2926 2324,2926 2381,2925 2438,2925 2496,2925 2553,2924 2611,2924"/>
                <TextEquiv>
                    <Unicode>so intim zu verkehren, sich mit ihr öffentlich zu zeigen. Das</Unicode>
                </TextEquiv>
            </TextLine>
            <TextLine id="r1l108" custom="readingOrder {index:107;}">
                <Coords points="269,2990 1450,2986 1450,2928 1329,2920 269,2917"/>
                <Baseline points="287,2972 344,2972 401,2971 458,2970 516,2970 573,2970 630,2969 687,2969 745,2969 802,2969 859,2969 916,2969 974,2969 1031,2969 1088,2969 1145,2970 1203,2970 1260,2970 1317,2971 1374,2971 1432,2971"/>
                <TextEquiv>
                    <Unicode>habe. Er bittet sie inständigst, seine Geliebte, Toni Weber,</Unicode>
                </TextEquiv>
            </TextLine>
            <TextLine id="r1l109" custom="readingOrder {index:108;}">
                <Coords points="2627,2992 2879,2963 2914,2986 3384,2979 3415,2975 3414,2905 2626,2926"/>
                <Baseline points="2645,2974 2682,2973 2720,2972 2757,2972 2795,2971 2832,2971 2870,2971 2907,2971 2945,2971 2982,2970 3020,2970 3058,2970 3095,2970 3133,2970 3170,2970 3208,2970 3245,2969 3283,2969 3320,2968 3358,2967 3396,2966"/>
                <TextEquiv>
                    <Unicode>gegeben ist. Hugo Losatti, der Geliebt</Unicode>
                </TextEquiv>
            </TextLine>
            <TextLine id="r1l110" custom="readingOrder {index:109;}">
                <Coords points="1447,2984 2636,2966 2635,2924 2523,2920 1447,2933"/>
                <Baseline points="1467,2979 1524,2977 1581,2975 1639,2974 1696,2972 1754,2971 1811,2971 1869,2971 1926,2971 1984,2971 2041,2971 2098,2971 2156,2971 2213,2972 2271,2972 2328,2972 2386,2971 2443,2971 2501,2970 2558,2969 2616,2968"/>
                <TextEquiv>
                    <Unicode>gute Mädchen ist empört über die Haltung ihres Bräuti¬</Unicode>
                </TextEquiv>
            </TextLine>
            <TextLine id="r1l111" custom="readingOrder {index:110;}">
                <Coords points="2630,3022 3271,3016 3419,3038 3418,2968 2630,2972"/>
                <Baseline points="2648,3024 2685,3022 2723,3020 2760,3020 2798,3019 2835,3019 2873,3018 2910,3018 2948,3018 2985,3018 3023,3018 3060,3019 3098,3019 3135,3019 3173,3019 3210,3019 3248,3019 3285,3018 3323,3018 3360,3017 3398,3016"/>
                <TextEquiv>
                    <Unicode>in Familienverhältnissen, die ein außere</Unicode>
                </TextEquiv>
            </TextLine>
            <TextLine id="r1l112" custom="readingOrder {index:111;}">
                <Coords points="266,3026 2646,3027 2623,2961 266,2964"/>
                <Baseline points="284,3018 401,3019 518,3020 635,3021 752,3022 869,3023 986,3023 1103,3024 1220,3024 1337,3024 1455,3024 1572,3024 1689,3024 1806,3024 1923,3024 2040,3023 2157,3023 2274,3022 2391,3022 2508,3021 2626,3020"/>
                <TextEquiv>
                    <Unicode>und ihr vierjähriges Söhnchen Franzel nach seinem Tode gams und läßt sich von der Begeisterung für die Geliebte</Unicode>
                </TextEquiv>
            </TextLine>
            <TextLine id="r1l113" custom="readingOrder {index:112;}">
                <Coords points="271,3091 3417,3096 3273,3015 271,3021"/>
                <Baseline points="290,3068 445,3069 600,3071 755,3072 911,3072 1066,3073 1221,3073 1377,3073 1532,3073 1687,3073 1843,3073 1998,3072 2153,3072 2308,3071 2464,3071 2619,3070 2774,3070 2930,3069 3085,3069 3240,3068 3396,3068"/>
                <TextEquiv>
                    <Unicode>in ihr Haus aufzunehmen. Die Mutter und der hinzu= ihres Bruders so weit hinreißen, daß sie ihm die Liebe seinem Schatz nicht eigentlich zu fordern</Unicode>
                </TextEquiv>
            </TextLine>
            <TextEquiv>
                <Unicode>
box 16/2
10. Das Vermaechtnis
kommende Vater gehen auf den Wunsch des Sohnes ein,
kündigt. Frau Losatti selbst ist gut, abe
 Emma Winter, ihre verwitwete Schwäg
die Mutter von Herzen, der Vater scheinbar bereitwillig,
aber eigentlich nur ungern. Der alte Losatti, Professor der
denken ihres verstorbenen Vetters, des
Beichtmutter sie auch in seinem Verhält
National=Oekonomie und Abgeordneter, ist eine unliebens¬
mit Zärtlichkeit hängt. Als Frau Em
würdige Natur, nach Bedarf voll edler Redensarten, aber
Losattis damit umgehen, die arme To#
ohne Gesinnung und Charakter. Er ist im besten Falle
fortzuschicken, erklärt sie, bereit zu
ein „gerechter Kammmacher“, wie er bei Gottfried Keller
selbst auf die Gefahr hin, mit ihren 
im Buche steht. Gleichfalls Einer von seinem Schlage, nur
Feuilleton.,
zu brechen, in ihr eigenes Haus aufzun
härter gehämmert, ist der Arzt Dr. Ferdinand Schmidt, der
findet sie an ihrer eigenen Tochter die 
 Bräutigam von Losatti's Tochter, Francisca. Die Anwesen¬
Neu hee.
Burgtheater.
ihres Planes, den sie nun aufzugeben
heit der Toni Weber im Hause Losatti ist Beiden ein
(„Das Bermächtniß“, Schaupiel in drei Aufzügen von Arthur Schnitzler.)
Tochter hat nämlich ihren Vetter Hugo
Dorn im Auge, während die weiblichen Mitglieder der Fa¬
seinem Verhältnisse zu Toni zu wissen,
Der Junggeselle unter den Dichtern ist Arthur
milie, zumal Francisca und die verwitwete Schwägerin der
und ihn in ihren Mädchenträumen als
Hausfrau, Emma Winter, an Toni zärtlich hängen. Sein
Schnitzler, und die Probleme, die er sich zu stellen pflegt,
sehen. Sie trägt die Liebe für den
sind wesentlich ledige Probleme. Zwar in jener pikanten
Enkel freilich, der Franzel, wenn auch schon nicht legitim,
Kind über, und ein Strahl dieser Liebe ##
Seenenreihe, die er unter dem Namen Anatol zusammen¬
ist dem sonst so schnöden Professor ans Herz gewachsen.
faßt, ist von eigentlichen Problemen noch wenig zu ver¬
des Kindes; aber nach dem Tode
„Er ist mein Blut,“ sagt er, nicht bedenkend, daß er
Mutter ein unerträglicher Anblick.
spüren; dazu sind sie zu absichtslos, zu naiv, möchte man
auch Toni's Blut ist. Ja, er hat mit Franzel große Dinge
in der Familie Losatti. Toni Weber
sagen, wenn die selbstverständliche Verderbniß, worin diese
vor; der Enkel soll einst wirklich werden, was der eigene
ihrer Lage ein, und im Gefühl ihrer
Scenen leben und schweben, als naiv bezeichnet werden
Sohn hätte werden solle. Aber der Kleine stirbt, und damit
in den Tod.
ist auch das Verhältniß zu Toni verschoben. Das natürliche
könnte. In dem Gespräche „Anatol's Hochzeitsmorgen“ wird
Daß in diesem Schauspiel ein Pra
von dieser frivolen Welt ein wüster Abschied genommen.
Band, das Toni mit der Familie Losatti verknüpft, ist ent¬
Sobald aber Schnitzler den Theaterboden betritt, tritt auch
senn nicht gelöst, dessen Lösung aber an
zweigeschnitten, Toni lebt in der Familie wie ein immer¬
das Problem mit ihm herein. Es ist das Problem der ledigen
geht aus der Absichtlichkeit, mit der d
währender Vorwurf. Man zeigt mie dem Finger auf sie, sie
4
Liebe, das er in den beiden Stücken, die das Burgtheater
genug hervor. Sterben und Ver
ist das Stadtgespräch, um ihretwillen werden die Losattis
nicht den gewöhnlichen Sinn. Die drei
von ihm gebracht, in verschiedener Weise angefaßt und das
von der Geseilschaft gemieden. In der Familie selbst bilden
Schauspiel zu Grunde gehen, sterben n
einemal einem tragischen Abschluß, das anderemal einem
sich Parteiungen. Professor Losatti ist für eine sofortige Ent¬
Todes, sie sterben an dem Stück, an del
fernung des unbequemen Gastes und beweist, wie er meint,
traurigen Ende zugeführt hat. Das eine Stück ist „Liebelei“
Einem Gedanken zuliebe stürzt ein Reit
das andere „Das Vermächtniß“. An Klarheit der künstleri¬
seinen herzlichen Antheil an Toni dadurch, daß er sie
ein Kind an den Fraisen, geht ein M
mit Geld abfinden will. Er wird von dem Bräutigam
schen Absicht, an poetischem Werthe steht das „Vermächtniß“
Und dieser Gedanke, dieses Problem,
unter der „Liebelei“, wenn es auch wieder seine eigenen
seiner Tochter, dem Arzt Dr. Schmidt, der aus einer
oder weniger eingestanden: die freie L##
Vorzüge aufzuweisen hat.
harten Jugend ein dürres Herz und eine tiefe Ver¬
ist, wie heute die Dinge stehen und
Wir treten mit dem „Vermächtniß“ in recht unerquick¬
ehrung für alles Conventionelle heraufgebracht, in seinem
werden, eine verpönte Sache, die nur
Vorhaben nachdrücklich bestärkt. Allein gerade seine Braut
liche Verhältnisse hinein. Der Schauplatz ist Wien. Hugo
unumgänglich, aber stets unter der v#
Losatti ist auf einem Spazierritt im Prater verunglückt und
tritt ihm aufs entschiedenste entgegen. Der Bräutigam meint,
des Betreffenden stehen wird. Nur
wird als Sterbender nach Hause gebracht. Der an seinem
es sei im höchsten Grade unschicklich für sie, mit dieser Toni
in Schnitzler's Schauspiel ein Anlaß
Sterbebett weilenden Mutter gesteht er, daß er ein Kind
so intim zu verkehren, sich mit ihr öffentlich zu zeigen. Das
habe. Er bittet sie inständigst, seine Geliebte, Toni Weber,
gegeben ist. Hugo Losatti, der Geliebt
gute Mädchen ist empört über die Haltung ihres Bräuti¬
in Familienverhältnissen, die ein außere
und ihr vierjähriges Söhnchen Franzel nach seinem Tode gams und läßt sich von der Begeisterung für die Geliebte
in ihr Haus aufzunehmen. Die Mutter und der hinzu= ihres Bruders so weit hinreißen, daß sie ihm die Liebe seinem Schatz nicht eigentlich zu fordern</Unicode>
            </TextEquiv>
        </TextRegion>
    </Page>
</PcGts>
