<?xml version="1.0" encoding="UTF-8" standalone="yes"?>
<PcGts xmlns="http://schema.primaresearch.org/PAGE/gts/pagecontent/2013-07-15" xmlns:xsi="http://www.w3.org/2001/XMLSchema-instance" xsi:schemaLocation="http://schema.primaresearch.org/PAGE/gts/pagecontent/2013-07-15 http://schema.primaresearch.org/PAGE/gts/pagecontent/2013-07-15/pagecontent.xsd">
    <Metadata>
        <Creator>prov=University of Rostock/Institute of Mathematics/CITlab/Gundram Leifert/gundram.leifert@uni-rostock.de:name=ONB_Newseye_GT_M1+(htr_id=10810)::::v=2.4.2
prov=University of Rostock/Institute of Mathematics/CITlab/Tobias Gruening/tobias.gruening@uni-rostock.de:name=de.uros.citlab.module.baseline2polygon.B2PSeamMultiOriented:v=2.4.2
prov=University of Rostock/Institute of Mathematics/CITlab/Tobias Gruening/tobias.gruening@uni-rostock.de:name=/mnt/transkribus/LA/DEA/URO/LA_news_onb_att.pb:de.uros.citlab.segmentation.CITlab_LA_ML:v=2.4.2
Transkribus</Creator>
        <Created>2019-10-07T11:34:49.563+02:00</Created>
        <LastChange>2019-10-08T17:56:04.239+02:00</LastChange>
        <TranskribusMetadata docId="223986" pageId="9500416" pageNr="181" tsid="16605345" status="IN_PROGRESS" userId="40391" imgUrl="https://files.transkribus.eu/Get?id=RGSRBQEHPDVEGWNLUSKCVKYS&amp;fileType=view" xmlUrl="https://files.transkribus.eu/Get?id=JCHTPKKWKEGRLKWJKLULXIWS" imageId="6190638"/>
    </Metadata>
    <Page imageFilename="223986_0181.jpeg" imageWidth="3436" imageHeight="4320">
        <ReadingOrder>
            <OrderedGroup id="ro_1711447831472" caption="Regions reading order">
                <RegionRefIndexed index="0" regionRef="r1"/>
                <RegionRefIndexed index="1" regionRef="r2"/>
                <RegionRefIndexed index="2" regionRef="r3"/>
                <RegionRefIndexed index="3" regionRef="r4"/>
            </OrderedGroup>
        </ReadingOrder>
        <TextRegion orientation="0.0" id="r1" custom="readingOrder {index:0;}">
            <Coords points="193,1040 193,1439 296,1439 296,1040"/>
            <TextLine id="r1l1" custom="readingOrder {index:0;}">
                <Coords points="215,1084 238,1081 248,1092 264,1092 283,1080 304,1075 304,1048 288,1048 275,1036 257,1037 251,1033 228,1051 224,1046 215,1046"/>
                <Baseline points="222,1070 259,1068 296,1070"/>
                <TextEquiv>
                    <Unicode>30.</Unicode>
                </TextEquiv>
            </TextLine>
            <TextLine id="r1l2" custom="readingOrder {index:1;}">
                <Coords points="197,1200 232,1216 243,1214 249,1221 256,1216 284,1222 289,1218 298,1220 307,1162 284,1154 272,1143 259,1152 249,1144 242,1146 233,1140 213,1148 205,1147"/>
                <Baseline points="205,1198 233,1197 262,1200 291,1212"/>
                <TextEquiv>
                    <Unicode></Unicode>
                </TextEquiv>
            </TextLine>
            <TextLine id="r1l3" custom="readingOrder {index:2;}">
                <Coords points="227,1230 235,1230 251,1242 256,1237 281,1236 286,1241 298,1238 296,1211 285,1210 273,1199 270,1201 256,1197 242,1214 226,1216"/>
                <Baseline points="234,1236 262,1234 290,1232"/>
                <TextEquiv>
                    <Unicode></Unicode>
                </TextEquiv>
            </TextLine>
            <TextLine id="r1l4" custom="readingOrder {index:3;}">
                <Coords points="188,1440 201,1440 214,1435 226,1439 238,1430 254,1437 261,1436 251,1364 241,1366 232,1374 220,1372 210,1375 194,1367 188,1373 179,1375"/>
                <Baseline points="193,1425 222,1419 251,1417"/>
                <TextEquiv>
                    <Unicode>*</Unicode>
                </TextEquiv>
            </TextLine>
            <TextEquiv>
                <Unicode>30.


*</Unicode>
            </TextEquiv>
        </TextRegion>
        <TextRegion orientation="0.0" id="r2" custom="readingOrder {index:1;}">
            <Coords points="236,150 236,3651 1857,3651 1857,150"/>
            <TextLine id="r2l1" custom="readingOrder {index:0;}">
                <Coords points="227,199 1244,256 1270,166 230,135"/>
                <Baseline points="236,170 287,179 338,187 389,195 440,200 492,205 543,209 594,213 645,216 696,218 748,220 799,221 850,223 901,223 952,225 1004,226 1055,227 1106,229 1157,230 1208,233 1260,235"/>
                <TextEquiv>
                    <Unicode>10. Das Vermaschinis</Unicode>
                </TextEquiv>
            </TextLine>
            <TextLine id="r2l2" custom="readingOrder {index:1;}">
                <Coords points="1343,223 1575,254 1728,240 1751,260 1782,240 1864,250 1866,200 1738,179 1693,197 1665,178 1541,195 1465,167 1407,193 1344,193"/>
                <Baseline points="1349,236 1374,233 1399,231 1425,229 1450,228 1476,228 1501,228 1526,228 1552,229 1577,231 1603,232 1628,234 1653,236 1679,238 1704,240 1730,242 1755,244 1780,245 1806,245 1831,246 1857,246"/>
                <TextEquiv>
                    <Unicode>box 16/3</Unicode>
                </TextEquiv>
            </TextLine>
            <TextLine id="r2l3" custom="readingOrder {index:2;}">
                <Coords points="413,876 637,893 806,861 865,879 974,855 1017,885 1194,866 1194,780 1162,772 1080,803 1014,768 903,792 688,747 620,681 414,679"/>
                <Baseline points="421,866 459,863 497,861 535,860 574,859 612,859 650,859 688,860 727,860 765,861 803,862 841,863 880,863 918,864 956,864 994,864 1033,864 1071,863 1109,862 1147,860 1186,857"/>
                <TextEquiv>
                    <Unicode>7 Der</Unicode>
                </TextEquiv>
            </TextLine>
            <TextLine id="r2l4" custom="readingOrder {index:3;}">
                <Coords points="331,962 1455,989 1486,935 332,915"/>
                <Baseline points="338,951 395,952 452,952 509,953 566,955 623,956 680,957 737,959 794,960 851,962 908,963 965,965 1022,966 1079,967 1136,969 1193,970 1250,971 1307,972 1364,973 1421,973 1478,974"/>
                <TextEquiv>
                    <Unicode>gewordener und vernünftiggebliebener Töpfermeister aus der</Unicode>
                </TextEquiv>
            </TextLine>
            <TextLine id="r2l5" custom="readingOrder {index:4;}">
                <Coords points="330,1014 1486,1016 1486,982 1433,975 331,959"/>
                <Baseline points="338,991 395,994 452,997 509,999 566,1001 623,1002 680,1004 737,1005 794,1006 851,1006 908,1007 965,1008 1022,1008 1079,1009 1136,1009 1193,1010 1250,1011 1307,1012 1364,1013 1421,1015 1478,1017"/>
                <TextEquiv>
                    <Unicode>Chausseestraße hielt sich von allem Possenhaften fern und lieferte</Unicode>
                </TextEquiv>
            </TextLine>
            <TextLine id="r2l6" custom="readingOrder {index:5;}">
                <Coords points="321,1032 1397,1083 1482,1062 1483,1029 321,1005"/>
                <Baseline points="328,1037 385,1040 442,1042 500,1043 557,1045 614,1046 672,1048 729,1049 786,1050 844,1051 901,1051 958,1052 1016,1053 1073,1054 1130,1055 1188,1056 1245,1056 1302,1057 1360,1058 1417,1059 1475,1060"/>
                <TextEquiv>
                    <Unicode>eine gut gelungene Charakterstudie. Die vornehm thuerische</Unicode>
                </TextEquiv>
            </TextLine>
            <TextLine id="r2l7" custom="readingOrder {index:6;}">
                <Coords points="329,1093 1478,1107 1309,1059 330,1042"/>
                <Baseline points="337,1080 393,1082 450,1084 507,1086 563,1087 620,1089 677,1090 733,1091 790,1093 847,1094 904,1095 960,1096 1017,1097 1074,1098 1130,1099 1187,1100 1244,1101 1300,1102 1357,1103 1414,1104 1471,1105"/>
                <TextEquiv>
                    <Unicode>Frau Wulkow wurde von Frau Schramm gespielt. In</Unicode>
                </TextEquiv>
            </TextLine>
            <TextLine id="r2l8" custom="readingOrder {index:7;}">
                <Coords points="328,1128 1331,1163 1483,1155 1484,1109 328,1095"/>
                <Baseline points="335,1125 392,1126 449,1127 506,1128 563,1129 620,1131 677,1132 734,1134 791,1135 848,1136 905,1138 962,1139 1019,1140 1076,1141 1133,1143 1190,1144 1247,1145 1304,1146 1361,1147 1418,1147 1476,1148"/>
                <TextEquiv>
                    <Unicode>Rollen, aus denen nicht viel zu machen war, waren Fräulein</Unicode>
                </TextEquiv>
            </TextLine>
            <TextLine id="r2l9" custom="readingOrder {index:8;}">
                <Coords points="328,1172 1310,1209 1311,1145 329,1127"/>
                <Baseline points="336,1163 384,1165 432,1168 481,1170 529,1172 577,1173 626,1175 674,1176 722,1177 771,1178 819,1178 867,1179 916,1180 964,1180 1012,1181 1061,1182 1109,1183 1157,1184 1206,1185 1254,1186 1303,1188"/>
                <TextEquiv>
                    <Unicode>Poppe und Fräulein von Mayburg beschäftigt.</Unicode>
                </TextEquiv>
            </TextLine>
            <TextLine id="r2l10" custom="readingOrder {index:9;}">
                <Coords points="387,1213 1478,1239 1479,1192 388,1177"/>
                <Baseline points="394,1210 447,1212 501,1215 555,1218 609,1219 663,1221 717,1222 770,1223 824,1223 878,1224 932,1224 986,1225 1040,1225 1094,1226 1147,1227 1201,1228 1255,1229 1309,1231 1363,1232 1417,1235 1471,1238"/>
                <TextEquiv>
                    <Unicode>R. N. Deutsches Theater. In Arthur Schnitzlers</Unicode>
                </TextEquiv>
            </TextLine>
            <TextLine id="r2l11" custom="readingOrder {index:10;}">
                <Coords points="321,1256 1448,1297 1477,1252 322,1217"/>
                <Baseline points="328,1251 385,1254 442,1257 499,1259 556,1260 613,1262 670,1263 727,1263 784,1264 841,1265 898,1265 955,1266 1012,1266 1069,1267 1126,1268 1183,1270 1240,1271 1297,1273 1354,1276 1411,1279 1469,1283"/>
                <TextEquiv>
                    <Unicode>dreiaktigem Schauspiel „Das Vermächtnis“ handelt es sich</Unicode>
                </TextEquiv>
            </TextLine>
            <TextLine id="r2l12" custom="readingOrder {index:11;}">
                <Coords points="317,1314 880,1299 1427,1339 1475,1288 318,1266"/>
                <Baseline points="324,1298 381,1300 438,1301 495,1302 552,1304 609,1305 666,1306 724,1307 781,1309 838,1309 895,1310 952,1312 1009,1313 1066,1314 1124,1315 1181,1317 1238,1318 1295,1320 1352,1322 1409,1324 1467,1327"/>
                <TextEquiv>
                    <Unicode>um die letzte Bitte eines Sterbenden, dem seine Eltern</Unicode>
                </TextEquiv>
            </TextLine>
            <TextLine id="r2l13" custom="readingOrder {index:12;}">
                <Coords points="319,1346 1423,1379 1471,1333 319,1310"/>
                <Baseline points="326,1338 382,1341 439,1343 496,1345 553,1347 610,1349 667,1350 723,1352 780,1354 837,1355 894,1356 951,1357 1008,1358 1065,1359 1121,1360 1178,1361 1235,1362 1292,1363 1349,1364 1406,1365 1463,1366"/>
                <TextEquiv>
                    <Unicode>versprechen müssen, das Mädchen seiner Liebe und ihr Kind</Unicode>
                </TextEquiv>
            </TextLine>
            <TextLine id="r2l14" custom="readingOrder {index:13;}">
                <Coords points="327,1395 1467,1416 1467,1386 1364,1366 328,1344"/>
                <Baseline points="335,1382 391,1383 447,1385 503,1387 560,1389 616,1390 672,1392 728,1394 785,1396 841,1397 897,1399 953,1400 1010,1401 1066,1403 1122,1404 1178,1405 1235,1405 1291,1406 1347,1406 1403,1406 1460,1405"/>
                <TextEquiv>
                    <Unicode>in ihrem Hause aufzunehmen. Der junge Herr ist beim Spazier¬</Unicode>
                </TextEquiv>
            </TextLine>
            <TextLine id="r2l15" custom="readingOrder {index:14;}">
                <Coords points="318,1442 1476,1463 1466,1418 320,1390"/>
                <Baseline points="326,1425 383,1428 440,1430 497,1433 554,1435 611,1436 668,1438 725,1439 782,1441 839,1442 897,1443 954,1444 1011,1444 1068,1445 1125,1446 1182,1447 1239,1448 1296,1449 1353,1450 1410,1452 1468,1453"/>
                <TextEquiv>
                    <Unicode>ritte vom Pferde gestürzt und hat eine schwere Gehirnerschütterung</Unicode>
                </TextEquiv>
            </TextLine>
            <TextLine id="r2l16" custom="readingOrder {index:15;}">
                <Coords points="320,1478 1468,1518 1469,1471 1373,1455 321,1443"/>
                <Baseline points="327,1476 383,1477 440,1478 497,1479 553,1480 610,1481 667,1482 723,1483 780,1484 837,1485 894,1486 950,1487 1007,1488 1064,1489 1120,1491 1177,1492 1234,1493 1290,1495 1347,1497 1404,1499 1461,1501"/>
                <TextEquiv>
                    <Unicode>erlitten; dieser Umstand macht sein etwas sehr merkwürdiges</Unicode>
                </TextEquiv>
            </TextLine>
            <TextLine id="r2l17" custom="readingOrder {index:16;}">
                <Coords points="326,1527 1103,1516 1174,1564 1260,1525 1477,1559 1478,1512 1384,1498 327,1482"/>
                <Baseline points="333,1516 389,1518 446,1520 503,1521 560,1523 617,1524 674,1525 730,1526 787,1527 844,1528 901,1529 958,1530 1015,1531 1072,1533 1128,1533 1185,1535 1242,1536 1299,1538 1356,1539 1413,1541 1470,1543"/>
                <TextEquiv>
                    <Unicode>Verlangen erklärlich und läßt es sogar begreiflich</Unicode>
                </TextEquiv>
            </TextLine>
            <TextLine id="r2l18" custom="readingOrder {index:17;}">
                <Coords points="317,1570 1312,1599 1460,1593 1461,1558 318,1527"/>
                <Baseline points="325,1561 381,1562 437,1563 494,1565 550,1566 607,1567 663,1568 719,1570 776,1571 832,1572 889,1573 945,1575 1001,1576 1058,1577 1114,1578 1171,1580 1227,1581 1283,1582 1340,1583 1396,1585 1453,1586"/>
                <TextEquiv>
                    <Unicode>erscheinen, daß er nicht einmal Rücksicht auf sein un¬</Unicode>
                </TextEquiv>
            </TextLine>
            <TextLine id="r2l19" custom="readingOrder {index:18;}">
                <Coords points="319,1611 1300,1645 1475,1618 320,1573"/>
                <Baseline points="326,1606 383,1607 440,1608 497,1609 554,1611 611,1612 668,1613 725,1614 782,1615 839,1616 896,1617 953,1618 1010,1619 1067,1620 1124,1621 1181,1623 1238,1624 1295,1625 1352,1626 1409,1628 1467,1629"/>
                <TextEquiv>
                    <Unicode>schuldiges junges Schwesterlein nimmt. Anfangs giebt sich die</Unicode>
                </TextEquiv>
            </TextLine>
            <TextLine id="r2l20" custom="readingOrder {index:19;}">
                <Coords points="324,1660 1474,1692 1472,1637 325,1613"/>
                <Baseline points="332,1650 388,1651 445,1652 502,1653 559,1654 615,1655 672,1657 729,1657 786,1659 842,1660 899,1661 956,1662 1013,1664 1069,1665 1126,1667 1183,1668 1240,1670 1296,1672 1353,1674 1410,1676 1467,1679"/>
                <TextEquiv>
                    <Unicode>Familie erdenkliche Mühe, dem Wunsche des Toten gerecht zu</Unicode>
                </TextEquiv>
            </TextLine>
            <TextLine id="r2l21" custom="readingOrder {index:20;}">
                <Coords points="326,1699 1466,1718 1351,1674 327,1664"/>
                <Baseline points="334,1692 390,1694 446,1695 502,1697 559,1698 615,1699 671,1700 727,1701 784,1702 840,1703 896,1704 952,1705 1009,1705 1065,1707 1121,1708 1177,1709 1234,1710 1290,1712 1346,1713 1402,1715 1459,1717"/>
                <TextEquiv>
                    <Unicode>werden. Seine hinterlassene Freundin betrachtet und behandelt man</Unicode>
                </TextEquiv>
            </TextLine>
            <TextLine id="r2l22" custom="readingOrder {index:21;}">
                <Coords points="323,1745 1461,1779 1462,1719 324,1707"/>
                <Baseline points="331,1737 387,1738 443,1740 499,1741 555,1742 612,1743 668,1745 724,1745 780,1746 836,1747 893,1748 949,1749 1005,1750 1061,1751 1117,1752 1174,1753 1230,1754 1286,1755 1342,1756 1398,1757 1455,1759"/>
                <TextEquiv>
                    <Unicode>als zum Hause gehörig, und ihren Bubi verhätschelt man, wie nur</Unicode>
                </TextEquiv>
            </TextLine>
            <TextLine id="r2l23" custom="readingOrder {index:22;}">
                <Coords points="315,1789 1460,1817 1461,1779 1386,1764 316,1753"/>
                <Baseline points="323,1779 379,1780 436,1781 492,1783 549,1784 605,1786 662,1787 718,1789 775,1790 831,1792 888,1793 944,1795 1001,1796 1057,1797 1114,1798 1170,1800 1227,1801 1283,1801 1340,1802 1396,1803 1453,1803"/>
                <TextEquiv>
                    <Unicode>immer ein Enkelkind verwöhnt werden kann. Nur einer nicht gönnt</Unicode>
                </TextEquiv>
            </TextLine>
            <TextLine id="r2l24" custom="readingOrder {index:23;}">
                <Coords points="309,1836 1469,1858 1470,1812 310,1794"/>
                <Baseline points="317,1820 374,1823 431,1826 488,1828 546,1829 603,1831 660,1832 717,1833 775,1834 832,1835 889,1835 946,1836 1004,1837 1061,1838 1118,1839 1175,1840 1233,1841 1290,1843 1347,1845 1404,1847 1462,1849"/>
                <TextEquiv>
                    <Unicode>den Eindringlingen ihr Glück, das ist Schwesterleins Verlobter in</Unicode>
                </TextEquiv>
            </TextLine>
            <TextLine id="r2l25" custom="readingOrder {index:24;}">
                <Coords points="311,1879 1442,1907 1471,1859 312,1834"/>
                <Baseline points="319,1868 376,1869 433,1870 490,1871 547,1873 605,1874 662,1875 719,1877 776,1878 833,1879 891,1880 948,1881 1005,1883 1062,1884 1119,1885 1177,1886 1234,1887 1291,1889 1348,1890 1405,1892 1463,1893"/>
                <TextEquiv>
                    <Unicode>spe, ein erschrecklicher Intriguant und herzloser Streber. Bubi</Unicode>
                </TextEquiv>
            </TextLine>
            <TextLine id="r2l26" custom="readingOrder {index:25;}">
                <Coords points="321,1909 1471,1936 1471,1901 322,1874"/>
                <Baseline points="328,1911 384,1912 441,1914 498,1915 555,1916 611,1918 668,1919 725,1920 782,1921 838,1923 895,1924 952,1925 1009,1927 1065,1927 1122,1929 1179,1930 1236,1931 1292,1933 1349,1934 1406,1936 1463,1937"/>
                <TextEquiv>
                    <Unicode>kränkelt beständig, und als der Schluß des zweiten Aktes heran¬</Unicode>
                </TextEquiv>
            </TextLine>
            <TextLine id="r2l27" custom="readingOrder {index:26;}">
                <Coords points="305,1952 1466,2005 1467,1952 1379,1938 306,1908"/>
                <Baseline points="313,1956 370,1957 427,1958 485,1960 542,1961 599,1962 657,1964 714,1965 771,1966 829,1968 886,1969 943,1970 1001,1971 1058,1973 1115,1974 1173,1975 1230,1977 1287,1978 1345,1979 1402,1980 1460,1981"/>
                <TextEquiv>
                    <Unicode>naht und Großpapa thöricht genug ist, das ohnehin halbtote</Unicode>
                </TextEquiv>
            </TextLine>
            <TextLine id="r2l28" custom="readingOrder {index:27;}">
                <Coords points="309,2010 1468,2029 1423,1982 310,1954"/>
                <Baseline points="317,2000 374,2000 431,2001 488,2002 545,2002 602,2004 659,2005 717,2007 774,2008 831,2009 888,2011 945,2013 1002,2015 1059,2016 1117,2017 1174,2019 1231,2020 1288,2021 1345,2021 1402,2022 1460,2022"/>
                <TextEquiv>
                    <Unicode>Kind aus seinem Nachmittagsschlaf zu reißen, da legt es sich und</Unicode>
                </TextEquiv>
            </TextLine>
            <TextLine id="r2l29" custom="readingOrder {index:28;}">
                <Coords points="306,2044 1459,2086 1460,2040 1287,2024 307,2014"/>
                <Baseline points="314,2042 370,2044 427,2045 484,2047 541,2048 598,2050 655,2051 711,2052 768,2054 825,2055 882,2056 939,2057 996,2058 1053,2059 1109,2061 1166,2062 1223,2063 1280,2065 1337,2066 1394,2067 1451,2069"/>
                <TextEquiv>
                    <Unicode>stirbt. Nun beginnt für die junge Mama eine arge</Unicode>
                </TextEquiv>
            </TextLine>
            <TextLine id="r2l30" custom="readingOrder {index:29;}">
                <Coords points="298,2093 1436,2130 1469,2097 299,2043"/>
                <Baseline points="306,2083 363,2086 421,2087 479,2089 537,2091 594,2092 652,2094 710,2095 768,2096 825,2097 883,2099 941,2100 999,2101 1056,2103 1114,2104 1172,2105 1230,2107 1287,2109 1345,2110 1403,2112 1461,2114"/>
                <TextEquiv>
                    <Unicode>Leidenszeit. Sie fällt den Mitgliedern der Familie allmählich</Unicode>
                </TextEquiv>
            </TextLine>
            <TextLine id="r2l31" custom="readingOrder {index:30;}">
                <Coords points="306,2133 1368,2172 1453,2128 307,2095"/>
                <Baseline points="314,2127 370,2129 427,2131 483,2133 540,2135 596,2136 653,2137 709,2139 766,2140 822,2141 879,2142 936,2143 992,2144 1049,2146 1105,2147 1162,2149 1218,2150 1275,2151 1331,2153 1388,2155 1445,2158"/>
                <TextEquiv>
                    <Unicode>lästig, und der vorhin gekennzeichnete Streber laßt alle</Unicode>
                </TextEquiv>
            </TextLine>
            <TextLine id="r2l32" custom="readingOrder {index:31;}">
                <Coords points="304,2186 362,2176 390,2194 455,2168 513,2194 638,2202 659,2183 788,2182 788,2151 768,2145 670,2159 568,2131 457,2148 305,2135"/>
                <Baseline points="312,2171 338,2173 364,2173 390,2175 416,2175 442,2176 468,2177 494,2178 520,2178 546,2179 572,2180 598,2180 624,2181 650,2181 676,2181 702,2182 728,2182 754,2182 780,2183"/>
                <TextEquiv>
                    <Unicode>Minen springen, um</Unicode>
                </TextEquiv>
            </TextLine>
            <TextLine id="r2l33" custom="readingOrder {index:32;}">
                <Coords points="813,2189 866,2181 904,2199 954,2188 1047,2203 1151,2195 1151,2170 1122,2157 1106,2166 1070,2155 1053,2162 1029,2147 1014,2156 975,2148 954,2158 897,2154 869,2171 814,2143"/>
                <Baseline points="821,2184 847,2186 874,2186 901,2187 928,2188 955,2188 982,2188 1008,2188 1035,2188 1062,2189 1089,2189 1116,2189 1143,2190"/>
                <TextEquiv>
                    <Unicode>ie zu entfernen.</Unicode>
                </TextEquiv>
            </TextLine>
            <TextLine id="r2l34" custom="readingOrder {index:33;}">
                <Coords points="1231,2201 1258,2206 1284,2184 1295,2194 1316,2187 1346,2209 1365,2203 1403,2211 1446,2195 1465,2198 1465,2179 1456,2181 1428,2161 1387,2160 1372,2170 1346,2165 1315,2174 1257,2149 1232,2155"/>
                <Baseline points="1238,2192 1265,2194 1293,2196 1320,2196 1348,2197 1375,2197 1403,2197 1430,2198 1458,2199"/>
                <TextEquiv>
                    <Unicode>Er erreicht</Unicode>
                </TextEquiv>
            </TextLine>
            <TextLine id="r2l35" custom="readingOrder {index:34;}">
                <Coords points="312,2227 1451,2265 1453,2195 313,2182"/>
                <Baseline points="319,2216 375,2217 431,2218 487,2220 544,2221 600,2222 656,2224 713,2226 769,2227 825,2228 882,2230 938,2231 994,2233 1050,2235 1107,2236 1163,2238 1219,2239 1276,2241 1332,2242 1388,2244 1445,2245"/>
                <TextEquiv>
                    <Unicode>sein Ziel, man kommt überein, das Fräulein nicht mit</Unicode>
                </TextEquiv>
            </TextLine>
            <TextLine id="r2l36" custom="readingOrder {index:35;}">
                <Coords points="300,2274 1458,2294 1438,2246 302,2232"/>
                <Baseline points="308,2258 365,2259 422,2260 479,2261 536,2263 593,2264 650,2266 708,2268 765,2270 822,2272 879,2274 936,2276 993,2278 1050,2280 1108,2281 1165,2283 1222,2284 1279,2285 1336,2286 1393,2286 1451,2286"/>
                <TextEquiv>
                    <Unicode>in die Sommerfrische zu nehmen, sondern mit einer Rente</Unicode>
                </TextEquiv>
            </TextLine>
            <TextLine id="r2l37" custom="readingOrder {index:36;}">
                <Coords points="302,2297 1465,2345 1466,2304 1406,2289 303,2272"/>
                <Baseline points="310,2303 367,2304 424,2305 482,2307 539,2308 597,2310 654,2311 711,2313 769,2315 826,2316 884,2318 941,2320 998,2321 1056,2323 1113,2324 1171,2325 1228,2326 1285,2327 1343,2328 1400,2329 1458,2329"/>
                <TextEquiv>
                    <Unicode>abzuspeisen — ist doch das Band, das sie an die Familie</Unicode>
                </TextEquiv>
            </TextLine>
            <TextLine id="r2l38" custom="readingOrder {index:37;}">
                <Coords points="305,2348 1455,2379 1441,2329 306,2310"/>
                <Baseline points="312,2347 368,2349 425,2350 482,2351 539,2353 596,2354 652,2356 709,2357 766,2358 823,2359 880,2361 936,2362 993,2363 1050,2364 1107,2366 1164,2367 1220,2368 1277,2369 1334,2371 1391,2372 1448,2373"/>
                <TextEquiv>
                    <Unicode>knüpfte, ohnehin zerrissen. Aber die Dame hat Ehrgefühl, und</Unicode>
                </TextEquiv>
            </TextLine>
            <TextLine id="r2l39" custom="readingOrder {index:38;}">
                <Coords points="302,2391 1397,2430 1450,2424 1451,2383 303,2349"/>
                <Baseline points="309,2392 365,2393 422,2394 479,2395 535,2396 592,2398 649,2399 705,2401 762,2402 819,2403 876,2405 932,2407 989,2408 1046,2410 1102,2411 1159,2413 1216,2414 1272,2415 1329,2416 1386,2417 1443,2418"/>
                <TextEquiv>
                    <Unicode>so geht sie denn ins Wasser. Erfreulich an der traurigen Ge¬</Unicode>
                </TextEquiv>
            </TextLine>
            <TextLine id="r2l40" custom="readingOrder {index:39;}">
                <Coords points="308,2449 1452,2481 1465,2420 309,2398"/>
                <Baseline points="316,2434 373,2436 430,2437 487,2440 544,2441 601,2443 658,2444 715,2446 772,2447 829,2449 886,2450 943,2451 1000,2452 1057,2454 1114,2455 1171,2456 1228,2458 1285,2459 1342,2460 1399,2462 1456,2463"/>
                <TextEquiv>
                    <Unicode>schichte ist zum Schluß noch, daß der abscheuliche Intriguant</Unicode>
                </TextEquiv>
            </TextLine>
            <TextLine id="r2l41" custom="readingOrder {index:40;}">
                <Coords points="304,2486 1429,2511 1308,2462 305,2447"/>
                <Baseline points="311,2478 366,2478 422,2479 477,2480 533,2481 588,2483 644,2484 699,2485 755,2487 810,2488 866,2490 922,2492 977,2493 1033,2495 1088,2496 1144,2498 1199,2498 1255,2500 1310,2500 1366,2501 1422,2501"/>
                <TextEquiv>
                    <Unicode>von seiner Verlobten durchschaut wird und den Abschied erhält. —</Unicode>
                </TextEquiv>
            </TextLine>
            <TextLine id="r2l42" custom="readingOrder {index:41;}">
                <Coords points="299,2537 1454,2546 1436,2499 301,2484"/>
                <Baseline points="307,2521 366,2522 426,2523 486,2524 546,2526 606,2527 666,2529 726,2531 786,2532 846,2535 906,2537 966,2538 1026,2540 1086,2542 1146,2544 1206,2545 1266,2546 1326,2547 1386,2548 1446,2549"/>
                <TextEquiv>
                    <Unicode>Das Drama krankt unheilbar an dem seltsamen Vorwurfe.</Unicode>
                </TextEquiv>
            </TextLine>
            <TextLine id="r2l43" custom="readingOrder {index:42;}">
                <Coords points="296,2569 1466,2619 1455,2534 1420,2564 297,2537"/>
                <Baseline points="303,2565 360,2567 418,2568 476,2570 534,2571 592,2572 649,2574 707,2575 765,2577 823,2578 881,2579 938,2581 996,2582 1054,2584 1112,2585 1170,2586 1227,2587 1285,2589 1343,2590 1401,2591 1459,2592"/>
                <TextEquiv>
                    <Unicode>Schnitzler will eine beißende Satire gegen die Gesellschaftslüge</Unicode>
                </TextEquiv>
            </TextLine>
            <TextLine id="r2l44" custom="readingOrder {index:43;}">
                <Coords points="295,2599 1456,2645 1457,2607 1344,2595 296,2570"/>
                <Baseline points="302,2612 359,2612 416,2613 474,2614 531,2615 588,2616 646,2618 703,2619 760,2621 818,2623 875,2624 932,2626 990,2628 1047,2629 1104,2630 1162,2632 1219,2633 1276,2634 1334,2635 1391,2636 1449,2636"/>
                <TextEquiv>
                    <Unicode>und die Gefühlsschwindelei schreiben, die wohl ein heißes Auf¬</Unicode>
                </TextEquiv>
            </TextLine>
            <TextLine id="r2l45" custom="readingOrder {index:44;}">
                <Coords points="304,2660 1062,2687 1207,2659 1407,2693 1452,2648 305,2607"/>
                <Baseline points="311,2654 367,2656 424,2658 480,2659 537,2661 594,2662 650,2663 707,2664 763,2665 820,2667 877,2668 933,2669 990,2670 1046,2671 1103,2673 1160,2674 1216,2675 1273,2677 1329,2679 1386,2682 1443,2684"/>
                <TextEquiv>
                    <Unicode>flackern kennt, ein augenblickliches Losreißen aus den Banden</Unicode>
                </TextEquiv>
            </TextLine>
            <TextLine id="r2l46" custom="readingOrder {index:45;}">
                <Coords points="300,2700 1420,2734 1452,2692 301,2660"/>
                <Baseline points="307,2699 363,2699 420,2700 477,2701 534,2702 591,2703 647,2705 704,2706 761,2707 818,2708 875,2710 931,2711 988,2713 1045,2714 1102,2715 1159,2717 1215,2719 1272,2720 1329,2722 1386,2723 1443,2725"/>
                <TextEquiv>
                    <Unicode>der Konvention, die aber nach kurzem Aufschwunge kraftlos wieder</Unicode>
                </TextEquiv>
            </TextLine>
            <TextLine id="r2l47" custom="readingOrder {index:46;}">
                <Coords points="294,2741 1451,2775 1452,2733 1393,2728 295,2699"/>
                <Baseline points="301,2742 358,2743 415,2743 472,2744 529,2746 586,2747 643,2748 700,2749 757,2751 814,2753 872,2754 929,2756 986,2758 1043,2759 1100,2761 1157,2763 1214,2764 1271,2766 1328,2768 1385,2769 1443,2771"/>
                <TextEquiv>
                    <Unicode>ins alte Gleis zurückfällt. Der Verfasser übersieht indes, daß unser</Unicode>
                </TextEquiv>
            </TextLine>
            <TextLine id="r2l48" custom="readingOrder {index:47;}">
                <Coords points="297,2784 966,2799 1014,2829 1406,2820 1438,2768 298,2746"/>
                <Baseline points="304,2786 360,2787 416,2789 472,2790 529,2791 585,2792 641,2793 697,2794 754,2795 810,2796 866,2798 922,2799 979,2801 1035,2802 1091,2804 1147,2805 1204,2807 1260,2808 1316,2810 1372,2812 1429,2814"/>
                <TextEquiv>
                    <Unicode>heutiges Familienleben auf heutigen Sittlichkeitsbegriffen auf¬</Unicode>
                </TextEquiv>
            </TextLine>
            <TextLine id="r2l49" custom="readingOrder {index:48;}">
                <Coords points="292,2848 504,2824 1402,2868 1450,2821 293,2802"/>
                <Baseline points="299,2834 356,2834 413,2834 470,2835 527,2835 584,2837 641,2838 699,2839 756,2840 813,2841 870,2843 927,2844 984,2846 1041,2847 1099,2849 1156,2850 1213,2852 1270,2852 1327,2854 1384,2854 1442,2855"/>
                <TextEquiv>
                    <Unicode>gebaut ist und aufgebaut sein muß, daß es zusammenbräche</Unicode>
                </TextEquiv>
            </TextLine>
            <TextLine id="r2l50" custom="readingOrder {index:49;}">
                <Coords points="288,2880 1456,2921 1458,2855 289,2846"/>
                <Baseline points="296,2874 353,2875 411,2875 469,2877 526,2878 584,2879 642,2880 699,2881 757,2883 815,2884 873,2885 930,2887 988,2888 1046,2890 1103,2891 1161,2892 1219,2893 1276,2894 1334,2895 1392,2896 1450,2897"/>
                <TextEquiv>
                    <Unicode>ohne sie. Darum mutet seine Satire wie das berühmte Messer</Unicode>
                </TextEquiv>
            </TextLine>
            <TextLine id="r2l51" custom="readingOrder {index:50;}">
                <Coords points="285,2912 1446,2946 1447,2909 1342,2901 286,2880"/>
                <Baseline points="292,2919 349,2920 406,2921 464,2922 521,2923 578,2924 636,2925 693,2926 750,2927 808,2929 865,2930 922,2931 980,2933 1037,2934 1094,2935 1152,2937 1209,2938 1266,2939 1324,2941 1381,2942 1439,2943"/>
                <TextEquiv>
                    <Unicode>ohne Klinge und Heft an. Im Zukunftsstaate mag sie wirken,</Unicode>
                </TextEquiv>
            </TextLine>
            <TextLine id="r2l52" custom="readingOrder {index:51;}">
                <Coords points="294,2963 1478,2992 1448,2929 1227,2956 295,2921"/>
                <Baseline points="302,2965 360,2965 418,2965 477,2965 535,2966 594,2966 652,2967 710,2968 769,2970 827,2971 886,2972 944,2974 1002,2975 1061,2977 1119,2978 1178,2980 1236,2982 1294,2984 1353,2985 1411,2987 1470,2989"/>
                <TextEquiv>
                    <Unicode>heute versteht mon ihren Sinn nicht. Wie alle Arbeiten Schnitzlers,</Unicode>
                </TextEquiv>
            </TextLine>
            <TextLine id="r2l53" custom="readingOrder {index:52;}">
                <Coords points="285,3008 1441,3042 1390,2987 286,2980"/>
                <Baseline points="293,3008 350,3008 407,3009 464,3010 521,3011 578,3012 635,3012 692,3014 749,3015 806,3016 863,3017 920,3018 977,3019 1034,3020 1091,3021 1148,3022 1205,3023 1262,3024 1319,3024 1376,3025 1433,3026"/>
                <TextEquiv>
                    <Unicode>entbehrt auch diese der dramatischen Spannung nicht und</Unicode>
                </TextEquiv>
            </TextLine>
            <TextLine id="r2l54" custom="readingOrder {index:53;}">
                <Coords points="289,3062 1396,3086 1437,3047 290,3017"/>
                <Baseline points="297,3052 353,3051 410,3051 466,3052 523,3052 580,3053 636,3054 693,3055 749,3057 806,3058 863,3059 919,3061 976,3063 1032,3065 1089,3066 1146,3068 1202,3070 1259,3071 1315,3073 1372,3074 1429,3076"/>
                <TextEquiv>
                    <Unicode>zeichnet sich durch die Sauberkeit der Technik aus; nur der</Unicode>
                </TextEquiv>
            </TextLine>
            <TextLine id="r2l55" custom="readingOrder {index:54;}">
                <Coords points="286,3103 1317,3131 1443,3121 1444,3083 287,3062"/>
                <Baseline points="293,3094 350,3094 407,3095 464,3096 521,3097 578,3098 635,3099 693,3101 750,3102 807,3104 864,3105 921,3107 978,3109 1035,3110 1093,3112 1150,3113 1207,3114 1264,3116 1321,3117 1378,3118 1436,3119"/>
                <TextEquiv>
                    <Unicode>Expositionsakt ist viel zu breit und umständlich geraten,</Unicode>
                </TextEquiv>
            </TextLine>
            <TextLine id="r2l56" custom="readingOrder {index:55;}">
                <Coords points="284,3137 1445,3160 1374,3117 284,3103"/>
                <Baseline points="291,3135 348,3137 405,3139 463,3140 520,3141 577,3143 635,3144 692,3145 749,3146 807,3147 864,3148 921,3149 979,3150 1036,3150 1093,3151 1151,3152 1208,3153 1265,3154 1323,3155 1380,3156 1438,3157"/>
                <TextEquiv>
                    <Unicode>viel zu sehr mit strichelnder Charakteristik ausgefüllt.</Unicode>
                </TextEquiv>
            </TextLine>
            <TextLine id="r2l57" custom="readingOrder {index:56;}">
                <Coords points="290,3186 1443,3224 1411,3163 292,3135"/>
                <Baseline points="298,3179 354,3180 411,3181 468,3182 525,3183 582,3185 639,3186 696,3188 753,3189 810,3191 867,3192 923,3194 980,3196 1037,3197 1094,3199 1151,3200 1208,3201 1265,3202 1322,3202 1379,3203 1436,3203"/>
                <TextEquiv>
                    <Unicode>Herr Reicher als geschwätziger und eitler Hohl¬</Unicode>
                </TextEquiv>
            </TextLine>
            <TextLine id="r2l58" custom="readingOrder {index:57;}">
                <Coords points="286,3221 308,3229 320,3225 336,3237 353,3229 363,3233 393,3229 396,3183 382,3179 371,3185 348,3185 340,3192 304,3184 289,3188"/>
                <Baseline points="293,3222 323,3221 354,3225 385,3228"/>
                <TextEquiv>
                    <Unicode>kopf,</Unicode>
                </TextEquiv>
            </TextLine>
            <TextLine id="r2l59" custom="readingOrder {index:58;}">
                <Coords points="477,3230 1279,3261 1438,3258 1439,3224 478,3196"/>
                <Baseline points="485,3228 532,3229 579,3230 627,3231 674,3233 721,3234 769,3235 816,3235 863,3236 911,3237 958,3238 1005,3239 1053,3240 1100,3240 1147,3241 1195,3242 1242,3243 1289,3243 1337,3244 1384,3245 1432,3246"/>
                <TextEquiv>
                    <Unicode>1 Nebenberufe Professor der Nationalökonomie,</Unicode>
                </TextEquiv>
            </TextLine>
            <TextLine id="r2l60" custom="readingOrder {index:59;}">
                <Coords points="285,3274 1445,3295 1445,3262 1378,3249 285,3237"/>
                <Baseline points="292,3267 349,3268 406,3269 463,3270 521,3271 578,3273 635,3274 692,3276 750,3277 807,3279 864,3280 921,3282 979,3283 1036,3285 1093,3286 1150,3288 1208,3289 1265,3290 1322,3291 1379,3292 1437,3292"/>
                <TextEquiv>
                    <Unicode>karikierte wohl bisweilen ein wenig, schuf aber im übrigen einen</Unicode>
                </TextEquiv>
            </TextLine>
            <TextLine id="r2l61" custom="readingOrder {index:60;}">
                <Coords points="288,3315 1260,3350 1439,3335 1440,3291 288,3276"/>
                <Baseline points="295,3309 351,3310 408,3312 465,3314 522,3315 579,3317 635,3318 692,3320 749,3321 806,3323 863,3325 919,3326 976,3327 1033,3329 1090,3330 1147,3330 1203,3331 1260,3331 1317,3332 1374,3332 1431,3332"/>
                <TextEquiv>
                    <Unicode>brillanten Typ. Die illegitime junge Witwe mit ihrem unermeß¬</Unicode>
                </TextEquiv>
            </TextLine>
            <TextLine id="r2l62" custom="readingOrder {index:61;}">
                <Coords points="278,3356 1440,3389 1408,3339 279,3312"/>
                <Baseline points="286,3351 343,3354 400,3356 458,3359 515,3360 572,3362 630,3364 687,3365 744,3367 802,3368 859,3369 916,3370 974,3371 1031,3371 1088,3372 1146,3373 1203,3374 1260,3375 1318,3376 1375,3377 1433,3378"/>
                <TextEquiv>
                    <Unicode>lichen Schmerze gab Frau Lehmann recht ansprechend; die</Unicode>
                </TextEquiv>
            </TextLine>
            <TextLine id="r2l63" custom="readingOrder {index:62;}">
                <Coords points="281,3395 666,3429 1443,3415 1307,3378 282,3357"/>
                <Baseline points="289,3396 346,3398 403,3400 460,3402 518,3404 575,3405 632,3407 690,3408 747,3409 804,3410 862,3411 919,3413 976,3414 1033,3414 1091,3415 1148,3416 1205,3417 1263,3417 1320,3418 1377,3419 1435,3420"/>
                <TextEquiv>
                    <Unicode>Dalnen v. Poellnitz und Dumont waren in ihren Leistungen</Unicode>
                </TextEquiv>
            </TextLine>
            <TextLine id="r2l64" custom="readingOrder {index:63;}">
                <Coords points="282,3448 1437,3458 1397,3428 283,3398"/>
                <Baseline points="290,3437 349,3439 409,3442 469,3443 529,3445 589,3447 649,3449 709,3450 769,3451 829,3453 889,3454 949,3455 1009,3457 1069,3458 1129,3459 1189,3460 1249,3462 1309,3463 1369,3465 1429,3466"/>
                <TextEquiv>
                    <Unicode>gediegen wie immer. Herrn Sauers Selbstsüchtling, der mit</Unicode>
                </TextEquiv>
            </TextLine>
            <TextLine id="r2l65" custom="readingOrder {index:64;}">
                <Coords points="278,3489 1395,3520 1445,3468 279,3446"/>
                <Baseline points="286,3481 343,3483 401,3485 458,3487 516,3489 573,3491 631,3493 688,3494 746,3496 803,3497 861,3499 918,3500 976,3501 1033,3502 1091,3503 1148,3504 1206,3505 1263,3506 1321,3506 1378,3507 1436,3507"/>
                <TextEquiv>
                    <Unicode>seinem frühern Elend und seiner Laufbahn protzt, war eine</Unicode>
                </TextEquiv>
            </TextLine>
            <TextLine id="r2l66" custom="readingOrder {index:65;}">
                <Coords points="283,3539 1436,3554 1382,3513 284,3492"/>
                <Baseline points="291,3527 347,3530 404,3531 461,3533 518,3534 575,3535 632,3537 688,3538 745,3539 802,3540 859,3540 916,3542 973,3542 1030,3543 1086,3544 1143,3546 1200,3547 1257,3549 1314,3550 1371,3553 1428,3555"/>
                <TextEquiv>
                    <Unicode>prächtig unsympathische Figur; der Künstler vermied klug alle</Unicode>
                </TextEquiv>
            </TextLine>
            <TextLine id="r2l67" custom="readingOrder {index:66;}">
                <Coords points="281,3576 1413,3615 1431,3556 282,3539"/>
                <Baseline points="289,3568 345,3571 402,3574 459,3576 515,3578 572,3579 629,3581 685,3582 742,3583 799,3584 856,3585 912,3586 969,3587 1026,3588 1082,3589 1139,3590 1196,3591 1252,3593 1309,3594 1366,3596 1423,3598"/>
                <TextEquiv>
                    <Unicode>Uebertreibungen, zu denen die Rolle verführte. Der Todkranke</Unicode>
                </TextEquiv>
            </TextLine>
            <TextLine id="r2l68" custom="readingOrder {index:67;}">
                <Coords points="272,3628 1218,3657 1340,3642 1341,3608 273,3571"/>
                <Baseline points="280,3614 332,3616 385,3617 437,3619 490,3620 543,3622 595,3623 648,3625 700,3626 753,3628 806,3629 858,3630 911,3632 963,3633 1016,3634 1069,3635 1121,3636 1174,3638 1226,3638 1279,3640 1332,3641"/>
                <TextEquiv>
                    <Unicode>des Herrn Rittner wirkte dagegen ungemein befremdlich.</Unicode>
                </TextEquiv>
            </TextLine>
            <TextEquiv>
                <Unicode>10. Das Vermaschinis
box 16/3
7 Der
gewordener und vernünftiggebliebener Töpfermeister aus der
Chausseestraße hielt sich von allem Possenhaften fern und lieferte
eine gut gelungene Charakterstudie. Die vornehm thuerische
Frau Wulkow wurde von Frau Schramm gespielt. In
Rollen, aus denen nicht viel zu machen war, waren Fräulein
Poppe und Fräulein von Mayburg beschäftigt.
R. N. Deutsches Theater. In Arthur Schnitzlers
dreiaktigem Schauspiel „Das Vermächtnis“ handelt es sich
um die letzte Bitte eines Sterbenden, dem seine Eltern
versprechen müssen, das Mädchen seiner Liebe und ihr Kind
in ihrem Hause aufzunehmen. Der junge Herr ist beim Spazier¬
ritte vom Pferde gestürzt und hat eine schwere Gehirnerschütterung
erlitten; dieser Umstand macht sein etwas sehr merkwürdiges
Verlangen erklärlich und läßt es sogar begreiflich
erscheinen, daß er nicht einmal Rücksicht auf sein un¬
schuldiges junges Schwesterlein nimmt. Anfangs giebt sich die
Familie erdenkliche Mühe, dem Wunsche des Toten gerecht zu
werden. Seine hinterlassene Freundin betrachtet und behandelt man
als zum Hause gehörig, und ihren Bubi verhätschelt man, wie nur
immer ein Enkelkind verwöhnt werden kann. Nur einer nicht gönnt
den Eindringlingen ihr Glück, das ist Schwesterleins Verlobter in
spe, ein erschrecklicher Intriguant und herzloser Streber. Bubi
kränkelt beständig, und als der Schluß des zweiten Aktes heran¬
naht und Großpapa thöricht genug ist, das ohnehin halbtote
Kind aus seinem Nachmittagsschlaf zu reißen, da legt es sich und
stirbt. Nun beginnt für die junge Mama eine arge
Leidenszeit. Sie fällt den Mitgliedern der Familie allmählich
lästig, und der vorhin gekennzeichnete Streber laßt alle
Minen springen, um
ie zu entfernen.
Er erreicht
sein Ziel, man kommt überein, das Fräulein nicht mit
in die Sommerfrische zu nehmen, sondern mit einer Rente
abzuspeisen — ist doch das Band, das sie an die Familie
knüpfte, ohnehin zerrissen. Aber die Dame hat Ehrgefühl, und
so geht sie denn ins Wasser. Erfreulich an der traurigen Ge¬
schichte ist zum Schluß noch, daß der abscheuliche Intriguant
von seiner Verlobten durchschaut wird und den Abschied erhält. —
Das Drama krankt unheilbar an dem seltsamen Vorwurfe.
Schnitzler will eine beißende Satire gegen die Gesellschaftslüge
und die Gefühlsschwindelei schreiben, die wohl ein heißes Auf¬
flackern kennt, ein augenblickliches Losreißen aus den Banden
der Konvention, die aber nach kurzem Aufschwunge kraftlos wieder
ins alte Gleis zurückfällt. Der Verfasser übersieht indes, daß unser
heutiges Familienleben auf heutigen Sittlichkeitsbegriffen auf¬
gebaut ist und aufgebaut sein muß, daß es zusammenbräche
ohne sie. Darum mutet seine Satire wie das berühmte Messer
ohne Klinge und Heft an. Im Zukunftsstaate mag sie wirken,
heute versteht mon ihren Sinn nicht. Wie alle Arbeiten Schnitzlers,
entbehrt auch diese der dramatischen Spannung nicht und
zeichnet sich durch die Sauberkeit der Technik aus; nur der
Expositionsakt ist viel zu breit und umständlich geraten,
viel zu sehr mit strichelnder Charakteristik ausgefüllt.
Herr Reicher als geschwätziger und eitler Hohl¬
kopf,
1 Nebenberufe Professor der Nationalökonomie,
karikierte wohl bisweilen ein wenig, schuf aber im übrigen einen
brillanten Typ. Die illegitime junge Witwe mit ihrem unermeß¬
lichen Schmerze gab Frau Lehmann recht ansprechend; die
Dalnen v. Poellnitz und Dumont waren in ihren Leistungen
gediegen wie immer. Herrn Sauers Selbstsüchtling, der mit
seinem frühern Elend und seiner Laufbahn protzt, war eine
prächtig unsympathische Figur; der Künstler vermied klug alle
Uebertreibungen, zu denen die Rolle verführte. Der Todkranke
des Herrn Rittner wirkte dagegen ungemein befremdlich.</Unicode>
            </TextEquiv>
        </TextRegion>
        <TextRegion orientation="0.0" id="r3" custom="readingOrder {index:2;}">
            <Coords points="1996,636 1996,3681 2967,3681 2967,636"/>
            <TextLine id="r3l1" custom="readingOrder {index:0;}">
                <Coords points="2036,671 2889,685 2957,665 2958,621 2037,616"/>
                <Baseline points="2044,657 2089,656 2134,656 2179,656 2225,657 2270,658 2315,659 2361,661 2406,662 2451,664 2497,666 2542,667 2587,668 2632,670 2678,671 2723,671 2768,672 2814,672 2859,671 2904,670 2950,668"/>
                <TextEquiv>
                    <Unicode>schimpfende Beziehung zu bringen. Dies veram.</Unicode>
                </TextEquiv>
            </TextLine>
            <TextLine id="r3l2" custom="readingOrder {index:1;}">
                <Coords points="2035,775 2975,800 2976,753 2930,750 2846,783 2599,744 2036,749"/>
                <Baseline points="2043,786 2089,786 2135,786 2181,787 2227,787 2274,788 2320,788 2366,789 2412,790 2458,791 2505,792 2551,793 2597,794 2643,795 2689,796 2736,797 2782,798 2828,798 2874,799 2920,799 2967,800"/>
                <TextEquiv>
                    <Unicode>komischen Witze in den Mund legten. Voll</Unicode>
                </TextEquiv>
            </TextLine>
            <TextLine id="r3l3" custom="readingOrder {index:2;}">
                <Coords points="2030,821 2967,843 2967,811 2696,793 2030,800"/>
                <Baseline points="2037,821 2083,822 2129,824 2175,825 2221,826 2267,827 2313,828 2359,829 2405,830 2451,830 2498,831 2544,831 2590,832 2636,833 2682,834 2728,834 2774,835 2820,836 2866,837 2912,838 2959,839"/>
                <TextEquiv>
                    <Unicode>liebenswürdiger, mit einer leichten Wandlung zum</Unicode>
                </TextEquiv>
            </TextLine>
            <TextLine id="r3l4" custom="readingOrder {index:3;}">
                <Coords points="2034,851 2970,893 2957,841 2035,825"/>
                <Baseline points="2041,857 2087,858 2133,859 2179,860 2225,860 2271,861 2317,862 2363,863 2409,864 2455,865 2502,866 2548,867 2594,868 2640,869 2686,869 2732,871 2778,871 2824,872 2870,873 2916,873 2963,874"/>
                <TextEquiv>
                    <Unicode>Ernste untermischter Heiterkeit war Fräulein</Unicode>
                </TextEquiv>
            </TextLine>
            <TextLine id="r3l5" custom="readingOrder {index:4;}">
                <Coords points="2035,897 2972,919 2934,880 2287,885 2036,854"/>
                <Baseline points="2042,893 2088,894 2134,896 2180,897 2226,899 2272,900 2318,901 2364,902 2410,902 2456,903 2503,903 2549,904 2595,905 2641,905 2687,905 2733,906 2779,906 2825,907 2871,907 2917,908 2964,909"/>
                <TextEquiv>
                    <Unicode>Voppe; ihr, wie Frau Schramm, Fräulein von</Unicode>
                </TextEquiv>
            </TextLine>
            <TextLine id="r3l6" custom="readingOrder {index:5;}">
                <Coords points="2028,938 2972,954 2943,915 2029,907"/>
                <Baseline points="2036,939 2082,939 2128,939 2175,939 2221,939 2268,940 2314,940 2361,941 2407,941 2454,942 2500,942 2546,943 2593,943 2639,944 2686,945 2732,946 2779,947 2825,948 2872,948 2918,949 2965,950"/>
                <TextEquiv>
                    <Unicode>Mayburg, sowie den Herren Christians und</Unicode>
                </TextEquiv>
            </TextLine>
            <TextLine id="r3l7" custom="readingOrder {index:6;}">
                <Coords points="2036,975 2973,987 2973,954 2878,949 2037,945"/>
                <Baseline points="2043,978 2089,977 2135,976 2181,976 2227,976 2273,977 2319,977 2366,978 2412,979 2458,980 2504,981 2550,983 2596,984 2642,985 2689,985 2735,986 2781,986 2827,986 2873,985 2919,984 2966,982"/>
                <TextEquiv>
                    <Unicode>Hartmann haben die Verfasser viel zu danken,</Unicode>
                </TextEquiv>
            </TextLine>
            <TextLine id="r3l8" custom="readingOrder {index:7;}">
                <Coords points="2037,1015 2053,1018 2098,1013 2105,1018 2118,1015 2130,1020 2151,1010 2170,1018 2170,989 2159,985 2140,988 2122,982 2116,987 2102,981 2075,985 2058,971 2049,979 2037,978"/>
                <Baseline points="2044,1009 2073,1010 2103,1009 2132,1010 2162,1013"/>
                <TextEquiv>
                    <Unicode>denn</Unicode>
                </TextEquiv>
            </TextLine>
            <TextLine id="r3l9" custom="readingOrder {index:8;}">
                <Coords points="2167,1032 2189,1032 2210,1019 2226,1016 2232,1020 2236,1016 2246,1016 2252,1010 2262,1010 2262,984 2243,988 2238,984 2233,988 2214,975 2211,978 2191,978 2175,992 2167,992"/>
                <Baseline points="2175,1014 2201,1012 2228,1010 2255,1016"/>
                <TextEquiv>
                    <Unicode>sie</Unicode>
                </TextEquiv>
            </TextLine>
            <TextLine id="r3l10" custom="readingOrder {index:9;}">
                <Coords points="2263,1012 2318,1022 2384,1012 2419,1029 2472,1021 2517,1034 2672,1019 2672,995 2569,985 2520,1002 2493,975 2472,991 2401,982 2359,992 2323,978 2263,987"/>
                <Baseline points="2270,1013 2296,1015 2322,1016 2348,1016 2375,1017 2401,1017 2427,1018 2453,1018 2480,1019 2506,1019 2532,1019 2558,1020 2585,1020 2611,1020 2637,1021 2664,1021"/>
                <TextEquiv>
                    <Unicode>alle trugen dazu</Unicode>
                </TextEquiv>
            </TextLine>
            <TextLine id="r3l11" custom="readingOrder {index:10;}">
                <Coords points="2670,1018 2744,1032 2768,1024 2809,1040 2835,1027 2940,1035 2972,1028 2973,990 2904,991 2872,1007 2826,979 2797,994 2759,985 2720,991 2707,982 2670,992"/>
                <Baseline points="2677,1021 2703,1021 2729,1022 2755,1023 2781,1023 2807,1023 2834,1023 2860,1023 2886,1023 2912,1023 2938,1022 2965,1021"/>
                <TextEquiv>
                    <Unicode>bei, daß der</Unicode>
                </TextEquiv>
            </TextLine>
            <TextLine id="r3l12" custom="readingOrder {index:11;}">
                <Coords points="2030,1047 2967,1063 2967,1032 2896,1024 2535,1044 2263,1004 2031,1014"/>
                <Baseline points="2038,1046 2084,1047 2130,1047 2176,1048 2222,1049 2268,1049 2314,1050 2360,1051 2406,1052 2452,1053 2499,1053 2545,1054 2591,1055 2637,1055 2683,1056 2729,1056 2775,1057 2821,1057 2867,1057 2913,1057 2960,1057"/>
                <TextEquiv>
                    <Unicode>Erfolg ein voller wurde. Die Autoren wurden</Unicode>
                </TextEquiv>
            </TextLine>
            <TextLine id="r3l13" custom="readingOrder {index:12;}">
                <Coords points="2037,1084 2895,1113 2965,1075 2037,1049"/>
                <Baseline points="2044,1087 2089,1086 2135,1086 2180,1087 2226,1087 2272,1088 2317,1088 2363,1089 2409,1090 2454,1091 2500,1092 2546,1092 2591,1093 2637,1094 2683,1094 2728,1095 2774,1095 2820,1095 2865,1094 2911,1094 2957,1092"/>
                <TextEquiv>
                    <Unicode>wiederholt gerufen; ihre vergnügten, von dem er¬</Unicode>
                </TextEquiv>
            </TextLine>
            <TextLine id="r3l14" custom="readingOrder {index:13;}">
                <Coords points="2029,1117 2967,1145 2951,1096 2029,1094"/>
                <Baseline points="2036,1122 2082,1122 2128,1122 2174,1123 2220,1123 2267,1124 2313,1126 2359,1127 2405,1128 2451,1130 2498,1131 2544,1132 2590,1133 2636,1134 2682,1135 2729,1135 2775,1135 2821,1134 2867,1133 2913,1131 2960,1129"/>
                <TextEquiv>
                    <Unicode>reichten Siege beseelten Physiognomien ließen es</Unicode>
                </TextEquiv>
            </TextLine>
            <TextLine id="r3l15" custom="readingOrder {index:14;}">
                <Coords points="2027,1150 2123,1178 2924,1186 2963,1180 2964,1147 2027,1133"/>
                <Baseline points="2034,1158 2080,1159 2126,1160 2172,1161 2218,1161 2264,1163 2310,1164 2357,1165 2403,1167 2449,1168 2495,1169 2541,1170 2587,1171 2633,1171 2680,1172 2726,1172 2772,1172 2818,1171 2864,1171 2910,1169 2957,1168"/>
                <TextEquiv>
                    <Unicode>nicht erkennen, daß sich eine kleine, übrigens durch¬</Unicode>
                </TextEquiv>
            </TextLine>
            <TextLine id="r3l16" custom="readingOrder {index:15;}">
                <Coords points="2032,1205 2961,1228 2962,1183 2909,1175 2033,1168"/>
                <Baseline points="2040,1196 2085,1198 2131,1199 2177,1200 2223,1201 2268,1202 2314,1203 2360,1204 2406,1205 2451,1206 2497,1206 2543,1207 2589,1207 2634,1207 2680,1208 2726,1208 2772,1208 2817,1208 2863,1208 2909,1208 2955,1208"/>
                <TextEquiv>
                    <Unicode>aus ungehörige Opposition im Zuschauerraum be¬</Unicode>
                </TextEquiv>
            </TextLine>
            <TextLine id="r3l17" custom="readingOrder {index:16;}">
                <Coords points="2032,1257 2091,1245 2130,1263 2152,1246 2193,1243 2222,1252 2271,1246 2291,1263 2354,1255 2354,1223 2335,1230 2279,1205 2200,1215 2130,1195 2093,1213 2033,1206"/>
                <Baseline points="2040,1234 2065,1236 2091,1237 2116,1238 2142,1238 2167,1238 2193,1239 2218,1239 2244,1239 2269,1240 2295,1241 2320,1242 2346,1244"/>
                <TextEquiv>
                    <Unicode>merkbar machte.</Unicode>
                </TextEquiv>
            </TextLine>
            <TextLine id="r3l18" custom="readingOrder {index:17;}">
                <Coords points="2804,1270 2826,1267 2851,1250 2868,1266 2884,1272 2893,1266 2927,1265 2927,1220 2907,1218 2894,1206 2882,1205 2860,1216 2838,1210 2825,1211 2815,1220 2804,1218"/>
                <Baseline points="2812,1245 2839,1245 2866,1245 2893,1245 2920,1247"/>
                <TextEquiv>
                    <Unicode>C. A.</Unicode>
                </TextEquiv>
            </TextLine>
            <TextLine id="r3l19" custom="readingOrder {index:18;}">
                <Coords points="2209,1359 2727,1373 2792,1333 2792,1303 2710,1316 2683,1295 2636,1315 2551,1291 2507,1314 2268,1283 2209,1316"/>
                <Baseline points="2216,1341 2244,1342 2272,1343 2301,1344 2329,1345 2358,1346 2386,1346 2414,1347 2443,1347 2471,1347 2500,1348 2528,1348 2556,1348 2585,1348 2613,1348 2642,1348 2670,1348 2698,1348 2727,1348 2755,1348 2784,1348"/>
                <TextEquiv>
                    <Unicode>Deutsches Theater.</Unicode>
                </TextEquiv>
            </TextLine>
            <TextLine id="r3l20" custom="readingOrder {index:19;}">
                <Coords points="2098,1392 2953,1411 2953,1374 2833,1361 2098,1365"/>
                <Baseline points="2106,1393 2148,1395 2190,1396 2232,1397 2274,1398 2316,1399 2358,1400 2400,1400 2442,1400 2484,1400 2526,1400 2568,1400 2610,1400 2652,1400 2694,1401 2736,1401 2778,1401 2820,1401 2862,1401 2904,1402 2946,1403"/>
                <TextEquiv>
                    <Unicode>Daß der lustige Wiener Arthur Schnitzler,</Unicode>
                </TextEquiv>
            </TextLine>
            <TextLine id="r3l21" custom="readingOrder {index:20;}">
                <Coords points="2032,1433 2646,1452 2767,1426 2961,1459 2933,1408 2033,1401"/>
                <Baseline points="2039,1427 2084,1429 2130,1432 2176,1433 2222,1435 2267,1437 2313,1438 2359,1439 2405,1440 2450,1440 2496,1440 2542,1441 2588,1441 2633,1441 2679,1441 2725,1442 2771,1442 2816,1442 2862,1443 2908,1443 2954,1445"/>
                <TextEquiv>
                    <Unicode>der in seinem Einakter „Abschiedssouper“ und auch</Unicode>
                </TextEquiv>
            </TextLine>
            <TextLine id="r3l22" custom="readingOrder {index:21;}">
                <Coords points="2036,1483 2948,1487 2948,1453 2859,1439 2037,1438"/>
                <Baseline points="2044,1467 2088,1468 2133,1470 2178,1471 2223,1472 2268,1474 2313,1475 2357,1476 2402,1476 2447,1477 2492,1478 2537,1479 2582,1479 2627,1480 2671,1480 2716,1481 2761,1481 2806,1481 2851,1481 2896,1481 2941,1480"/>
                <TextEquiv>
                    <Unicode>in anderen seiner früheren Arbeiten für die Bühne</Unicode>
                </TextEquiv>
            </TextLine>
            <TextLine id="r3l23" custom="readingOrder {index:22;}">
                <Coords points="2036,1501 2954,1528 2928,1482 2037,1480"/>
                <Baseline points="2043,1506 2088,1507 2133,1507 2178,1508 2223,1509 2269,1510 2314,1511 2359,1512 2404,1513 2449,1514 2495,1515 2540,1516 2585,1516 2630,1517 2675,1518 2721,1518 2766,1519 2811,1519 2856,1520 2901,1520 2947,1520"/>
                <TextEquiv>
                    <Unicode>echten Humor entwickelt hat, einen so ausgeprägten</Unicode>
                </TextEquiv>
            </TextLine>
            <TextLine id="r3l24" custom="readingOrder {index:23;}">
                <Coords points="2033,1555 2863,1551 2843,1522 2033,1514"/>
                <Baseline points="2040,1543 2080,1543 2121,1544 2162,1545 2203,1545 2243,1546 2284,1547 2325,1548 2366,1549 2406,1550 2447,1551 2488,1551 2529,1552 2569,1553 2610,1553 2651,1554 2692,1554 2732,1554 2773,1554 2814,1554 2855,1554"/>
                <TextEquiv>
                    <Unicode>Rührschmöker vom Stapel lassen würde,</Unicode>
                </TextEquiv>
            </TextLine>
            <TextLine id="r3l25" custom="readingOrder {index:24;}">
                <Coords points="2862,1553 2879,1554 2888,1563 2911,1556 2917,1561 2954,1557 2965,1553 2965,1524 2953,1528 2933,1527 2924,1518 2914,1526 2893,1523 2882,1528 2861,1528"/>
                <Baseline points="2869,1556 2898,1557 2928,1554 2958,1557"/>
                <TextEquiv>
                    <Unicode>wie</Unicode>
                </TextEquiv>
            </TextLine>
            <TextLine id="r3l26" custom="readingOrder {index:25;}">
                <Coords points="2036,1583 2071,1588 2081,1583 2093,1584 2098,1581 2109,1581 2109,1552 2101,1552 2098,1549 2091,1553 2085,1553 2082,1550 2074,1552 2072,1550 2069,1553 2060,1553 2056,1550 2053,1553 2036,1553"/>
                <Baseline points="2043,1579 2072,1578 2101,1579"/>
                <TextEquiv>
                    <Unicode>er</Unicode>
                </TextEquiv>
            </TextLine>
            <TextLine id="r3l27" custom="readingOrder {index:26;}">
                <Coords points="2143,1585 2161,1588 2185,1580 2198,1587 2213,1581 2223,1592 2246,1594 2265,1588 2277,1592 2287,1584 2330,1585 2331,1558 2314,1563 2275,1550 2269,1556 2261,1548 2243,1555 2236,1550 2193,1568 2166,1549 2144,1556"/>
                <Baseline points="2150,1579 2178,1580 2207,1580 2236,1580 2264,1581 2293,1583 2322,1587"/>
                <TextEquiv>
                    <Unicode>es mit</Unicode>
                </TextEquiv>
            </TextLine>
            <TextLine id="r3l28" custom="readingOrder {index:27;}">
                <Coords points="2328,1584 2437,1596 2498,1572 2573,1598 2739,1582 2813,1608 2956,1603 2957,1558 2328,1552"/>
                <Baseline points="2335,1584 2365,1585 2396,1586 2427,1587 2457,1588 2488,1588 2519,1589 2549,1590 2580,1591 2611,1591 2642,1592 2672,1592 2703,1593 2734,1593 2764,1593 2795,1594 2826,1594 2856,1593 2887,1593 2918,1593 2949,1592"/>
                <TextEquiv>
                    <Unicode>seinem dreiaktigen Schauspiel</Unicode>
                </TextEquiv>
            </TextLine>
            <TextLine id="r3l29" custom="readingOrder {index:28;}">
                <Coords points="2028,1633 2947,1640 2948,1602 2124,1575 2029,1598"/>
                <Baseline points="2036,1617 2081,1617 2126,1617 2171,1618 2216,1618 2262,1619 2307,1620 2352,1621 2397,1622 2442,1624 2488,1625 2533,1626 2578,1627 2623,1629 2668,1629 2714,1630 2759,1631 2804,1632 2849,1632 2894,1632 2940,1632"/>
                <TextEquiv>
                    <Unicode>„Das Vermächtniß“ gethau hat, das gestern,</Unicode>
                </TextEquiv>
            </TextLine>
            <TextLine id="r3l30" custom="readingOrder {index:29;}">
                <Coords points="2029,1653 2962,1662 2962,1637 2880,1629 2030,1631"/>
                <Baseline points="2036,1658 2081,1658 2127,1658 2173,1658 2219,1658 2265,1659 2311,1659 2357,1660 2403,1661 2449,1662 2495,1663 2540,1664 2586,1665 2632,1666 2678,1667 2724,1667 2770,1668 2816,1668 2862,1668 2908,1668 2954,1667"/>
                <TextEquiv>
                    <Unicode>Sonnabend, im Deutschen Theater zum ersten Male</Unicode>
                </TextEquiv>
            </TextLine>
            <TextLine id="r3l31" custom="readingOrder {index:30;}">
                <Coords points="2025,1700 2889,1717 2953,1711 2954,1674 2026,1657"/>
                <Baseline points="2033,1696 2078,1696 2124,1697 2169,1697 2215,1698 2261,1698 2306,1699 2352,1700 2398,1700 2443,1701 2489,1702 2535,1702 2580,1703 2626,1703 2672,1704 2717,1704 2763,1704 2809,1704 2854,1704 2900,1704 2946,1703"/>
                <TextEquiv>
                    <Unicode>aufgeführt wurde — das hätte wohl kaum jemand</Unicode>
                </TextEquiv>
            </TextLine>
            <TextLine id="r3l32" custom="readingOrder {index:31;}">
                <Coords points="2021,1732 2955,1748 2955,1714 2903,1705 2021,1699"/>
                <Baseline points="2029,1734 2074,1733 2120,1733 2166,1733 2212,1733 2258,1734 2304,1734 2350,1735 2396,1735 2442,1736 2488,1737 2533,1737 2579,1738 2625,1739 2671,1740 2717,1740 2763,1741 2809,1741 2855,1741 2901,1742 2947,1742"/>
                <TextEquiv>
                    <Unicode>voraus gesagt. Nein, war das rührend! Gleich im</Unicode>
                </TextEquiv>
            </TextLine>
            <TextLine id="r3l33" custom="readingOrder {index:32;}">
                <Coords points="2023,1760 2752,1790 2959,1787 2960,1754 2023,1735"/>
                <Baseline points="2030,1770 2076,1770 2122,1769 2168,1769 2214,1770 2260,1770 2306,1771 2352,1772 2398,1773 2444,1774 2491,1775 2537,1776 2583,1777 2629,1778 2675,1779 2721,1780 2767,1780 2813,1780 2859,1780 2905,1779 2952,1778"/>
                <TextEquiv>
                    <Unicode>ersten Akte, nachdem man einigermaßen mit den</Unicode>
                </TextEquiv>
            </TextLine>
            <TextLine id="r3l34" custom="readingOrder {index:33;}">
                <Coords points="2030,1803 2952,1822 2952,1786 2878,1778 2030,1780"/>
                <Baseline points="2037,1811 2082,1809 2127,1808 2173,1808 2218,1808 2263,1808 2309,1808 2354,1809 2399,1810 2445,1811 2490,1812 2535,1813 2581,1815 2626,1815 2671,1816 2717,1817 2762,1817 2807,1816 2853,1816 2898,1815 2944,1813"/>
                <TextEquiv>
                    <Unicode>Verhältnissen in der Familie des Professort</Unicode>
                </TextEquiv>
            </TextLine>
            <TextLine id="r3l35" custom="readingOrder {index:34;}">
                <Coords points="2026,1848 2952,1864 2941,1819 2026,1823"/>
                <Baseline points="2033,1848 2078,1847 2124,1846 2169,1845 2215,1845 2261,1845 2306,1845 2352,1846 2397,1847 2443,1848 2489,1849 2534,1850 2580,1851 2625,1852 2671,1853 2717,1854 2762,1854 2808,1854 2853,1854 2899,1853 2945,1852"/>
                <TextEquiv>
                    <Unicode>Losatti bekannt geworden ist, fängt die Rührseligkeit</Unicode>
                </TextEquiv>
            </TextLine>
            <TextLine id="r3l36" custom="readingOrder {index:35;}">
                <Coords points="2020,1891 2932,1902 2950,1865 2020,1859"/>
                <Baseline points="2027,1882 2072,1882 2118,1882 2164,1882 2210,1882 2255,1883 2301,1883 2347,1884 2393,1885 2438,1886 2484,1887 2530,1888 2576,1889 2621,1890 2667,1891 2713,1891 2759,1892 2804,1892 2850,1892 2896,1892 2942,1891"/>
                <TextEquiv>
                    <Unicode>an; der älteste Sohn des Professors wird zum Tode</Unicode>
                </TextEquiv>
            </TextLine>
            <TextLine id="r3l37" custom="readingOrder {index:36;}">
                <Coords points="2019,1908 2941,1939 2953,1900 2019,1893"/>
                <Baseline points="2026,1920 2074,1920 2122,1921 2171,1921 2219,1921 2267,1922 2316,1922 2364,1923 2412,1923 2461,1924 2509,1925 2558,1925 2606,1926 2654,1927 2703,1927 2751,1927 2799,1928 2848,1928 2896,1928 2945,1928"/>
                <TextEquiv>
                    <Unicode>verwundet in das Zimmer getragen; er ist vom</Unicode>
                </TextEquiv>
            </TextLine>
            <TextLine id="r3l38" custom="readingOrder {index:37;}">
                <Coords points="2016,1963 2957,1978 2957,1938 2859,1922 2359,1943 2016,1913"/>
                <Baseline points="2023,1958 2069,1958 2115,1957 2162,1958 2208,1958 2254,1958 2301,1959 2347,1960 2393,1960 2440,1961 2486,1962 2532,1963 2579,1964 2625,1965 2671,1966 2718,1966 2764,1967 2810,1967 2857,1968 2903,1968 2950,1967"/>
                <TextEquiv>
                    <Unicode>Pferde gefallen. Mit matter Stimme erzählt er,</Unicode>
                </TextEquiv>
            </TextLine>
            <TextLine id="r3l39" custom="readingOrder {index:38;}">
                <Coords points="2023,1984 2837,2023 2951,2003 2916,1969 2024,1961"/>
                <Baseline points="2031,1997 2076,1996 2122,1995 2167,1995 2213,1994 2259,1995 2304,1995 2350,1996 2396,1996 2441,1997 2487,1998 2533,1999 2578,2000 2624,2001 2670,2002 2715,2003 2761,2004 2807,2004 2852,2005 2898,2005 2944,2005"/>
                <TextEquiv>
                    <Unicode>daß er eine Geliebte hat und sehnlichst wünscht, sie</Unicode>
                </TextEquiv>
            </TextLine>
            <TextLine id="r3l40" custom="readingOrder {index:39;}">
                <Coords points="2027,2044 2948,2044 2948,2013 2889,2004 2028,2006"/>
                <Baseline points="2035,2033 2080,2032 2125,2032 2170,2032 2216,2032 2261,2033 2306,2033 2352,2034 2397,2034 2442,2035 2488,2036 2533,2037 2578,2038 2623,2038 2669,2039 2714,2040 2759,2040 2805,2041 2850,2041 2895,2041 2941,2041"/>
                <TextEquiv>
                    <Unicode>und ihr Kind noch vor seinem Tode zu sehen. Das</Unicode>
                </TextEquiv>
            </TextLine>
            <TextLine id="r3l41" custom="readingOrder {index:40;}">
                <Coords points="2017,2059 2433,2089 2830,2091 2871,2065 2935,2090 2949,2043 2017,2044"/>
                <Baseline points="2023,2071 2068,2070 2114,2070 2160,2070 2206,2070 2252,2071 2298,2072 2344,2073 2390,2074 2436,2075 2482,2076 2527,2077 2573,2078 2619,2079 2665,2080 2711,2081 2757,2081 2803,2082 2849,2082 2895,2081 2941,2081"/>
                <TextEquiv>
                    <Unicode>Mädchen und ihr Knabe werden geholt, und der</Unicode>
                </TextEquiv>
            </TextLine>
            <TextLine id="r3l42" custom="readingOrder {index:41;}">
                <Coords points="2027,2104 2950,2122 2950,2084 2785,2074 2027,2076"/>
                <Baseline points="2034,2105 2079,2106 2124,2107 2170,2108 2215,2108 2261,2109 2306,2110 2351,2111 2397,2111 2442,2112 2488,2113 2533,2113 2578,2114 2624,2114 2669,2114 2715,2115 2760,2115 2805,2115 2851,2115 2896,2115 2942,2114"/>
                <TextEquiv>
                    <Unicode>Sterbende hat grade noch so viel Kraft, beide</Unicode>
                </TextEquiv>
            </TextLine>
            <TextLine id="r3l43" custom="readingOrder {index:42;}">
                <Coords points="2013,2141 2953,2169 2953,2123 2921,2117 2014,2114"/>
                <Baseline points="2021,2144 2067,2144 2113,2144 2159,2145 2206,2145 2252,2145 2298,2146 2344,2147 2391,2147 2437,2148 2483,2148 2529,2149 2576,2150 2622,2150 2668,2151 2714,2151 2761,2152 2807,2153 2853,2153 2899,2153 2946,2154"/>
                <TextEquiv>
                    <Unicode>seinen Eltern als sein letztes Vermächtniß</Unicode>
                </TextEquiv>
            </TextLine>
            <TextLine id="r3l44" custom="readingOrder {index:43;}">
                <Coords points="2014,2175 2953,2200 2953,2166 2897,2155 2014,2156"/>
                <Baseline points="2021,2180 2067,2180 2113,2180 2159,2181 2205,2181 2252,2182 2298,2183 2344,2183 2390,2184 2436,2185 2483,2186 2529,2187 2575,2187 2621,2188 2667,2189 2714,2190 2760,2191 2806,2192 2852,2193 2898,2194 2945,2194"/>
                <TextEquiv>
                    <Unicode>anzuempfehlen. Die Sterbescene dauert ungefähr</Unicode>
                </TextEquiv>
            </TextLine>
            <TextLine id="r3l45" custom="readingOrder {index:44;}">
                <Coords points="2019,2210 2834,2244 2951,2234 2952,2204 2020,2176"/>
                <Baseline points="2026,2215 2071,2216 2117,2216 2163,2217 2209,2219 2255,2220 2301,2221 2346,2221 2392,2223 2438,2224 2484,2225 2530,2226 2576,2227 2622,2228 2667,2229 2713,2229 2759,2230 2805,2231 2851,2231 2897,2232 2943,2232"/>
                <TextEquiv>
                    <Unicode>30 Minuten und wirkt wahrhaft guskend. Im</Unicode>
                </TextEquiv>
            </TextLine>
            <TextLine id="r3l46" custom="readingOrder {index:45;}">
                <Coords points="2015,2256 2876,2283 2957,2280 2958,2245 2015,2233"/>
                <Baseline points="2022,2258 2068,2257 2114,2257 2161,2257 2207,2257 2254,2257 2300,2258 2346,2259 2393,2259 2439,2260 2486,2261 2532,2262 2578,2263 2625,2264 2671,2265 2718,2266 2764,2266 2810,2266 2857,2266 2903,2266 2950,2265"/>
                <TextEquiv>
                    <Unicode>zweiten Akte findet man die hinterlassene arme</Unicode>
                </TextEquiv>
            </TextLine>
            <TextLine id="r3l47" custom="readingOrder {index:46;}">
                <Coords points="2023,2300 2938,2316 2958,2280 2024,2261"/>
                <Baseline points="2031,2292 2079,2291 2127,2291 2176,2291 2224,2291 2272,2292 2321,2293 2369,2293 2417,2295 2466,2296 2514,2298 2563,2299 2611,2301 2659,2302 2708,2303 2756,2304 2804,2305 2853,2306 2901,2306 2950,2306"/>
                <TextEquiv>
                    <Unicode>Geliebt; des Verstorbenen im Hause der Eltern als</Unicode>
                </TextEquiv>
            </TextLine>
            <TextLine id="r3l48" custom="readingOrder {index:47;}">
                <Coords points="2011,2326 2957,2343 2957,2308 2875,2304 2012,2297"/>
                <Baseline points="2018,2330 2064,2330 2111,2330 2157,2330 2204,2330 2251,2331 2297,2332 2344,2333 2390,2334 2437,2335 2484,2336 2530,2337 2577,2338 2623,2339 2670,2340 2717,2340 2763,2341 2810,2341 2856,2341 2903,2341 2950,2340"/>
                <TextEquiv>
                    <Unicode>Gast wieder. Am Ende des zweiten Aktes stirbt</Unicode>
                </TextEquiv>
            </TextLine>
            <TextLine id="r3l49" custom="readingOrder {index:48;}">
                <Coords points="2018,2359 2956,2389 2923,2346 2831,2338 2019,2340"/>
                <Baseline points="2026,2367 2072,2367 2118,2367 2164,2367 2210,2367 2256,2368 2302,2369 2349,2369 2395,2371 2441,2371 2487,2373 2533,2374 2579,2375 2625,2376 2672,2377 2718,2378 2764,2379 2810,2379 2856,2380 2902,2380 2949,2380"/>
                <TextEquiv>
                    <Unicode>auch das Kind, das schon vorber sehr blaß und</Unicode>
                </TextEquiv>
            </TextLine>
            <TextLine id="r3l50" custom="readingOrder {index:49;}">
                <Coords points="2019,2397 2185,2424 2948,2415 2948,2389 2857,2375 2019,2364"/>
                <Baseline points="2026,2404 2071,2404 2117,2404 2163,2405 2208,2406 2254,2406 2300,2407 2345,2408 2391,2409 2437,2410 2483,2411 2528,2412 2574,2413 2620,2414 2665,2414 2711,2415 2757,2416 2802,2416 2848,2416 2894,2416 2940,2415"/>
                <TextEquiv>
                    <Unicode>#ervös auf der Bühne umher gelaufen war. In der</Unicode>
                </TextEquiv>
            </TextLine>
            <TextLine id="r3l51" custom="readingOrder {index:50;}">
                <Coords points="2022,2450 2864,2468 2944,2456 2945,2418 2023,2413"/>
                <Baseline points="2030,2444 2075,2444 2120,2443 2166,2443 2211,2444 2256,2444 2302,2444 2347,2445 2392,2446 2438,2446 2483,2447 2528,2448 2574,2449 2619,2449 2664,2450 2710,2451 2755,2452 2800,2452 2846,2453 2891,2453 2937,2454"/>
                <TextEquiv>
                    <Unicode>Familie des alten Professors sieht man nun nicht</Unicode>
                </TextEquiv>
            </TextLine>
            <TextLine id="r3l52" custom="readingOrder {index:51;}">
                <Coords points="2009,2476 2026,2479 2033,2487 2048,2484 2052,2488 2058,2482 2068,2487 2074,2482 2098,2487 2109,2481 2123,2488 2143,2472 2153,2472 2153,2453 2139,2455 2108,2444 2102,2450 2090,2446 2057,2453 2031,2449 2009,2453"/>
                <Baseline points="2016,2477 2042,2478 2068,2477 2094,2477 2120,2477 2146,2479"/>
                <TextEquiv>
                    <Unicode>mehr</Unicode>
                </TextEquiv>
            </TextLine>
            <TextLine id="r3l53" custom="readingOrder {index:52;}">
                <Coords points="2194,2486 2377,2472 2439,2498 2916,2501 2941,2493 2942,2455 2639,2470 2195,2448"/>
                <Baseline points="2202,2474 2238,2476 2275,2478 2311,2480 2348,2481 2385,2482 2421,2483 2458,2484 2494,2485 2531,2486 2568,2487 2604,2487 2641,2488 2677,2488 2714,2489 2751,2489 2787,2490 2824,2490 2860,2490 2897,2491 2934,2491"/>
                <TextEquiv>
                    <Unicode>#. welche Verpflichtung man gegen das</Unicode>
                </TextEquiv>
            </TextLine>
            <TextLine id="r3l54" custom="readingOrder {index:53;}">
                <Coords points="2013,2515 2948,2526 2948,2500 2894,2493 2013,2490"/>
                <Baseline points="2020,2516 2066,2516 2112,2516 2158,2516 2204,2517 2250,2518 2296,2519 2342,2520 2388,2521 2434,2522 2480,2523 2526,2524 2572,2525 2618,2526 2664,2527 2710,2528 2756,2529 2802,2529 2848,2529 2894,2529 2940,2528"/>
                <TextEquiv>
                    <Unicode>###e einseme Mädchen haben soll; es wird ihr, wie</Unicode>
                </TextEquiv>
            </TextLine>
            <TextLine id="r3l55" custom="readingOrder {index:54;}">
                <Coords points="2019,2552 2031,2552 2055,2570 2069,2556 2073,2559 2082,2556 2093,2565 2104,2559 2119,2559 2117,2528 2109,2528 2098,2520 2084,2523 2076,2516 2068,2524 2062,2518 2054,2520 2051,2517 2044,2522 2038,2516 2018,2516"/>
                <Baseline points="2027,2555 2055,2552 2083,2552 2111,2551"/>
                <TextEquiv>
                    <Unicode>wan</Unicode>
                </TextEquiv>
            </TextLine>
            <TextLine id="r3l56" custom="readingOrder {index:55;}">
                <Coords points="2117,2555 2944,2575 2944,2540 2901,2529 2118,2521"/>
                <Baseline points="2125,2555 2165,2556 2206,2557 2246,2558 2287,2559 2328,2560 2368,2560 2409,2561 2449,2561 2490,2562 2531,2562 2571,2563 2612,2563 2652,2564 2693,2564 2734,2565 2774,2565 2815,2566 2855,2566 2896,2567 2937,2567"/>
                <TextEquiv>
                    <Unicode>so zu sagen pflegt, der Stuhl vor die Thür</Unicode>
                </TextEquiv>
            </TextLine>
            <TextLine id="r3l57" custom="readingOrder {index:56;}">
                <Coords points="2015,2589 2943,2616 2943,2575 2873,2567 2015,2568"/>
                <Baseline points="2023,2594 2068,2594 2114,2594 2159,2594 2205,2594 2251,2595 2296,2595 2342,2596 2388,2597 2433,2597 2479,2598 2525,2599 2570,2600 2616,2601 2662,2601 2707,2602 2753,2603 2799,2603 2844,2603 2890,2603 2936,2603"/>
                <TextEquiv>
                    <Unicode>gesetzt, wozu ein Hausfreund, ein junger Arzt,</Unicode>
                </TextEquiv>
            </TextLine>
            <TextLine id="r3l58" custom="readingOrder {index:57;}">
                <Coords points="2007,2629 2941,2650 2941,2619 2842,2600 2008,2606"/>
                <Baseline points="2014,2632 2060,2631 2106,2629 2152,2629 2198,2629 2244,2629 2290,2630 2336,2631 2382,2632 2428,2633 2474,2635 2520,2636 2566,2637 2612,2638 2658,2639 2704,2639 2750,2640 2796,2639 2842,2638 2888,2636 2934,2634"/>
                <TextEquiv>
                    <Unicode>mit Lieferung von flachen Gründen und Beschöni¬</Unicode>
                </TextEquiv>
            </TextLine>
            <TextLine id="r3l59" custom="readingOrder {index:58;}">
                <Coords points="2003,2679 2927,2696 2939,2648 2004,2651"/>
                <Baseline points="2011,2672 2057,2671 2103,2670 2149,2670 2195,2670 2241,2670 2287,2671 2333,2671 2379,2672 2425,2673 2471,2674 2517,2674 2563,2675 2609,2676 2655,2677 2701,2677 2747,2678 2793,2678 2839,2678 2885,2678 2931,2677"/>
                <TextEquiv>
                    <Unicode>gungen sehr wirksam mithilft. Die Verlassene läuft</Unicode>
                </TextEquiv>
            </TextLine>
            <TextLine id="r3l60" custom="readingOrder {index:59;}">
                <Coords points="2014,2704 2861,2735 2944,2721 2945,2695 2014,2668"/>
                <Baseline points="2021,2706 2066,2705 2112,2705 2158,2705 2204,2705 2250,2705 2295,2706 2341,2707 2387,2708 2433,2709 2479,2710 2524,2711 2570,2712 2616,2713 2662,2714 2708,2715 2753,2715 2799,2715 2845,2714 2891,2713 2937,2712"/>
                <TextEquiv>
                    <Unicode>davon; ein zurückgelassenes Schreiben läßt ver¬</Unicode>
                </TextEquiv>
            </TextLine>
            <TextLine id="r3l61" custom="readingOrder {index:60;}">
                <Coords points="2010,2754 2311,2742 2373,2767 2459,2742 2674,2771 2838,2761 2870,2733 2011,2708"/>
                <Baseline points="2018,2742 2060,2741 2102,2741 2144,2741 2186,2741 2229,2742 2271,2743 2313,2743 2355,2745 2397,2746 2440,2747 2482,2748 2524,2750 2566,2750 2608,2752 2651,2752 2693,2753 2735,2753 2777,2752 2819,2752 2862,2751"/>
                <TextEquiv>
                    <Unicode>muthen, daß sie sich das Leben genommen hat.</Unicode>
                </TextEquiv>
            </TextLine>
            <TextLine id="r3l62" custom="readingOrder {index:61;}">
                <Coords points="2100,2783 2943,2802 2943,2761 2908,2756 2100,2747"/>
                <Baseline points="2107,2777 2148,2777 2189,2778 2231,2779 2272,2780 2314,2781 2355,2782 2396,2783 2438,2784 2479,2786 2521,2787 2562,2788 2603,2789 2645,2790 2686,2791 2728,2791 2769,2792 2810,2792 2852,2792 2893,2792 2935,2792"/>
                <TextEquiv>
                    <Unicode>Während der beiden letzten Akte tragen</Unicode>
                </TextEquiv>
            </TextLine>
            <TextLine id="r3l63" custom="readingOrder {index:62;}">
                <Coords points="2004,2824 2938,2830 2938,2806 2809,2787 2490,2805 2389,2782 2338,2806 2005,2781"/>
                <Baseline points="2012,2814 2060,2815 2108,2816 2157,2817 2205,2818 2253,2819 2302,2820 2350,2821 2398,2821 2447,2822 2495,2823 2544,2824 2592,2826 2640,2827 2689,2828 2737,2829 2785,2830 2834,2831 2882,2833 2931,2834"/>
                <TextEquiv>
                    <Unicode>sämmtliche im Stücke auftretenden Damen</Unicode>
                </TextEquiv>
            </TextLine>
            <TextLine id="r3l64" custom="readingOrder {index:63;}">
                <Coords points="2003,2851 2888,2880 2943,2875 2944,2828 2003,2827"/>
                <Baseline points="2010,2853 2056,2853 2102,2852 2148,2853 2195,2853 2241,2854 2287,2855 2334,2856 2380,2858 2426,2859 2473,2860 2519,2862 2565,2864 2611,2865 2658,2866 2704,2867 2750,2868 2797,2868 2843,2868 2889,2867 2936,2866"/>
                <TextEquiv>
                    <Unicode>Trauerkleider, und jede einzelne Person be¬</Unicode>
                </TextEquiv>
            </TextLine>
            <TextLine id="r3l65" custom="readingOrder {index:64;}">
                <Coords points="2014,2892 2946,2921 2918,2870 2015,2857"/>
                <Baseline points="2021,2889 2066,2889 2112,2889 2158,2890 2204,2891 2250,2892 2296,2893 2342,2894 2388,2896 2434,2897 2480,2899 2525,2900 2571,2901 2617,2902 2663,2904 2709,2905 2755,2906 2801,2907 2847,2907 2893,2908 2939,2908"/>
                <TextEquiv>
                    <Unicode>tont immer und immer wieder, was das</Unicode>
                </TextEquiv>
            </TextLine>
            <TextLine id="r3l66" custom="readingOrder {index:65;}">
                <Coords points="2008,2937 2924,2955 2942,2909 2008,2899"/>
                <Baseline points="2015,2926 2061,2928 2107,2928 2153,2930 2199,2930 2245,2931 2291,2932 2337,2933 2383,2934 2429,2934 2475,2935 2521,2936 2567,2937 2613,2937 2659,2938 2705,2939 2751,2939 2797,2940 2843,2941 2889,2942 2935,2943"/>
                <TextEquiv>
                    <Unicode>Ganze doch für eine überaus traurige und be¬</Unicode>
                </TextEquiv>
            </TextLine>
            <TextLine id="r3l67" custom="readingOrder {index:66;}">
                <Coords points="1999,2975 2798,2991 2933,2982 2934,2953 2144,2923 2000,2944"/>
                <Baseline points="2007,2964 2055,2964 2103,2965 2152,2966 2200,2966 2248,2967 2297,2969 2345,2970 2393,2971 2442,2972 2490,2973 2539,2974 2587,2976 2635,2976 2684,2977 2732,2978 2780,2978 2829,2979 2877,2979 2926,2978"/>
                <TextEquiv>
                    <Unicode>dauernswerthe Geschichte ist. Worin die ungewöhn¬</Unicode>
                </TextEquiv>
            </TextLine>
            <TextLine id="r3l68" custom="readingOrder {index:67;}">
                <Coords points="1995,3003 2942,3023 2916,2984 1996,2976"/>
                <Baseline points="2002,2999 2048,3000 2095,3001 2141,3003 2188,3004 2235,3006 2281,3007 2328,3008 2374,3009 2421,3010 2468,3011 2514,3012 2561,3012 2607,3013 2654,3014 2701,3015 2747,3015 2794,3016 2840,3016 2887,3016 2934,3017"/>
                <TextEquiv>
                    <Unicode>liche Begabung Schnitzlers liegt, das kam natürlich</Unicode>
                </TextEquiv>
            </TextLine>
            <TextLine id="r3l69" custom="readingOrder {index:68;}">
                <Coords points="1997,3039 2934,3068 2934,3027 2769,3013 1998,3004"/>
                <Baseline points="2004,3039 2050,3040 2096,3040 2142,3041 2188,3041 2234,3042 2280,3043 2326,3044 2372,3045 2418,3046 2465,3047 2511,3048 2557,3049 2603,3050 2649,3051 2695,3052 2741,3053 2787,3054 2833,3054 2879,3055 2926,3055"/>
                <TextEquiv>
                    <Unicode>auch in diesem neuen Schauspiele zur Erscheinung: er</Unicode>
                </TextEquiv>
            </TextLine>
            <TextLine id="r3l70" custom="readingOrder {index:69;}">
                <Coords points="2005,3076 2929,3106 2930,3074 2005,3043"/>
                <Baseline points="2012,3075 2057,3076 2103,3077 2148,3079 2194,3080 2239,3081 2285,3082 2330,3083 2376,3084 2421,3085 2467,3086 2512,3086 2558,3087 2603,3088 2649,3089 2694,3089 2740,3090 2785,3090 2831,3091 2876,3091 2922,3091"/>
                <TextEquiv>
                    <Unicode>versteht, den Dialog so meisterhaft zu behandeln,</Unicode>
                </TextEquiv>
            </TextLine>
            <TextLine id="r3l71" custom="readingOrder {index:70;}">
                <Coords points="2008,3104 2929,3147 2930,3106 2860,3094 2008,3080"/>
                <Baseline points="2014,3110 2059,3112 2104,3113 2150,3115 2195,3116 2241,3117 2286,3119 2331,3119 2377,3121 2422,3122 2468,3123 2513,3124 2558,3124 2604,3125 2649,3126 2695,3127 2740,3127 2785,3128 2831,3129 2876,3130 2922,3130"/>
                <TextEquiv>
                    <Unicode>die Redeweise seiner Figuren nähert sich so sehr dem</Unicode>
                </TextEquiv>
            </TextLine>
            <TextLine id="r3l72" custom="readingOrder {index:71;}">
                <Coords points="2004,3142 2925,3178 2888,3130 2005,3118"/>
                <Baseline points="2011,3146 2056,3148 2101,3150 2147,3151 2192,3153 2237,3154 2283,3156 2328,3157 2373,3158 2419,3159 2464,3160 2509,3161 2555,3162 2600,3163 2645,3164 2691,3165 2736,3166 2781,3166 2827,3167 2872,3168 2918,3169"/>
                <TextEquiv>
                    <Unicode>Gespräche, wie es im gewöhnlichen Leben Sitte ist,</Unicode>
                </TextEquiv>
            </TextLine>
            <TextLine id="r3l73" custom="readingOrder {index:72;}">
                <Coords points="2003,3185 2816,3216 2929,3210 2930,3177 2004,3150"/>
                <Baseline points="2010,3185 2055,3186 2101,3186 2146,3187 2192,3189 2238,3190 2283,3191 2329,3193 2374,3194 2420,3195 2466,3196 2511,3198 2557,3199 2602,3200 2648,3201 2694,3201 2739,3202 2785,3202 2830,3202 2876,3202 2922,3202"/>
                <TextEquiv>
                    <Unicode>daß man glauben kann, man sitze mitten unter den</Unicode>
                </TextEquiv>
            </TextLine>
            <TextLine id="r3l74" custom="readingOrder {index:73;}">
                <Coords points="1990,3215 2915,3252 2894,3206 1991,3205"/>
                <Baseline points="1998,3217 2043,3219 2089,3220 2134,3222 2180,3224 2225,3225 2271,3227 2316,3228 2362,3230 2407,3231 2453,3233 2498,3234 2544,3235 2589,3236 2635,3237 2680,3238 2726,3239 2771,3240 2817,3240 2862,3241 2908,3241"/>
                <TextEquiv>
                    <Unicode>Gestalten und könne mit ihnen reden. Das ist</Unicode>
                </TextEquiv>
            </TextLine>
            <TextLine id="r3l75" custom="readingOrder {index:74;}">
                <Coords points="1989,3245 2036,3271 2932,3286 2932,3260 2858,3239 1989,3228"/>
                <Baseline points="1996,3254 2042,3256 2088,3258 2135,3260 2181,3261 2228,3263 2274,3264 2321,3265 2367,3266 2414,3267 2460,3268 2506,3269 2553,3271 2599,3271 2646,3272 2692,3274 2739,3275 2785,3276 2832,3277 2878,3278 2925,3280"/>
                <TextEquiv>
                    <Unicode>allerdings interessant, kann jedoch über die Schwächen</Unicode>
                </TextEquiv>
            </TextLine>
            <TextLine id="r3l76" custom="readingOrder {index:75;}">
                <Coords points="1991,3305 2801,3332 2921,3326 2922,3285 1991,3271"/>
                <Baseline points="1998,3289 2043,3292 2089,3295 2135,3298 2181,3300 2227,3303 2272,3305 2318,3307 2364,3308 2410,3309 2456,3311 2501,3312 2547,3312 2593,3313 2639,3314 2685,3315 2730,3315 2776,3316 2822,3316 2868,3317 2914,3317"/>
                <TextEquiv>
                    <Unicode>des Stückes nicht hinweg täuschen, wie dies auch</Unicode>
                </TextEquiv>
            </TextLine>
            <TextLine id="r3l77" custom="readingOrder {index:76;}">
                <Coords points="1999,3340 2924,3368 2924,3332 2827,3315 2777,3336 2748,3313 2000,3305"/>
                <Baseline points="2006,3331 2051,3334 2097,3337 2142,3339 2188,3341 2233,3343 2279,3344 2324,3345 2370,3347 2415,3348 2461,3349 2507,3350 2552,3351 2598,3352 2643,3352 2689,3353 2734,3353 2780,3354 2825,3354 2871,3355 2917,3356"/>
                <TextEquiv>
                    <Unicode>die vorzügliche Aufführung nicht vermochte. A. St.</Unicode>
                </TextEquiv>
            </TextLine>
            <TextLine id="r3l78" custom="readingOrder {index:77;}">
                <Coords points="2195,3689 2222,3690 2237,3678 2257,3691 2269,3680 2311,3672 2327,3680 2382,3655 2397,3661 2414,3654 2407,3568 2326,3585 2295,3578 2265,3593 2252,3589 2217,3617 2190,3616"/>
                <Baseline points="2201,3671 2226,3670 2252,3669 2278,3668 2304,3666 2329,3664 2355,3661 2381,3658 2407,3654"/>
                <TextEquiv>
                    <Unicode></Unicode>
                </TextEquiv>
            </TextLine>
            <TextEquiv>
                <Unicode>schimpfende Beziehung zu bringen. Dies veram.
komischen Witze in den Mund legten. Voll
liebenswürdiger, mit einer leichten Wandlung zum
Ernste untermischter Heiterkeit war Fräulein
Voppe; ihr, wie Frau Schramm, Fräulein von
Mayburg, sowie den Herren Christians und
Hartmann haben die Verfasser viel zu danken,
denn
sie
alle trugen dazu
bei, daß der
Erfolg ein voller wurde. Die Autoren wurden
wiederholt gerufen; ihre vergnügten, von dem er¬
reichten Siege beseelten Physiognomien ließen es
nicht erkennen, daß sich eine kleine, übrigens durch¬
aus ungehörige Opposition im Zuschauerraum be¬
merkbar machte.
C. A.
Deutsches Theater.
Daß der lustige Wiener Arthur Schnitzler,
der in seinem Einakter „Abschiedssouper“ und auch
in anderen seiner früheren Arbeiten für die Bühne
echten Humor entwickelt hat, einen so ausgeprägten
Rührschmöker vom Stapel lassen würde,
wie
er
es mit
seinem dreiaktigen Schauspiel
„Das Vermächtniß“ gethau hat, das gestern,
Sonnabend, im Deutschen Theater zum ersten Male
aufgeführt wurde — das hätte wohl kaum jemand
voraus gesagt. Nein, war das rührend! Gleich im
ersten Akte, nachdem man einigermaßen mit den
Verhältnissen in der Familie des Professort
Losatti bekannt geworden ist, fängt die Rührseligkeit
an; der älteste Sohn des Professors wird zum Tode
verwundet in das Zimmer getragen; er ist vom
Pferde gefallen. Mit matter Stimme erzählt er,
daß er eine Geliebte hat und sehnlichst wünscht, sie
und ihr Kind noch vor seinem Tode zu sehen. Das
Mädchen und ihr Knabe werden geholt, und der
Sterbende hat grade noch so viel Kraft, beide
seinen Eltern als sein letztes Vermächtniß
anzuempfehlen. Die Sterbescene dauert ungefähr
30 Minuten und wirkt wahrhaft guskend. Im
zweiten Akte findet man die hinterlassene arme
Geliebt; des Verstorbenen im Hause der Eltern als
Gast wieder. Am Ende des zweiten Aktes stirbt
auch das Kind, das schon vorber sehr blaß und
#ervös auf der Bühne umher gelaufen war. In der
Familie des alten Professors sieht man nun nicht
mehr
#. welche Verpflichtung man gegen das
###e einseme Mädchen haben soll; es wird ihr, wie
wan
so zu sagen pflegt, der Stuhl vor die Thür
gesetzt, wozu ein Hausfreund, ein junger Arzt,
mit Lieferung von flachen Gründen und Beschöni¬
gungen sehr wirksam mithilft. Die Verlassene läuft
davon; ein zurückgelassenes Schreiben läßt ver¬
muthen, daß sie sich das Leben genommen hat.
Während der beiden letzten Akte tragen
sämmtliche im Stücke auftretenden Damen
Trauerkleider, und jede einzelne Person be¬
tont immer und immer wieder, was das
Ganze doch für eine überaus traurige und be¬
dauernswerthe Geschichte ist. Worin die ungewöhn¬
liche Begabung Schnitzlers liegt, das kam natürlich
auch in diesem neuen Schauspiele zur Erscheinung: er
versteht, den Dialog so meisterhaft zu behandeln,
die Redeweise seiner Figuren nähert sich so sehr dem
Gespräche, wie es im gewöhnlichen Leben Sitte ist,
daß man glauben kann, man sitze mitten unter den
Gestalten und könne mit ihnen reden. Das ist
allerdings interessant, kann jedoch über die Schwächen
des Stückes nicht hinweg täuschen, wie dies auch
die vorzügliche Aufführung nicht vermochte. A. St.
</Unicode>
            </TextEquiv>
        </TextRegion>
        <TextRegion orientation="0.0" id="r4" custom="readingOrder {index:3;}">
            <Coords points="2944,889 2944,3444 3176,3444 3176,889"/>
            <TextLine id="r4l1" custom="readingOrder {index:0;}">
                <Coords points="2977,912 2996,910 3005,917 3014,914 3027,920 3046,922 3054,913 3062,913 3059,864 3043,862 3027,869 3014,868 3002,873 2994,883 2975,884"/>
                <Baseline points="2985,915 3020,909 3055,911"/>
                <TextEquiv>
                    <Unicode>W</Unicode>
                </TextEquiv>
            </TextLine>
            <TextLine id="r4l2" custom="readingOrder {index:1;}">
                <Coords points="2987,957 2994,957 3003,964 3020,957 3032,960 3050,948 3061,948 3061,916 3053,916 3044,922 3039,919 3031,921 3025,915 3013,913 2997,924 2987,925"/>
                <Baseline points="2994,949 3024,950 3054,949"/>
                <TextEquiv>
                    <Unicode>Hi</Unicode>
                </TextEquiv>
            </TextLine>
            <TextLine id="r4l3" custom="readingOrder {index:2;}">
                <Coords points="2976,983 2986,987 2993,984 3003,991 3017,986 3019,989 3028,990 3047,980 3064,983 3067,965 3054,963 3040,967 3029,952 3022,957 3021,955 2999,963 2988,951 2980,950"/>
                <Baseline points="2984,975 3020,974 3056,985"/>
                <TextEquiv>
                    <Unicode>er</Unicode>
                </TextEquiv>
            </TextLine>
            <TextLine id="r4l4" custom="readingOrder {index:3;}">
                <Coords points="2982,1024 3032,1027 3041,1036 3057,1024 3060,1027 3069,1027 3069,1002 3050,1004 3029,991 3017,988 3004,991 2998,988 2982,989"/>
                <Baseline points="2990,1023 3026,1021 3062,1023"/>
                <TextEquiv>
                    <Unicode>An</Unicode>
                </TextEquiv>
            </TextLine>
            <TextLine id="r4l5" custom="readingOrder {index:4;}">
                <Coords points="2982,1075 2991,1075 3004,1082 3017,1080 3028,1071 3053,1089 3073,1084 3076,1029 3065,1031 3057,1025 3039,1036 3026,1026 2985,1025"/>
                <Baseline points="2991,1062 3016,1062 3041,1064 3067,1066"/>
                <TextEquiv>
                    <Unicode>Da</Unicode>
                </TextEquiv>
            </TextLine>
            <TextLine id="r4l6" custom="readingOrder {index:5;}">
                <Coords points="2975,1196 2988,1192 3012,1198 3028,1195 3037,1203 3052,1202 3076,1180 3084,1180 3082,1155 3060,1163 3043,1151 3032,1156 3009,1142 2981,1164 2972,1164"/>
                <Baseline points="2983,1195 3014,1189 3045,1186 3077,1187"/>
                <TextEquiv>
                    <Unicode>Sti</Unicode>
                </TextEquiv>
            </TextLine>
            <TextLine id="r4l7" custom="readingOrder {index:6;}">
                <Coords points="2975,1226 2985,1224 2993,1231 2996,1228 3027,1237 3047,1232 3059,1241 3069,1232 3078,1237 3083,1231 3091,1231 3089,1184 3080,1184 3075,1190 3069,1186 3049,1203 3036,1202 3028,1195 3012,1198 3000,1193 2986,1202 2974,1200"/>
                <Baseline points="2983,1233 3008,1230 3033,1229 3058,1229 3083,1229"/>
                <TextEquiv>
                    <Unicode>künf</Unicode>
                </TextEquiv>
            </TextLine>
            <TextLine id="r4l8" custom="readingOrder {index:7;}">
                <Coords points="2987,1265 2996,1264 3014,1273 3037,1269 3042,1273 3047,1270 3058,1273 3071,1270 3074,1273 3078,1268 3090,1268 3089,1233 3078,1237 3069,1232 3057,1239 3051,1233 3026,1237 3020,1232 2987,1230"/>
                <Baseline points="2994,1268 3023,1266 3053,1265 3083,1267"/>
                <TextEquiv>
                    <Unicode>Aur</Unicode>
                </TextEquiv>
            </TextLine>
            <TextLine id="r4l9" custom="readingOrder {index:8;}">
                <Coords points="2984,1318 2997,1313 3004,1317 3007,1313 3036,1315 3045,1310 3053,1315 3062,1310 3073,1312 3092,1292 3101,1291 3099,1259 3075,1271 3013,1274 3000,1267 2981,1276"/>
                <Baseline points="2991,1309 3016,1305 3042,1303 3068,1302 3094,1302"/>
                <TextEquiv>
                    <Unicode>jetzt</Unicode>
                </TextEquiv>
            </TextLine>
            <TextLine id="r4l10" custom="readingOrder {index:9;}">
                <Coords points="2984,1344 3025,1347 3031,1341 3046,1348 3056,1345 3071,1357 3081,1346 3101,1346 3101,1305 3086,1304 3076,1314 3064,1310 3053,1316 3045,1310 3031,1318 3020,1312 2984,1317"/>
                <Baseline points="2992,1344 3017,1340 3043,1340 3068,1341 3094,1340"/>
                <TextEquiv>
                    <Unicode>mul</Unicode>
                </TextEquiv>
            </TextLine>
            <TextLine id="r4l11" custom="readingOrder {index:10;}">
                <Coords points="2974,1390 2987,1386 3003,1389 3022,1380 3056,1394 3074,1374 3080,1379 3092,1378 3091,1345 3084,1345 3074,1354 3031,1342 3026,1348 2996,1344 2989,1351 2973,1353"/>
                <Baseline points="2981,1381 3007,1378 3033,1377 3059,1377 3085,1379"/>
                <TextEquiv>
                    <Unicode>licht</Unicode>
                </TextEquiv>
            </TextLine>
            <TextLine id="r4l12" custom="readingOrder {index:11;}">
                <Coords points="2977,1420 3024,1420 3035,1427 3038,1424 3056,1425 3067,1415 3085,1418 3085,1386 3061,1387 3055,1393 3041,1386 3022,1389 3012,1385 3006,1391 3000,1387 2977,1388"/>
                <Baseline points="2984,1420 3015,1417 3046,1418 3078,1418"/>
                <TextEquiv>
                    <Unicode>von</Unicode>
                </TextEquiv>
            </TextLine>
            <TextLine id="r4l13" custom="readingOrder {index:12;}">
                <Coords points="2979,1493 2995,1496 3011,1491 3039,1496 3043,1493 3055,1502 3064,1494 3077,1496 3092,1484 3102,1484 3102,1463 3073,1464 3066,1456 3055,1454 3038,1462 3029,1459 3026,1462 3009,1452 2991,1458 2979,1456"/>
                <Baseline points="2986,1487 3013,1488 3040,1488 3067,1487 3094,1489"/>
                <TextEquiv>
                    <Unicode>Rolle</Unicode>
                </TextEquiv>
            </TextLine>
            <TextLine id="r4l14" custom="readingOrder {index:13;}">
                <Coords points="2989,1523 3017,1534 3023,1530 3057,1541 3066,1535 3073,1540 3087,1528 3104,1532 3106,1504 3091,1502 3083,1492 3075,1496 3067,1493 3055,1501 3049,1496 3011,1491 2991,1494"/>
                <Baseline points="2996,1527 3021,1528 3046,1529 3071,1531 3096,1533"/>
                <TextEquiv>
                    <Unicode>Künf</Unicode>
                </TextEquiv>
            </TextLine>
            <TextLine id="r4l15" custom="readingOrder {index:14;}">
                <Coords points="2974,1568 3000,1571 3011,1578 3026,1569 3037,1573 3086,1568 3085,1537 3056,1540 3043,1538 3037,1532 3029,1537 3025,1532 3021,1536 3009,1527 2998,1531 2972,1530"/>
                <Baseline points="2981,1568 3013,1568 3046,1564 3079,1566"/>
                <TextEquiv>
                    <Unicode>Zur</Unicode>
                </TextEquiv>
            </TextLine>
            <TextLine id="r4l16" custom="readingOrder {index:15;}">
                <Coords points="2978,1606 2994,1609 3024,1603 3037,1609 3050,1604 3063,1613 3076,1610 3085,1619 3098,1621 3099,1581 3059,1569 3036,1573 3026,1568 3011,1578 3005,1572 2979,1572"/>
                <Baseline points="2985,1603 3011,1602 3038,1603 3064,1604 3091,1603"/>
                <TextEquiv>
                    <Unicode>keiten</Unicode>
                </TextEquiv>
            </TextLine>
            <TextLine id="r4l17" custom="readingOrder {index:16;}">
                <Coords points="2983,1642 3021,1640 3048,1648 3083,1643 3099,1656 3113,1655 3109,1601 3099,1601 3084,1613 3076,1609 3060,1612 3049,1603 3035,1608 3023,1603 2998,1604 2981,1613"/>
                <Baseline points="2990,1644 3018,1642 3047,1640 3075,1638 3104,1638"/>
                <TextEquiv>
                    <Unicode>Märt.</Unicode>
                </TextEquiv>
            </TextLine>
            <TextLine id="r4l18" custom="readingOrder {index:17;}">
                <Coords points="2971,1688 2996,1679 3015,1686 3041,1678 3062,1688 3072,1680 3085,1686 3106,1678 3116,1680 3115,1653 3093,1654 3082,1642 3047,1647 3022,1640 2991,1641 2971,1651"/>
                <Baseline points="2979,1681 3005,1678 3031,1677 3057,1678 3083,1678 3109,1677"/>
                <TextEquiv>
                    <Unicode>Stepl.</Unicode>
                </TextEquiv>
            </TextLine>
            <TextLine id="r4l19" custom="readingOrder {index:18;}">
                <Coords points="2975,1720 2993,1715 3005,1716 3015,1724 3043,1725 3050,1717 3063,1724 3069,1720 3107,1723 3106,1681 3090,1681 3084,1687 3077,1684 3066,1691 3042,1678 3030,1678 3016,1686 2998,1679 2975,1686"/>
                <Baseline points="2983,1715 3012,1714 3041,1713 3070,1713 3099,1713"/>
                <TextEquiv>
                    <Unicode>dessen</Unicode>
                </TextEquiv>
            </TextLine>
            <TextLine id="r4l20" custom="readingOrder {index:19;}">
                <Coords points="2978,1747 2986,1747 2993,1755 3024,1755 3029,1761 3057,1754 3116,1761 3116,1723 3079,1724 3069,1719 3065,1724 3050,1716 3034,1725 3021,1719 3015,1724 3005,1717 2992,1723 2979,1718"/>
                <Baseline points="2985,1753 3015,1751 3046,1751 3077,1752 3108,1754"/>
                <TextEquiv>
                    <Unicode>vertra</Unicode>
                </TextEquiv>
            </TextLine>
            <TextLine id="r4l21" custom="readingOrder {index:20;}">
                <Coords points="2966,1786 3006,1795 3039,1791 3048,1795 3054,1790 3070,1795 3074,1790 3099,1800 3124,1791 3124,1758 3094,1762 3056,1754 3032,1763 3020,1754 2991,1758 2966,1752"/>
                <Baseline points="2973,1789 3001,1788 3030,1788 3058,1787 3087,1787 3116,1788"/>
                <TextEquiv>
                    <Unicode>Bethle</Unicode>
                </TextEquiv>
            </TextLine>
            <TextLine id="r4l22" custom="readingOrder {index:21;}">
                <Coords points="2973,1830 3010,1827 3027,1836 3052,1833 3062,1840 3076,1840 3084,1832 3095,1843 3100,1838 3119,1847 3119,1796 3096,1797 3092,1802 3075,1792 3045,1796 3039,1790 3013,1798 2973,1790"/>
                <Baseline points="2981,1829 3007,1826 3033,1825 3059,1825 3085,1826 3112,1828"/>
                <TextEquiv>
                    <Unicode>des Pr</Unicode>
                </TextEquiv>
            </TextLine>
            <TextLine id="r4l23" custom="readingOrder {index:22;}">
                <Coords points="2978,1869 3002,1868 3007,1872 3025,1866 3035,1871 3041,1868 3056,1878 3063,1873 3069,1876 3073,1871 3088,1871 3103,1854 3117,1852 3116,1838 3093,1840 3084,1832 3077,1839 3062,1840 3053,1833 3037,1837 3010,1827 2977,1831"/>
                <Baseline points="2985,1867 3016,1866 3047,1864 3078,1864 3109,1863"/>
                <TextEquiv>
                    <Unicode>sänger</Unicode>
                </TextEquiv>
            </TextLine>
            <TextLine id="r4l24" custom="readingOrder {index:23;}">
                <Coords points="2968,1899 2988,1905 3015,1904 3023,1910 3031,1904 3039,1910 3061,1905 3077,1910 3089,1905 3105,1912 3105,1890 3091,1887 3082,1891 3065,1876 3049,1876 3042,1868 3036,1872 3030,1866 3021,1866 3006,1872 2969,1862"/>
                <Baseline points="2975,1901 3005,1899 3036,1900 3067,1901 3098,1902"/>
                <TextEquiv>
                    <Unicode>lebte,</Unicode>
                </TextEquiv>
            </TextLine>
            <TextLine id="r4l25" custom="readingOrder {index:24;}">
                <Coords points="2977,1937 3000,1945 3033,1941 3048,1951 3074,1953 3112,1944 3125,1947 3127,1905 3086,1905 3078,1910 3032,1905 3023,1910 3002,1902 2977,1903"/>
                <Baseline points="2983,1940 3010,1938 3037,1938 3064,1939 3091,1941 3118,1943"/>
                <TextEquiv>
                    <Unicode>Pälffy¬</Unicode>
                </TextEquiv>
            </TextLine>
            <TextLine id="r4l26" custom="readingOrder {index:25;}">
                <Coords points="2971,1987 3038,1983 3042,1988 3054,1982 3064,1991 3093,1988 3109,2000 3133,1985 3134,1951 3115,1943 3076,1954 3018,1940 3003,1945 2984,1937 2972,1941"/>
                <Baseline points="2979,1976 3008,1977 3037,1978 3067,1979 3096,1980 3126,1981"/>
                <TextEquiv>
                    <Unicode>Bürger</Unicode>
                </TextEquiv>
            </TextLine>
            <TextLine id="r4l27" custom="readingOrder {index:26;}">
                <Coords points="2969,2009 2990,2019 3015,2014 3038,2024 3045,2018 3058,2023 3096,2020 3101,2025 3124,2018 3124,1993 3107,2000 3094,1988 3063,1991 3055,1983 3033,1982 3022,1988 2987,1984 2980,1991 2970,1989"/>
                <Baseline points="2976,2011 3004,2012 3032,2013 3060,2013 3088,2015 3116,2017"/>
                <TextEquiv>
                    <Unicode>werden</Unicode>
                </TextEquiv>
            </TextLine>
            <TextLine id="r4l28" custom="readingOrder {index:27;}">
                <Coords points="2965,2055 2987,2050 3006,2061 3018,2052 3042,2061 3054,2054 3063,2060 3076,2057 3082,2064 3110,2051 3132,2058 3132,2038 3107,2021 3057,2026 3045,2017 3025,2022 3015,2014 2990,2019 2966,2033"/>
                <Baseline points="2972,2051 2997,2052 3022,2052 3048,2053 3073,2054 3098,2055 3124,2057"/>
                <TextEquiv>
                    <Unicode>Staatt</Unicode>
                </TextEquiv>
            </TextLine>
            <TextLine id="r4l29" custom="readingOrder {index:28;}">
                <Coords points="2967,2115 2990,2117 3001,2106 3016,2102 3022,2107 3034,2104 3044,2113 3072,2100 3083,2089 3104,2093 3103,2060 3083,2064 3055,2054 3032,2061 3020,2052 3007,2061 2988,2052 2978,2060 2966,2060"/>
                <Baseline points="2973,2097 3003,2095 3034,2094 3065,2094 3096,2096"/>
                <TextEquiv>
                    <Unicode>schaft</Unicode>
                </TextEquiv>
            </TextLine>
            <TextLine id="r4l30" custom="readingOrder {index:29;}">
                <Coords points="2972,2259 2985,2257 2999,2266 3013,2266 3018,2261 3054,2263 3080,2270 3110,2258 3118,2260 3118,2235 3099,2233 3086,2223 3067,2231 3058,2226 3039,2231 3032,2223 2997,2231 2982,2218 2972,2221"/>
                <Baseline points="2979,2263 3005,2261 3031,2261 3058,2261 3084,2262 3111,2261"/>
                <TextEquiv>
                    <Unicode>Stadt</Unicode>
                </TextEquiv>
            </TextLine>
            <TextLine id="r4l31" custom="readingOrder {index:30;}">
                <Coords points="2966,2302 2995,2302 3008,2308 3034,2302 3042,2308 3068,2296 3081,2303 3097,2301 3112,2311 3128,2308 3128,2264 3109,2259 3079,2271 3074,2265 3062,2268 3031,2259 2998,2266 2965,2253"/>
                <Baseline points="2973,2298 3002,2299 3031,2299 3061,2299 3090,2298 3120,2297"/>
                <TextEquiv>
                    <Unicode>sischen</Unicode>
                </TextEquiv>
            </TextLine>
            <TextLine id="r4l32" custom="readingOrder {index:31;}">
                <Coords points="2956,2349 2974,2349 2987,2336 3055,2337 3066,2346 3077,2341 3088,2347 3093,2341 3109,2343 3124,2334 3139,2334 3139,2315 3121,2308 3087,2308 3067,2295 3042,2308 2984,2302 2956,2313"/>
                <Baseline points="2963,2341 2991,2340 3019,2340 3047,2340 3075,2340 3103,2340 3131,2339"/>
                <TextEquiv>
                    <Unicode>der Ave</Unicode>
                </TextEquiv>
            </TextLine>
            <TextLine id="r4l33" custom="readingOrder {index:32;}">
                <Coords points="2966,2379 2991,2374 2996,2380 3005,2376 3014,2381 3020,2377 3031,2385 3042,2379 3044,2383 3057,2373 3087,2375 3088,2361 3073,2361 3068,2354 3056,2352 3050,2357 3028,2339 3003,2335 2993,2339 2981,2332 2968,2333"/>
                <Baseline points="2974,2369 3000,2371 3027,2375 3053,2375 3080,2373"/>
                <TextEquiv>
                    <Unicode>ist,</Unicode>
                </TextEquiv>
            </TextLine>
            <TextLine id="r4l34" custom="readingOrder {index:33;}">
                <Coords points="2966,2415 2995,2411 3011,2420 3019,2413 3058,2414 3073,2407 3111,2413 3111,2380 3100,2375 3089,2380 3076,2372 3057,2373 3029,2386 3019,2378 3013,2382 2991,2374 2967,2380"/>
                <Baseline points="2973,2405 2999,2406 3025,2407 3051,2407 3077,2407 3104,2406"/>
                <TextEquiv>
                    <Unicode>tigen</Unicode>
                </TextEquiv>
            </TextLine>
            <TextLine id="r4l35" custom="readingOrder {index:34;}">
                <Coords points="2960,2444 2996,2454 3030,2447 3046,2457 3056,2452 3072,2460 3103,2451 3128,2465 3144,2458 3144,2418 3097,2416 3090,2410 3053,2416 3043,2410 3012,2419 2995,2410 2989,2416 2959,2416"/>
                <Baseline points="2967,2449 2995,2448 3023,2448 3052,2448 3080,2448 3108,2448 3137,2447"/>
                <TextEquiv>
                    <Unicode>während</Unicode>
                </TextEquiv>
            </TextLine>
            <TextLine id="r4l36" custom="readingOrder {index:35;}">
                <Coords points="2968,2487 2992,2486 2999,2492 3005,2488 3015,2495 3037,2487 3053,2495 3060,2489 3085,2489 3091,2495 3100,2488 3132,2494 3132,2464 3119,2468 3103,2452 3075,2463 3057,2452 3046,2458 3030,2446 3017,2454 3010,2448 2997,2454 2989,2448 2969,2449"/>
                <Baseline points="2975,2485 3000,2485 3025,2486 3050,2487 3075,2488 3100,2488 3125,2485"/>
                <TextEquiv>
                    <Unicode>schön 1</Unicode>
                </TextEquiv>
            </TextLine>
            <TextLine id="r4l37" custom="readingOrder {index:36;}">
                <Coords points="2958,2525 2999,2520 3067,2532 3086,2521 3107,2536 3118,2527 3124,2533 3134,2530 3135,2490 3116,2494 3100,2488 3091,2495 3085,2489 3043,2494 3024,2488 3015,2495 2991,2486 2958,2495"/>
                <Baseline points="2965,2519 2992,2518 3019,2519 3046,2519 3073,2519 3100,2519 3127,2519"/>
                <TextEquiv>
                    <Unicode>bietet. 2</Unicode>
                </TextEquiv>
            </TextLine>
            <TextLine id="r4l38" custom="readingOrder {index:37;}">
                <Coords points="2964,2555 3002,2565 3033,2560 3046,2569 3058,2562 3114,2591 3131,2587 3135,2530 3116,2529 3108,2536 3085,2523 3055,2534 2999,2520 2989,2526 2965,2523"/>
                <Baseline points="2971,2560 2996,2560 3022,2561 3048,2562 3073,2565 3099,2566 3125,2568"/>
                <TextEquiv>
                    <Unicode>Sbang</Unicode>
                </TextEquiv>
            </TextLine>
            <TextLine id="r4l39" custom="readingOrder {index:38;}">
                <Coords points="2960,2603 3024,2597 3049,2609 3068,2609 3093,2596 3100,2603 3140,2611 3140,2567 3098,2579 3057,2562 3051,2568 3035,2560 2993,2566 2961,2552"/>
                <Baseline points="2968,2597 2995,2596 3022,2595 3050,2595 3077,2596 3104,2597 3132,2599"/>
                <TextEquiv>
                    <Unicode>(1134—2</Unicode>
                </TextEquiv>
            </TextLine>
            <TextLine id="r4l40" custom="readingOrder {index:39;}">
                <Coords points="2971,2640 2982,2638 3000,2646 3006,2640 3020,2648 3047,2636 3071,2654 3087,2656 3111,2638 3139,2633 3139,2611 3116,2609 3110,2603 3056,2610 3022,2599 3016,2604 3006,2598 2971,2600"/>
                <Baseline points="2978,2631 3003,2632 3029,2632 3055,2631 3080,2631 3106,2632 3132,2635"/>
                <TextEquiv>
                    <Unicode>Geburt)</Unicode>
                </TextEquiv>
            </TextLine>
            <TextLine id="r4l41" custom="readingOrder {index:40;}">
                <Coords points="2971,2675 3061,2678 3067,2684 3079,2673 3089,2681 3096,2674 3105,2679 3129,2677 3130,2647 3110,2638 3092,2655 3074,2656 3047,2637 3023,2644 2972,2639"/>
                <Baseline points="2979,2668 3007,2668 3035,2670 3064,2673 3092,2674 3121,2672"/>
                <TextEquiv>
                    <Unicode>werke, d</Unicode>
                </TextEquiv>
            </TextLine>
            <TextLine id="r4l42" custom="readingOrder {index:41;}">
                <Coords points="2969,2711 3012,2711 3048,2722 3057,2716 3076,2722 3091,2714 3104,2723 3127,2704 3145,2701 3145,2685 3122,2675 3106,2679 3097,2674 3089,2682 3079,2673 3065,2683 3035,2675 3009,2681 3003,2675 2970,2674"/>
                <Baseline points="2977,2706 3003,2708 3030,2708 3057,2708 3083,2708 3110,2708 3137,2710"/>
                <TextEquiv>
                    <Unicode>Buddhis</Unicode>
                </TextEquiv>
            </TextLine>
            <TextLine id="r4l43" custom="readingOrder {index:42;}">
                <Coords points="2965,2745 2988,2754 3026,2748 3074,2758 3112,2753 3135,2770 3154,2762 3156,2724 3141,2728 3120,2718 3099,2723 3090,2712 3076,2722 3013,2712 2967,2713"/>
                <Baseline points="2972,2743 2997,2745 3022,2746 3047,2747 3072,2749 3097,2750 3122,2751 3148,2753"/>
                <TextEquiv>
                    <Unicode>Ehrenbre</Unicode>
                </TextEquiv>
            </TextLine>
            <TextLine id="r4l44" custom="readingOrder {index:43;}">
                <Coords points="2957,2791 2994,2784 3013,2794 3025,2789 3067,2794 3076,2788 3108,2796 3123,2784 3136,2787 3136,2768 3111,2752 3098,2759 3084,2753 3075,2759 3006,2748 2991,2755 2958,2743"/>
                <Baseline points="2964,2786 2991,2787 3018,2787 3046,2787 3073,2787 3100,2788 3128,2789"/>
                <TextEquiv>
                    <Unicode>bestimmt</Unicode>
                </TextEquiv>
            </TextLine>
            <TextLine id="r4l45" custom="readingOrder {index:44;}">
                <Coords points="2959,2822 2969,2819 2989,2833 3036,2824 3043,2830 3052,2824 3061,2832 3071,2826 3100,2828 3113,2837 3128,2830 3146,2834 3146,2796 3122,2785 3095,2796 3075,2788 3059,2795 3041,2795 3033,2788 3008,2794 2993,2784 2960,2788"/>
                <Baseline points="2966,2823 2994,2825 3023,2826 3052,2826 3081,2826 3110,2827 3139,2830"/>
                <TextEquiv>
                    <Unicode>Getreide,</Unicode>
                </TextEquiv>
            </TextLine>
            <TextLine id="r4l46" custom="readingOrder {index:45;}">
                <Coords points="2963,2859 3042,2864 3054,2876 3074,2865 3082,2870 3093,2864 3120,2869 3127,2861 3159,2866 3159,2845 3142,2841 3133,2847 3098,2825 3089,2832 3070,2826 3061,2832 3053,2824 3007,2826 2994,2836 2963,2821"/>
                <Baseline points="2971,2861 2996,2862 3022,2863 3048,2864 3073,2864 3099,2864 3125,2863 3151,2861"/>
                <TextEquiv>
                    <Unicode>Verschiede.</Unicode>
                </TextEquiv>
            </TextLine>
            <TextLine id="r4l47" custom="readingOrder {index:46;}">
                <Coords points="2949,2902 3034,2899 3073,2907 3111,2901 3133,2912 3149,2906 3150,2864 3093,2865 3055,2876 3042,2864 3024,2862 2950,2865"/>
                <Baseline points="2956,2900 2982,2899 3009,2899 3035,2899 3062,2900 3088,2900 3115,2901 3142,2903"/>
                <TextEquiv>
                    <Unicode>Lleibende</Unicode>
                </TextEquiv>
            </TextLine>
            <TextLine id="r4l48" custom="readingOrder {index:47;}">
                <Coords points="2962,2940 2978,2936 2997,2942 3004,2936 3030,2944 3038,2938 3051,2949 3115,2940 3131,2953 3147,2952 3148,2907 3133,2912 3112,2902 3082,2907 3040,2905 3034,2899 3014,2906 2993,2898 2962,2902"/>
                <Baseline points="2969,2936 2997,2937 3026,2938 3054,2939 3083,2939 3111,2939 3140,2939"/>
                <TextEquiv>
                    <Unicode>Geschenke</Unicode>
                </TextEquiv>
            </TextLine>
            <TextLine id="r4l49" custom="readingOrder {index:48;}">
                <Coords points="2949,2979 2968,2973 3009,2985 3041,2978 3056,2991 3070,2978 3101,2978 3129,2990 3151,2989 3151,2940 3072,2950 3051,2949 3038,2939 2990,2943 2975,2935 2949,2947"/>
                <Baseline points="2957,2975 2983,2974 3010,2974 3036,2974 3063,2975 3089,2976 3116,2975 3143,2973"/>
                <TextEquiv>
                    <Unicode>bestimmt</Unicode>
                </TextEquiv>
            </TextLine>
            <TextLine id="r4l50" custom="readingOrder {index:49;}">
                <Coords points="2953,3011 3019,3017 3043,3002 3064,3024 3095,3013 3118,3024 3148,3013 3148,2990 3100,2978 3047,2984 3033,2978 3008,2985 2980,2976 2971,2984 2954,2976"/>
                <Baseline points="2960,3009 2985,3010 3011,3011 3037,3012 3062,3013 3088,3013 3114,3014 3140,3013"/>
                <TextEquiv>
                    <Unicode>nur graz</Unicode>
                </TextEquiv>
            </TextLine>
            <TextLine id="r4l51" custom="readingOrder {index:50;}">
                <Coords points="2952,3054 2986,3058 2998,3052 3033,3066 3062,3049 3104,3061 3126,3054 3157,3058 3157,3029 3135,3019 3116,3024 3094,3014 3062,3022 3051,3012 3038,3018 3031,3010 3007,3018 2952,3012"/>
                <Baseline points="2960,3047 2987,3049 3014,3049 3041,3048 3068,3047 3095,3047 3122,3046 3150,3047"/>
                <TextEquiv>
                    <Unicode>Inschrifte</Unicode>
                </TextEquiv>
            </TextLine>
            <TextLine id="r4l52" custom="readingOrder {index:51;}">
                <Coords points="2945,3080 2988,3094 3016,3087 3023,3093 3038,3081 3054,3092 3089,3095 3105,3088 3120,3094 3133,3083 3160,3079 3160,3061 3128,3053 3103,3062 3078,3050 3030,3062 2998,3052 2945,3055"/>
                <Baseline points="2952,3084 2977,3084 3002,3085 3027,3085 3052,3085 3077,3085 3102,3086 3127,3086 3152,3087"/>
                <TextEquiv>
                    <Unicode>die Nau</Unicode>
                </TextEquiv>
            </TextLine>
            <TextLine id="r4l53" custom="readingOrder {index:52;}">
                <Coords points="2952,3123 2986,3133 3014,3132 3030,3143 3051,3126 3068,3134 3082,3124 3124,3135 3137,3122 3153,3127 3154,3095 3126,3087 3114,3098 3106,3089 3062,3093 3039,3082 3024,3093 3017,3087 2987,3094 2952,3084"/>
                <Baseline points="2959,3120 2985,3122 3012,3123 3039,3124 3065,3124 3092,3125 3119,3125 3146,3125"/>
                <TextEquiv>
                    <Unicode>bestellt ha</Unicode>
                </TextEquiv>
            </TextLine>
            <TextLine id="r4l54" custom="readingOrder {index:53;}">
                <Coords points="2951,3157 3006,3168 3027,3157 3048,3172 3085,3173 3097,3165 3107,3173 3133,3165 3155,3168 3156,3130 3139,3122 3118,3135 3085,3125 3071,3132 3050,3127 3035,3135 2997,3129 2988,3135 2965,3122 2952,3123"/>
                <Baseline points="2958,3157 2985,3159 3012,3161 3039,3163 3066,3164 3093,3164 3120,3164 3148,3163"/>
                <TextEquiv>
                    <Unicode>der sellsa</Unicode>
                </TextEquiv>
            </TextLine>
            <TextLine id="r4l55" custom="readingOrder {index:54;}">
                <Coords points="2952,3202 2995,3204 3004,3198 3073,3208 3081,3201 3097,3211 3132,3205 3145,3216 3164,3215 3166,3171 3151,3164 3055,3173 2954,3161"/>
                <Baseline points="2960,3195 2988,3196 3016,3197 3044,3198 3072,3199 3100,3200 3128,3202 3157,3204"/>
                <TextEquiv>
                    <Unicode>60 cm hot</Unicode>
                </TextEquiv>
            </TextLine>
            <TextLine id="r4l56" custom="readingOrder {index:55;}">
                <Coords points="2942,3242 2978,3237 3018,3247 3027,3238 3051,3244 3070,3236 3102,3245 3119,3241 3127,3250 3140,3241 3167,3249 3167,3210 3156,3207 3118,3212 3081,3201 3072,3210 3030,3209 3004,3198 2942,3202"/>
                <Baseline points="2949,3234 2975,3235 3001,3236 3028,3236 3054,3237 3080,3237 3107,3238 3133,3238 3160,3237"/>
                <TextEquiv>
                    <Unicode>sehen uni¬</Unicode>
                </TextEquiv>
            </TextLine>
            <TextLine id="r4l57" custom="readingOrder {index:56;}">
                <Coords points="2946,3278 2976,3273 3002,3283 3041,3283 3056,3273 3088,3291 3104,3281 3166,3279 3167,3249 3142,3242 3129,3250 3077,3236 3049,3245 3027,3237 3016,3247 2993,3237 2948,3238"/>
                <Baseline points="2954,3270 2979,3272 3005,3274 3030,3274 3056,3275 3082,3277 3107,3277 3133,3278 3159,3280"/>
                <TextEquiv>
                    <Unicode>tives Mon</Unicode>
                </TextEquiv>
            </TextLine>
            <TextLine id="r4l58" custom="readingOrder {index:57;}">
                <Coords points="2936,3312 3049,3320 3065,3313 3085,3322 3102,3309 3128,3324 3150,3314 3163,3319 3164,3279 3092,3287 3054,3273 3038,3284 3025,3277 3014,3284 2988,3275 2956,3281 2937,3274"/>
                <Baseline points="2944,3308 2970,3309 2997,3310 3023,3311 3050,3311 3076,3312 3103,3312 3129,3312 3156,3312"/>
                <TextEquiv>
                    <Unicode>Bauche ist</Unicode>
                </TextEquiv>
            </TextLine>
            <TextLine id="r4l59" custom="readingOrder {index:58;}">
                <Coords points="2944,3355 2971,3350 2979,3358 3011,3354 3021,3362 3042,3354 3065,3361 3089,3351 3133,3362 3171,3357 3172,3321 3150,3314 3129,3325 3095,3313 3080,3325 3064,3314 2946,3317"/>
                <Baseline points="2952,3344 2978,3347 3005,3349 3031,3350 3058,3351 3084,3352 3111,3352 3137,3352 3164,3353"/>
                <TextEquiv>
                    <Unicode>dargestellt.</Unicode>
                </TextEquiv>
            </TextLine>
            <TextLine id="r4l60" custom="readingOrder {index:59;}">
                <Coords points="2949,3390 2971,3385 3053,3393 3078,3384 3095,3399 3127,3393 3137,3401 3155,3394 3156,3358 3137,3364 3113,3352 3070,3372 3048,3354 3022,3363 3012,3355 2990,3358 2951,3349"/>
                <Baseline points="2956,3383 2983,3384 3010,3386 3038,3388 3065,3391 3093,3391 3120,3391 3148,3387"/>
                <TextEquiv>
                    <Unicode>samen De</Unicode>
                </TextEquiv>
            </TextLine>
            <TextLine id="r4l61" custom="readingOrder {index:60;}">
                <Coords points="2942,3438 2978,3432 3019,3453 3045,3440 3067,3447 3081,3438 3108,3452 3129,3446 3151,3463 3168,3450 3182,3454 3184,3407 3154,3393 3095,3400 3076,3385 3060,3395 2943,3388"/>
                <Baseline points="2950,3427 2975,3429 3000,3430 3025,3431 3050,3433 3075,3433 3100,3433 3125,3434 3150,3434 3176,3434"/>
                <TextEquiv>
                    <Unicode>Charakterei</Unicode>
                </TextEquiv>
            </TextLine>
            <TextEquiv>
                <Unicode>W
Hi
er
An
Da
Sti
künf
Aur
jetzt
mul
licht
von
Rolle
Künf
Zur
keiten
Märt.
Stepl.
dessen
vertra
Bethle
des Pr
sänger
lebte,
Pälffy¬
Bürger
werden
Staatt
schaft
Stadt
sischen
der Ave
ist,
tigen
während
schön 1
bietet. 2
Sbang
(1134—2
Geburt)
werke, d
Buddhis
Ehrenbre
bestimmt
Getreide,
Verschiede.
Lleibende
Geschenke
bestimmt
nur graz
Inschrifte
die Nau
bestellt ha
der sellsa
60 cm hot
sehen uni¬
tives Mon
Bauche ist
dargestellt.
samen De
Charakterei</Unicode>
            </TextEquiv>
        </TextRegion>
    </Page>
</PcGts>
