3392 4384
715 479 1181 563 Telephon 12801.
344 561 1582 657 Alex. Weigl’s Unternehmen für Zeitungs-Ausschnitte
1345 638 1571 703 Ausschnitt
570 660 1261 779 „OBSERYER“
1389 697 1640 789 Nr. 82
226 777 1646 846 L österr. behördl. conc. Bureau für Zeitungsberichte u. Personalnachrichtt
448 830 1471 925 Wien, IX/1, Türkenstrasse 12.
257 879 1263 985 NICAA Filiale in Budapest: „Figyelö“
243 959 1640 1049 Vertretungen in Berlin, Chicago, Genf, London, Newyork, Paris, Rom, Stockhoh
242 1114 1662 1206 Ausschnitt aus: CCcztzqvdke Kerdrene
243 1210 606 1325 vom: 267
493 1257 779 1359 + 106
639 1472 1398 1559 Kunst und Wissenschaft.
431 1533 1634 1627 Kgl. Wilhelmatheater, 23. Jan. „Das Vermächknis
351 1570 969 1663 von Arthur Schnitzler.
510 1646 1575 1725 Der Wiener Dichter des „Abschiedssouper" und
347 1686 1615 1761 „Lebendigen Stunden“ baut sein schon vom Jahre 1898 statz
338 1727 1617 1804 mendes Schauspiel „Vermächtnis“ auf einem so#'n. „unterird
341 1773 1614 1851 schen“ Verhältnis auf, wie es gar oft auch in den besten Famili
342 1825 1635 1919 vorkommt und nicht zuletzt in der Stadt der Lebenslust. in Wie
337 1923 1635 1983 Hugo Losatti, der Sohn des Professors und Abgeordneten Losati
337 1962 1644 2034 ist durch einen Sturz vom Pferde schwer verunglückt und noch kus
231 2000 294 2080 Fü
340 2013 1623 2062 vor seinem Tode fleht er seine ihn vergötternden Eltern an, si
350 2051 1634 2099 seiner Geliebten Toni und seines Kindes anzunehmen. Eine har
338 2090 1632 2152 Zumutung für die vornehme Familie trotz der liberalen Ideen di
335 2144 1626 2204 Vaters Losatti; indes Toni, die ihm, dem so tiefbetrauerten Sohr
335 2190 1629 2234 so lieb war, wird in das Haus genommen und mit dem herzige
336 2223 1600 2296 kleinen Franzi, seinem Kind, scheint wirklich so etwas wie e
335 2277 1627 2327 Sonnenstrahl ins Haus zu kommen, der alles vergoldet —, auf
340 2313 1620 2371 die heikle Situation Tonis. Freilich — und das ist kein übl
334 2368 1620 2431 Hieb auf unsere gesellschaftliche Moral — die Freunde der Famil
326 2405 1631 2475 Losatti haben fast alle den Verkehr mit derselben wegen diest
218 2405 315 2472 Inh
319 2459 1668 2510 wahrhaft guten That abgebrochen, was die an sich gutmütige Fa¬¬
240 2510 1668 2562 wodh milie des Kindes wegen leicht verschmerzt. Allein das Kind stirbt
233 2538 303 2594 Let
328 2538 1668 2586 und nun erscheinen diese gesellschaftlichen Opfer auf einmal nicht
226 2585 1662 2655 theif mehr zu ertragen. Man sucht Toni abzuschütteln, ein Auftrag, der
317 2634 1677 2683 von dem zukünftigen Schwiegersohn des Hauses; einem aus nie¬
330 2672 1673 2741 deren Kreisen Emporgestiegenen, rücksichtslos vollführt wird.
324 2723 1665 2792 Auch kein übler Zug des an feinen Zügen reichen Stücks, daß der
328 2765 1659 2829 Parvenu am meisten besorgt ist für das Renommé der Honoratio¬
325 2796 1660 2857 renfamilie. Tomi aber, eine weiche hilflose Natur, erträgt diesen
323 2849 1652 2913 Schlag nicht, sie geht in den Tod, und mit den Worten Franziskas,
316 2880 1662 2965 der Schwester Hugos, die bei diesem Anlaß auch den streberischen
320 2941 1664 3016 Verlobten verabschiedet: „Gut hätten wir gegen sie sein sollen, die
318 2983 964 3044 unserem Hugo das liebste war
1069 2989 1658 3046 “ schließt das Stück. Man
320 3027 1657 3100 kann das Schauspiel ruhig unter die Rührstücke einreihen; es wird
317 3066 1654 3125 viel an die Nerden appellirt. Ein Stimmungsbild, schwarz in
317 3108 1666 3186 schwarz — in Trauerkleidern. Der 1. Akt ist eine einzige, durch
310 3162 1668 3235 das meisterhafte Spiel unserer Darsteller erschütternd wirkende
318 3215 1650 3271 Sterbeszene, die übrigens auch den denkenden Dichter verrät, denn
316 3256 1662 3324 nur als letzter Wunsch des sterbenden Hugo ist die Aufnahme dieses
310 3294 1663 3372 „Vermächtnisses“ in die vornehme Familie denkbar. Auch die Un¬
315 3347 1651 3397 zuträglichkeiten in der sozialen Stellung, die sich mit diesem „Ver¬
315 3378 1645 3447 mächtnis“ ergeben, sind gut gezeichnet, so daß nur der Ungerechte,
308 3428 1649 3494 der durch die Bühnenwirkung Befangene, bei der beabsichtigten
314 3478 1641 3535 Entfernung Tonis in Entrüstung geraten kann. „So sind wir
321 3510 1656 3580 Alle“, wir gesellschaftlich Gebundenen und diese Familie Losatti
320 3558 1650 3627 ist in ihrem Milieu noch eine der bestmöglichen. — Gespielt wurde
314 3608 1644 3663 z. T. vorzüglich, so daß dadurch auch die Mängel der dramatischen
309 3654 1637 3710 Technik einigermaßen verwischt wurden. Vorzüglich hielten sich
323 3691 1645 3737 die Damen Amelie Schurich, Dora Lux, A. Rossi, M. Künniger,
307 3729 1646 3803 dagegen scheint uns Emmy Remolt in ihrem Aeußeren zu viel
313 3781 1640 3840 Energisches für die weiche, hilflose Ophelianatur zu haben. Nicht
315 3823 1634 3878 ganz an seinem Platz scheint uns Herr Schmidt=Häßler als Papa
316 3866 1637 3915 Losatti zu sein; die ganze Gestalt dieses liberalen Phraseurs erhält
314 3915 1640 3958 zu sehr einen Stich ins Komische. Dagegen waren die Herren
319 3962 1629 4022 Gerasch, Jessen, Alsen gan zan ihrem richtigen Platz. — Das Haus
310 3993 1633 4074 war gut besetzt; auch die Frau Herzogin Vera wohnte der Vor¬
305 4030 582 4100 stellung bei.
2221 224 2662 311 Telephon 12801.
1851 321 3049 402 Alex. Weigl's Unternehmen für Zeitungs-Ausschnitte
2841 388 3056 459 Ausschnitt
2073 399 2785 510 „OBSERYEP“
2881 443 3137 530 Nr. 76
1733 518 3150 590 I. österr. behördl. conc. Bureau für Zeitungsberichte u. Personalnachrichten
1732 562 2952 646 NelOVien, IX/1, Tünkenstrasse 12.
2137 649 2760 723 Filiale in Budapest: „Figyelö“-
1728 711 3161 790 Vertretungen in Berlin, Chicago, Genf, London, Newyork, Paris, Rom, Stockholm.
1692 814 3072 927 Staats=Anzeiger für Württemborg.
1727 983 2297 1079 vom: 11 7 77
2052 1182 3113 1259 (K. Wilhelmatheater.) Arthur Schnitzlers schon 1898
1919 1227 3105 1300 entstaadenes Schauspiel in drei Akten „Das Vermächtnis“,
1917 1272 3117 1330 welches zuerst in der zweiten Goethebunds= und nun am Dienstag in der
1916 1300 3116 1374 Abonnementsvorstellung vorgeführt wurde, zeigt uns denselben
1929 1343 3106 1420 Typus des „kleinen, süßen Mädels“, den man aus anderen Werken
1919 1375 3116 1456 des Wiener Dichters kennt, nur diesmal in Schwarz, in Trauer.
1884 1429 3115 1500 „In die Familie des Professors und Abgeordneten Losatti kommt
1915 1472 3119 1536 als letztes Vermächtnis des durch einen Unglücksfall plötzlich hinweg¬
1910 1508 3110 1560 gerassten Sohnes das Mädchen aus dem Volke, an das der junge
1911 1549 3106 1610 Student mehr, als er wohl ursprünglich beabsichtigte, sein Herz ge¬
1916 1589 3113 1648 hängt hat, Das „Vermächtnis“ ist unbequem, aber die Trauer um
1916 1620 3104 1689 den vergötterten Sohn macht seine Annahrne zur Pflicht und das
1905 1654 3114 1712 herzige Kind, das Toni mitbringt, erleichtert sie. Der kleine Franzi
1907 1704 3107 1749 ist freilich auch das einzige Bindeglied, das die sozialen Gegensätze
1914 1753 3116 1814 zusammenzufügen vermag; als das blasse, kränkliche Kind stirbt,
1922 1783 3101 1844 strebt der soziale Egoismus, sich des „Vermächtnisses“ zu entledigen.
1924 1821 3115 1877 Toni sieht sich in die einsame kalte Welt hinausgestellt, der sie den
1818 1820 1912 1879 200
1920 1860 3113 1902 Tod vorzieht. Der Familie Losatti bleibt neuer Skandal und neue
1911 1908 3106 1959 Verlegenheit. Aber ein Gutes hat das alte traurige Lied von der
1809 1905 1906 1960 1000
1737 1891 1805 1968 2
1915 1942 3152 2015 Liebe Lust und Leid doch gestiftet: die Tochter des Hauses bleibt #s
1911 1971 3165 2057 dadurch vor dem trübsten Liebesschicksal bewahrt, der Verbindung in
1721 1994 1906 2047 Abonnem
1911 2017 3108 2082 mit dem ungeliebten Manne. Dieser Stoff ist von Schnitzler ge¬
1717 2032 1902 2103 Abonnent
1921 2053 3106 2125 staltet zu einer Dichtung von schwermütiger Elegie (zwei Akte
1909 2102 3097 2160 werden in Trauerkleidern gespielt), zu der die Satire auf die Ge¬
1918 2131 3102 2186 sellschaft eine eigenartige Folie gibt. Tragik und Pathos, nach
1721 2146 1901 2205 Inhaltsa
1914 2170 3093 2238 denen der Stoff zuweilen förmlich ruft, liegen der Begabung Schnitz¬
1718 2198 1903 2253 blätte
1921 2212 3094 2274 lers ferner. Er ist zu kühl und zu weltmännisch, als daß er die
1728 2235 1905 2295 wodurch
1917 2250 3110 2313 Unzuträglichkeiten zu ubersehen vermöchte, die Verhältnisse wie die
1718 2277 1904 2332 Leben d
1910 2300 3103 2355 geschilderten immer mit sich führen werden, und er zieht gerade
1718 2318 1901 2391 theilunge
1908 2335 3098 2390 daraus seine besten Wirkungen, daß er in dem Zuschauer das Mit¬
1907 2375 3097 2419 gefühl und den Gerechtigkeitssinn mit der Einsicht in die gesell¬
1914 2411 3102 2473 schaftlichen Schranken zusammenstoßen läßt. Das mildert die Satire
1913 2450 3096 2505 zur Ironie und die Stimmung des Ganzen löst sich aus in einem
1909 2490 3093 2542 resignierten Geständnis des gesellschaftlich gebundenen Menschen:
1909 2530 3091 2591 Wir sind eben alle zu feig.“ — In der Ausarbeitung im Einzelnen
1910 2570 3087 2622 hat Schnitzler, der in allen seinen Arbeiten einen schönen Kunst¬
1904 2611 3086 2662 verstand bewährt, keinen durch den Stoff nahe gelegten Gesichts¬
1912 2653 3084 2706 punkt aus dem Auge gelassen. Hübsch ist z B., wie er in der Ex¬
1902 2684 3082 2733 position die Tochter aus gutem Hause aus ihrem umfriedigten, aber
1894 2729 3091 2783 auch gebundenen Leben einen neugierigen, eisersüchtigen Blick
1898 2760 3093 2825 tun läßt in die Sphären, in denen die jungen Herren der
1902 2803 3104 2874 Gesellschaft sich außerhalb des Hauses bewegen. Auch die Lebens¬
1896 2836 3094 2907 kreise, aus denen das Mädchen aus dem Volke stammt, zieht der
1892 2878 3100 2955 Dichter wenigstens im Dialog heran; auch sie haben ihre
1901 2922 2763 2986 Befangenheit und Engherzigkeit: das Kind,
2770 2930 3097 2982 as Toni der
1911 2956 3108 3023 Familie des verstorbenen Geliebten eine eit lang nahe
1891 2984 3102 3063 Tbringt, hat von ihrem eigenen Vater sie auf immer geschieden.
1896 3048 3099 3088 Gut beobachtet ist auch der Zug, daß gegen die Aufnahme Toni's
1896 3072 3095 3141 in die Gesellschaft gerade eine solche Persönlichkeit sich am meisten
1894 3121 3094 3179 wehrt, die sich selbst erst mühsam in die höhere Sphäre herauf¬
1903 3160 3089 3220 gearbeitet hat. Technisch hat das Werk manche Mängel. Das um¬
1893 3201 3090 3264 fangreichere Gesellschaftsstück bereitet dem Dichter noch eine gewisse
1891 3234 3097 3295 Mühe, die vielen Figuren alle gehörig ins Spiel zu bringen, was
1891 3275 3088 3340 wiederum den Aufbau und dramatischen Fluß der Handlung un¬
1889 3312 3082 3364 günstig beeinflußt. Dafür entschädigt er durch die Kunst der
1902 3356 3086 3400 Charakteristik und schließlich behauptet sich auch das Rührende
1896 3384 3098 3450 des Stoffs siegreich gegen die Schwächen, die dem Werke anhaften.
1952 3430 3096 3494 Die beste Figur ist die des Professors und Politikers, bei dem
1890 3472 3101 3527 die Regungen des gesellschaftlichen Egoismus mit den liberalen
1894 3514 3092 3557 Theorien in K##kt kommen, aber noch leichter obsiegen
1892 3541 3099 3612 würden, wenn mi., die in Schuldgefühlen begründete Fügsamkeit
1900 3597 3095 3640 gegen die Gattin ein weiteres Gegengewicht bildete. Der Dar¬
1894 3629 3084 3675 steller dieser Rolle, Herr Schmidt=Häßler, verwertet mit Ge¬
1906 3669 3084 3730 schick die in ihr liegenden humoristischen Pointen, die Gestalt im
1905 3713 3089 3748 ganzen dürfte mehr aus der Tiefe des Charakters geschaffen sein.
1904 3749 3090 3790 Emmy Remolt als Toni wirkt glücklich in der Gestaltung des
1897 3787 3090 3844 Volksmäßigen an dieser Figur, sie verwendet aber zu sehr die Mittel
1899 3833 3082 3903 aus dem Fach der Heroine: von dieser Toni erwartet man, daß sich
1871 3897 3053 3992 ihre Seele in wuchtigen Anklagen entlade. Sehr schön gibt Alexan¬
1870 3948 3066 4032 drine Rossi eine im Nachglanz glücklicher Liebe zu edler Milde ge¬
1876 3979 3071 4083 klarte Frauengestalt. Das weitere Ensemble bietet noch manches
1865 4022 3066 4113 Gute, läßt aber auch manches zu wünschen. Merkwürdig natürlich
1861 4059 2406 4130 wird die Kinderrolle gegeben.
