3436 4320
1414 89 2275 141 Von Uechtritz hat denn auch ein ganz präch¬
1363 129 2279 201 #tiges Kunstwerk hergestellt. Der Künstler stellt den
1356 172 2286 228 Kurfürsten, seinem Charakter gemäß — denn er war
1362 218 2280 279 mehr höfischer Lebemann, als Soldat — in eleganter
1358 267 2281 320 Hoftracht mit Escarpins dar. Ein Schanzkorb zu
1361 308 2289 372 seinen Füßen ist das Symbol dafür, daß er sich stets
1355 347 2285 410 in Deckung hielt und die Werbetrommel und die Ka¬
1362 389 2274 445 nonenkugeln deuten auf die Kriegszeit hin in der er ge¬
1358 427 2290 497 lebt hat. Interessant ist, daß eine der Rebenfiguren
1366 475 2291 540 den Grafen Schwarzenberg darstellt, den vielverlästerten
1364 518 2294 585 Kanzler des Kurfürsten, der bei Viclen als Verräther
1367 566 2294 621 an des Kaisers Sache galt, und nun hier — seine
1379 611 1724 683 Ehrenrettung findet.
1185 978 1299 1039 Krrereren
1059 1027 1359 1083 DUo
1615 1027 1736 1107 #
1796 1066 1927 1146 65
1711 1084 1774 1147 50
2221 1109 2296 1194 5
1573 1360 1670 1424 miiill
1134 1397 1925 1480 Geliesichresectensupschutieche esicetesechreg-Senseichticentencenemtcun
1167 1467 1222 1501 1UI1
1075 1461 2283 1555 Wienprichehungtesensceutontinengtstens unghtutentsteeregsuggt uenerte ge mreruerchriggietenchsetidl Kashhütsereke. Sher un Gchr
1012 1617 1386 1675 achweis nicht an
1465 1607 2248 1704 Theater und Musik.
1027 1655 1391 1715 aber an Arbeit¬
1025 1694 1391 1752 chfrage nach Arbeits¬
1611 1694 2071 1782 Deutsches Theater.
1028 1732 1395 1791 ngebot, so daß lange
1437 1745 2312 1835 Von dem schmalen Grenzrain zwischen zwei Lebens¬
1013 1774 1389 1829 bern Berücksichtigung
1400 1803 2317 1867 welten, auf den junge Liebe das Vorstadtmädchen und
1013 1811 1385 1870 ndlich ist jetzt der
1013 1845 1385 1916 straßenarbeitern. In
1393 1861 2312 1915 den Sohn der Bourgeoisie flüchten läßt, hat Arthur
1006 1890 1374 1939 it das städtische Tief¬
1402 1894 2313 1960 Schnitzlers Dichtung schon manche Blüthe
1010 1925 1387 1984 zur Ausführung der
1394 1938 2317 1998 gepflückt. Er kennt die schnell zerstiebenden Freuden
1014 1964 1376 2023 ürgersteigen fehlt. Der
1405 1995 2324 2050 dieses bunten Lebens — seine sprühenden dramatischen
1018 2010 1384 2055 Arbeiten ist nur aus
1406 2026 2311 2093 Novelleten „Anatol“ beweisen es. Er kennt aber auch
1005 2047 1386 2102 # Baunternehmer be¬
1395 2075 2307 2143 das Leid, das drohend aus den Abgründen steigt —
1015 2081 1375 2142 s ihnen aus Mengel
1401 2112 2321 2179 „Liebelei", sein reifstes Drama legt dafür beredtes
1033 2117 1384 2180 die Fristen zur Her¬
1003 2163 1386 2225 ten. Besonders gebricht
1393 2157 2308 2228 Zeugniß ab. Auch das jüngste Werk des Dichters,
1023 2205 1375 2276 sind jetzt sehr gesucht
1392 2206 2317 2278 das „Vermächtniß“, das gestern im Deutschen
1387 2248 2312 2311 [Theater einen starken unbestrittenen Erfolg errang,
1011 2281 2318 2340 er Gasversorgung behandelt das alte Problem. Es ist gleichsam
1025 2332 1376 2386 hat jetzt endlich für
1394 2341 2324 2400 das trübe Nachspiel zur Tragikomödie der freien Liebe.
1024 2366 1382 2432 Erledigung gefunden.
1396 2379 2323 2450 Der Professorssohn der von jähem Tode aus
1025 2397 1385 2465 nhausen, Französisch¬
1041 2424 2317 2490 seit geraumer Zeit einem frohen Genußleben gerissen wird, hinterläßt
1026 2484 2325 2531 sie am leichtesten zu sein ungetrautes Weib, sein Kind der Obhuk seiner
1029 2509 2319 2572 geplanken Errichtung Familie, Sein Wille wird geehrt, Mutter und Kind
1027 2558 1388 2620 Begen der damit ver¬
1397 2560 2322 2623 finden liebevolle Aufnahme in der fremden Welt
1029 2594 1385 2650 en werden und die
1400 2598 2311 2671 der Gesellschaft. Die Abgründe scheinen überbrückt.
1024 2630 1394 2695 ilten Birlins und der
1406 2646 2326 2699 Aber der Tod des Kindes zeigt, wie schwach
1024 2675 1386 2740 ing von Röhren nach
1408 2688 2323 2746 die Fäden sind, die sich zwischen den ungleichen
1030 2717 1384 2773 u keinem Abschluß.
1411 2727 2319 2784 Hausgenossen geknüpft haben. Das Achselzucken der
1025 2759 1390 2814 englische Gas¬
1400 2774 2324 2828 Bekannten, der richtende Philistersinn eines tyrannisiren¬
1013 2790 1388 2848 gen, die Sache in die
1402 2820 2316 2872 den Schwiegersohnes führen schnell genug den Bruch
1021 2834 1391 2886 sind bereits in Angriff
1403 2859 2315 2924 herbei. Das Mädchen, dem in kurzer Frist alles ge¬
1017 2870 1395 2925 t bis zur Prenzlauer
1024 2913 1388 2968 tiggestellt, es handelt
1407 2906 2322 2964 raubt ist, mird aus dem Heim, nach dem sie bangt, ver¬
1018 2946 1389 3007 Legung der Röhren
1405 2953 2320 3026 trieben. Für sie ist das Leben abgeschlossen. Sie sucht
1023 2986 1390 3051 Rangirbahnhofs. Hier¬
1404 2999 1587 3065 den Tod.
1015 3024 1398 3083 aber auch bereits die
1450 3023 2324 3102 Zu einem wirksamen Theaterstück hat Schnitzler
1028 3063 1402 3119 ieVerwähnten Vororte
1416 3091 2324 3141 diesmal seinen Stoff gestaltet. Ein sympathischer Zorn
1026 3106 1395 3158 ter Gas zu Beleuch¬
1405 3130 2321 3200 hat ihm die Feder geführt. Der Zorn gegen eine kläg¬
1023 3143 1393 3214 zur Verfügung haben
1398 3178 2328 3244 liche Moral, die sich vor einem Verhältniß bekreuzigt,
1403 3225 2319 3295 das nicht von der bürgerlichen Gesetzmäßigkeit abge¬
1015 3217 1390 3287 einer elektrischen
1409 3258 2311 3339 stempelt ist. Aber mir scheint, als habe die „Liebelei
1017 3274 1395 3323 Erkner mit Kalkberge¬
1028 3309 1389 3369 Elektrizitätsgesellschaft
1409 3319 2114 3377 einer verwandten Frage tiefer nachgespürt.
1026 3348 1406 3402 egierung in Potsdam
1446 3330 2322 3421 Als sei das gleiche Problem im älteren Werk mit
1021 3385 1398 3440 ist beabsichtigt gleich¬
1414 3402 2326 3453 reineren, unbefangenen Künstleraugen gesehen, während
1027 3427 1394 3482 eine elektrische Zentrale
1419 3451 2325 3498 im „Vermächtniß“ die Brille der Tendenz den Blick des
1039 3466 1388 3531 an die umliegenden
1401 3483 2328 3552 Dichters trübt. Dort trat der gewaltige Zwiespalt
1405 3541 2324 3594 deutlicher hervor, der in einer zerbröckelnden Welt den
993 3530 1391 3607 hnung setzt ein Rix¬
1419 3583 2331 3636 Menschen vom Menschen reißt. Hier ist weniger von
997 3584 1397 3646 der letzten Nächte zwei
1418 3619 2325 3676 Klüften des sozialen Lebens als von menschlicher Klein¬
996 3632 1397 3684 hat in einer der Rixdorfer
1421 3671 2326 3723 lichkeit die Rede. Doch ein reiner, aristokratischer Geist,
995 3671 1391 3729 grücken lassen: „Spitz¬
1416 3707 2318 3767 der Trivialitäten behutsam aus dem Wege geht, herrscht
987 3706 1395 3784 zige zwei Hühner, Ich
1070 3746 1398 3801 Sei brav, gut und
1410 3756 2332 3815 auch in diesem Drama. Er läßt das Schauspiel nicht
995 3776 1400 3850 lage 6 drei Hähne fett.
1409 3792 2325 3854 zum Thesenstück herabsinken, wie es pfuscheuder Advo¬
1013 3829 1105 3891 dur
1410 3845 2276 3900 katensinn oft genug in die Litteratur einschmuggelt.
983 3881 1107 3932 ren
1423 3889 2327 3942 Die Aufführung ließ erkennen, daß die Leistungen
990 3922 1094 3979 i sei
1875 3935 1982 4021 —
1822 4001 1999 4069 it 119 3
983 4008 1092 4073 stei
1073 4066 2221 4140 rothen Kalten der Packetfahrt=Gesellschaft zu wersen.
