3484 4480
1460 206 1945 326 box 16/4
264 193 1327 343 10. Das Vernaechtnis
609 939 3403 997 vom Liede, lautel der Bericht, sei gewesen, daß Busch irgend etwas sondern auch durch eine entschiedene Opposikion, iod solche sächlich deneschen Besgarberter
2818 976 3410 1042 „alter" Verband) hatte bekanntlich
1728 991 2828 1038 geboten ist. So hat es das Centrum bisher gehalten und so wird
606 990 1727 1045 erhielt und das Manuskript von Brockhaus zurückzog. Mein
2808 1015 3410 1080 1 mehrerer großer Bergarbeiter=Ver
1720 1023 2831 1086 es das Centrum auch ferner halten, den eigenen Grundsätzen ent¬
610 1021 1728 1082 Freund setzt hinzu: „Die Monologe Bismarck's liegen ohne
1714 1064 3412 1108 sprechend und nach reiflicher Erwägung, was dem wahren Wohle waltungen die Forderung einer Lo#
608 1057 1722 1123 Zweifel früher als das meiste, was jetzt veröffentlicht wurde, und
1717 1097 3415 1166 des Vaterlandes dienlich ist. Wenn das Centrum in der letzten! alle Bergleute gerichtet. Kurz nacht
606 1096 1723 1176 wahrscheinlich hat Busch, wenn er auch das Manuskript ausliefern
2812 1178 3414 1239 an der Enttäuschung, die der heutig
1718 1187 2825 1235 lirte Voraussetzung hätte der Dichter festhalten sollen, und wahr¬
2826 1221 3421 1277 sie wenig gethan hat, um dem Wer#
1733 1231 2822 1283 scheinlich wäre ihm der Nachweis gelungen, daß die Gesellschaft,
746 1179 1619 1315 Kleines Feuilleton.
2824 1264 3413 1315 feste Ueberzeugung. Herr Bolz
1719 1268 2833 1327 wenn die ersten Rührungen vorüber sind, auch aus einem so ganz
2825 1305 3406 1362 A. Müller (er möge uns un
1732 1308 2832 1356 besonderen Anlaß mildernde Umstände auf die Dauer nicht zuge¬
2818 1336 3417 1398 waren, genau betrachtet, die Einzig
1732 1333 2822 1392 steht. Allein er läßt das Kind im zweiten Akt sterben und schiebt
1208 1349 1693 1432 Frankfurt, 2. Januar.
2822 1361 3414 1434 ihrer Rollen wirkten. Minder gen
1727 1372 2816 1431 badurch das Thema genau wieder auf die Stelle zurück, wo er es in
2823 1412 3422 1466 die Damen Boch und Klink
1718 1412 2822 1471 der „Liebelei“ verlassen hat. Und leider wiederholt er blos dieses
697 1412 1731 1470 = [Frankfurter Schauspielhaus.] Außer dem sichtbaren
2817 1462 3409 1519 Frl. Pollner machte in ihr
1732 1458 2822 1509 sein Motiv und nicht auch seine frühere Kunst. Wohl fühlt man
617 1463 1735 1519 Theile des Spektrums zwischen Dunkelroth und Lavendel
341 1376 450 1553 ∆
2824 1500 3416 1556 ungen rege, ließ aber späterh
1727 1503 2820 1548 da und dort, namentlich im ersten Aufzug, ihren raschen, heißen
617 1498 1725 1550 lassen sich, wie man weiß, noch auf beiden Seiten Strahlen nach¬
2822 1528 3414 1585 und jedes Bedeutende vermisse
1729 1540 2818 1588 Athem; wohl sind seine Menschen echte Menschen, nicht „gut“ oder
605 1538 1726 1602 weisen, die zwar für das Auge nicht wahrnehmbar sind, ihre
2822 1570 3414 1621 Freund, die nie versagt, wer
1728 1573 2825 1634 „böse“ wie in der alten Komödie, sondern sie stecken nur fest in
620 1582 1730 1632 Existenz jedoch durch andere Aeußerungen darthun. Eine ähnliche
2828 1617 3413 1671 beschäftigt, sollte heut einen großen
1731 1607 2820 1664 ihrem Leben und können aus ihm nicht heraus; wohl ist er in der
622 1615 1729 1673 Erscheinung (wenn die Anwendung eines Gleichnisses erlaubt ist)
2823 1658 3415 1701 allenfalls von Frl. Frank hätte bec
1727 1642 2820 1700 Art, wie er seine These auseinandersetzt und vertheidigt, so logisch,
617 1657 1724 1710 zeigt sich in unserer bürgerlichen Gesellschaft: Zwischen Dunkelroth
2825 1687 3420 1739 sie natürlich hilflos vor ihrer Auf
1733 1695 2815 1743 so beredt und warm wie damals, — aber das Vermächtniß" ist
607 1685 1731 1752 und Lavendel ist Alles, hell und bunt, für Jedermann sichtbar,
2822 1726 3411 1777 neten Pater familias, den Profe
1723 1720 2823 1787 kein so gutes Theaterstück wie die „Liebelei“ und die tech¬
621 1731 1732 1790 aber abseits davon gibt es Strahlen, die nicht zu existiren scheinen.
2825 1763 3420 1827 Schwächling, der sich an seinen
1724 1765 2834 1834 nischen Mängel stechen die inneren Vorzüge aus. Vor Allem kann
610 1780 1728 1830 Das heißt, sie existiren nicht, nicht weil man sie nicht sieht, sondern
2824 1806 3409 1861 pflegt, hätte vielleicht Herr Baue
1723 1805 2826 1862 sich der Dichter diesmal selber nicht genug thun und die Folge
615 1814 1732 1871 man sieht sie nicht, weil man geflissentlich die Augen zumacht.
2822 1840 3414 1895 spielte er den nüchternen gemüt
1729 1847 2826 1896 davon ist, daß er zuviel thut. Die weise Oekonomie in Dialog
617 1839 1731 1906 Zwischen Dunkelroth und Lavendel liegt die von Gesetzen
2830 1876 3422 1937 Herr Bauer Gemüth hat, gab er d
1723 1873 2837 1946 und Vorgang, die in der „Liebelei" die Handlung vorantrieb, fehlt
611 1889 1731 1952 umzäunte, vom Herkommen gefestigte, von Privilegien ge¬
2821 1924 3406 1979 so fernelag, eine Schärfe, die ihm
1731 1920 2824 1983 dem neuen Drama. Was geschieht, wird nicht mehr ange¬
1353 1912 1730 1980 — und dicht dabei
625 1919 1372 1980 stützte bürgerliche Welt der Legitimität,
2826 1959 3407 2026 einen Gymnasiasten, — von dem,
1732 1971 2818 2023 deutet und blos in den Hauptpunkten stark angefaßt,
619 1976 1733 2021 die weite, weite Sphäre des Außerbürgerlichen, die man kennt,
3074 1984 3414 2056 infolgedessen konnt
2822 1998 3096 2056 nur wenig, —
1728 1988 2828 2064 sondern es verliert sich in Einzelheiten, wird breit, statt tief
614 1998 1731 2056 aber nicht anerkennt, die ihr Lebensrecht hat wie Alles, was leben¬
2829 2032 3417 2091 haben, das junge Mädchen des Drama
1729 2032 2822 2093 und findet kein Ende mehr. Wir sprechen, wenn wir von einem
628 2045 1732 2102 dig ist, die hell und bunt ist, wie Alles, was irdisch ist, die kämpft
2821 2072 3416 2140 sich Frl. Steimann so geschi
1721 2080 2835 2144 Poeten reden, nicht gern den Namen Sardou aus, aber dieser
616 2088 1727 2140 und leidet, wie Alles, was menschlich ist. Die Grenzlinie
2824 2122 3416 2174 einer Künstlerin, die nicht mehr
1728 2126 2828 2175 Hexenmeister der Szene und beste Kenner des Publikums weiß, daß
616 2120 1723 2184 nun, in der die bürgerliche und die außerbürgerliche Welt zu¬
2820 2149 3398 2212 reflektirt, nur irgend ermöglicht.
1727 2145 2831 2211 man in einem ersten Akt einen Menischen nicht eine halbe Stunde
619 2155 1733 2221 sammenstoßen, sucht Arthur Schnitzler in seinen Dichtungen
2822 2181 3414 2254 und schlecht: nichts entsprach so
1737 2199 2827 2255 lang auf offener Bühne sterben lassen kann, und in seiner „Fedora“
627 2202 1734 2254 mit Vorliebe auf. In der „Liebelei“ zeigte er an einem proleta¬
2820 2234 3422 2293 und alle Töne standen, in sich nich
1724 2234 2831 2297 hat er genau die Dosis abgemessen, die der Zuhörer ohne Wider¬
623 2236 1730 2290 rischen Menschenschicksal den schroffen Gegensatz zwischen Kaste und
2826 2276 3421 2328 monisch nebeneinander. Das Publ
1727 2269 2831 2329 spruch verträgt. Dazu kommt, daß Schnitzler des so wichtigen
625 2283 1725 2332 Outcasts und in seinem neuen Drama „Das Vermächtniß",
2825 2312 3423 2371 ohne Eifer, und dieser Mangel
1726 2318 2833 2369 ]Wechsels der Stimmungen diesmal gar nicht achtet und mit
612 2305 1733 2370 das heute mit theils zögerndem, theils schwankendem Erfolg bei uns
2825 2349 3427 2411 eigentlich das bedauerlichste Ergeb
1725 2354 2828 2405 einer Beharrlichkeit, die schließlich nervös macht, wieder und immer
624 2366 1731 2409 zur ersten Aufführung gelangte, weist er an einem Einzelfalle, der
2825 2394 3410 2439 man fühlte bei diesem Anlaß auch,
1722 2387 2836 2442 wieder den gleichen Mollaccord greift. Dadurch wird das, was tragisch
626 2403 1733 2450 so supponirt ist, daß er zu noch höherer Duldung einladen müßte,
2818 2424 3417 2486 personal unseres Theaters geworde
1723 2423 2833 2481 sein sollte, blos traurig und das #ostraurige wird larmoyant.
629 2441 1726 2486 die ganze traurige Unversöhnlichkeit der beiden Lebensformen nach.
2888 2468 3411 2523 = [Die Finanzen eines en
1732 2473 2832 2525 Und daher kommt es, daß man de## nirgends recht frohwird
633 2472 1730 2526 Es könnte anz wohl der Fall sein, daß der Protestschrei, mit dem
2826 2503 3414 2558 aus London: Wenige Leute ma
1726 2510 2836 2569 und daß alle guten Absichten d##e Sichters, an denen wir von
622 2513 1729 2565 seine erste Heldin aus dem Bereich der dunklen Strahlen, Christine,
2835 2541 3416 2597 wie groß das Budget eines der vor
1735 2537 2828 2598 Herzen gern Antheil nähmen, erst ermüden und endlih uälen.
632 2538 1725 2594 ihr Verhältniß zur Gesellschaft verdeutlichte: „Und wer bin ich?“
2821 2578 3420 2640 Londoner Mitarbeiter des Manch
1725 2588 2828 2636 1 Vermuthlich wird das Drama dort, wo die Darstellung das dieneri¬
627 2577 1727 2651 den Dichter veranlaßt hätte, das früher behandelte Problem noch
2823 2617 3411 2683 interessante Nachricht zugegangen.
1729 2621 2836 2688 sche Milieu besser zu treffen weiß, auch ein besseres Schicksal haben,
627 2620 1727 2680 einen Schritt weiterzuführen. Aus der Liebelei ist eine Liebe
2827 2656 3415 2714 Constitutional“, dessen Palast Pi
1734 2670 2838 2729 vermuthlich auch dort. wo man es einfach besser spielt, wo also
618 2662 1739 2738 geworden, wirkliche ernste Liebe; zwei Menschen, die einander von
2826 2686 3410 2755 Klub begann seine Laufbahn mit
1729 2708 2836 2757 einerseits ein gut abgestimmtes Ensemble thätig ist, andererseits die
621 2709 1738 2781 Herzen gernhaben, nehmen sich das Recht heraus, glücklich zu sein,
2830 2741 3418 2792 und hatte eine weitere Million dur
1727 2734 2838 2805 Feinheiten der Rede nicht direkt verlorengehen. Worauf beruht denn
628 2752 1735 2801 ohne vorher die Kirche oder den Staat um Erlaubniß zu fragen.
2822 2784 3418 2836 I Er hat jetzt die Schuldenlast auf 1#
1741 2776 2834 2842 eigentlich die Vorbereitung eines Theaterstücks? Etwa darauf,
619 2788 1739 2845 Wieder wie damals wird der bürgerliche Held von einem jähen
2825 2816 3423 2872 auf 920,000 ¼ verringert, was ih
1731 2824 2838 2869 daß die Möbel alle an der richtigen Stelle stehen? Oder darauf, daß
622 2817 1733 2882 Tode ereilt, und da die Gesellschaft für die Nuancirungen der
2827 2862 3415 2905 lichen Zinsenlast von über 80,00
1728 2860 2835 2915 die Schauspieler ihre Rollen können und daß sie wissen, durch welche
622 2865 1740 2916 illegitimen Zärtlichkeit kein Auge hat, würde dieser Fall genau so
2836 2902 3424 2954 Jahresausgaben sind 40,000 4
1731 2908 2827 2956 Thüren sie zu kommen und zu gehen haben? Unsinn! Eine Aufführung
621 2902 1738 2958 verlaufen wie der erste. Aber eine Schwierigkeit ist jetzt zu über¬
2837 2945 3408 2986 Abgaben und Versicherungskosten,
1732 2948 2839 2990 ist unfertig, solange die Sprache der Dichtung nicht vollkommen
630 2942 1740 2998 winden; diesmal kann die Kaste das Unbequeme nicht so leicht von
2839 2981 3414 3026 Livreen, 32,000 % Gas und elektr
1729 2983 2836 3038 durchgearbeitet ist, solange jeder Betheiligte den Ton bildet, wie
630 2975 1730 3038 sich abschütteln: ein Kind ist da! Mit flehenden Worten
2837 3017 3416 3076 großen Auslagen hat der Klub ab
1731 3022 2831 3067 es ihm poßt und die Regie nicht unnachsichtlich darauf beharrt,
622 3021 1736 3082 legt der Sterbende den kleinen Franz seinen Angehörigen ans
2825 3057 3334 3125 jschuß von etwa 60,000 c
1731 3059 2838 3118 daß dem Antor das erste und bedeutsamste seiner Rechte gewahrt
637 3051 1744 3119 Herz, und da Mutter und Kind nicht zu trennen sind, entschließt
2936 3075 3413 3152 [Gestern und heute.] A
1735 3101 2846 3146 wird: nämlich verstanden zu werden. Wir möchten durchaus
634 3093 1751 3159 sich die angesehene Familie Losatti, auch Toni Weber, die Geliebte
626 3153 3428 3184 des Sohnes, zu sich ins Haus zu nehmm. Diese bestimmt formu¬ nicht die Meinung äußern, die Frankfurter Darstellung sei schuld berichtet: Vor dem Strafrichter
542 3298 684 3433 2
1150 3396 1224 3456 A
