3484 4480
1456 202 1895 284 box 16/3
242 206 1286 302 10. Das Vernaechtnis
1218 1698 2035 1788 DIE THEATER DES MONATS.
1635 1766 2345 1845 blieben, dass man auf Schnitzler Hoff¬
1137 1787 1334 1849 BERLIN.
1634 1825 2010 1882 nungen setzen darf.
935 1859 1608 1919 Das DaurschE THEATER brachte
1654 1868 2343 1922 Im SchausPiELHAus gelangte“ Vörg
916 1906 1611 1955 Arthur Schnitelers Schauspiel in drei
1641 1913 2349 1967 Trugenhoffen“ von Rudolf Stratz zur
910 1952 1621 2001 Akten“ Das Vermächtnis.“ Nach einem
1637 1951 2343 2002 Aufführung. Zu einem Erfolge gelangte
912 1997 1623 2048 sehr starken und eindrucksreichen ersten
1640 2000 2346 2053 es nicht. Stratz ist wol kaum mit son¬
915 2039 1625 2086 Akt verliert sich das Interesse nicht un¬
1632 2040 2350 2096 derlichen dichterischen Intentionen an
912 2081 1614 2128 bedenklich. Zwar ging das Premieren¬
1643 2094 2344 2132 sein historisches Drama herangetreten;
911 2121 1618 2168 publikum auch in den beiden Schluss¬
1634 2123 2344 2182 aber auch die Bühnenwirkungen, denen
1634 2171 2348 2229 er nachging, sind ihm versagt geblieben.
915 2170 1624 2215 akten mit dem Dichter mit, aber es war
1670 2210 2347 2267 Mar Drevers“ Grossmama“ erschien
914 2209 1629 2270 ersichtlich, dass Schnitzler diese Gunst
908 2262 1625 2316 mehr der These, die er vortrug, als
1640 2251 2335 2302 auf der Bühne des LESSINGTHEATENS.
908 2295 1611 2348 seinen dichterischen Qualitäten ver¬
1635 2294 2342 2351 Nachhaltiger Erfolg blieb auch ihm ver¬
912 2339 1616 2383 dankte. Und doch war des echt Künst¬
1639 2341 2357 2397 sagt. Freilich. Max Dreyer lässt esnie an
1637 2383 2345 2434 psycholo, ischen Feinheiten ermangeln,
914 2380 1617 2430 lerischen genug auch in diesen Schluss¬
1636 2424 2350 2479 und die Bebahrung seines Weiberfeindes
908 2431 1619 2485 akten vorhanden; überhaupt: wenn
915 2471 1621 2523 dies“ Vermächtnis“ auch keine sonder¬
1637 2467 2349 2523 ist auch nicit ohne Hnmor. Aber das
1641 2511 2364 2569 Ueberzeugende fehlte ihm und die Ge¬
911 2514 1625 2571 lich grosse Anzahl von Aufführungen
1634 2553 2089 2608 walt über das Publikum.
908 2558 1621 2609 erleben wird, man ist sich bewusst ge¬
