3436 4480
205 274 1377 408 10. Das Vernaschinis
1384 296 1862 405 box 16/3
154 1105 2990 1194 n über das Entstehen des Wertes zu veroffent= übersenden, der es nach und nach vorlegen mird. Ich] Kröner am anderen Tage nach Stullgatt, Wo soiel. 2..
168 1174 2990 1221 den Titel führt: Gedanken und Erinnerungen, werde morgen abreisen, um auf einige Wochen ein behag= Satz hergestellt und eine geringe Anzahl von Abzügen ge¬
970 1209 2987 1276 licheres Klima aufzusuchen und werde etwa am 1. Juni macht wurde, deren Geheimhaltung in dem kleinen Kreise
172 1221 606 1282 Fürst von Bismarck.
180 1260 2999 1306 im Januar 1889 hatte die Cotta'sche Buch= wieder in Friedrichsruh eintreffen. — Der Fürst hat sich der Eingeweihten bis heute gelang. An dem Manuskript
1970 1306 2990 1392 gerdnen, die Aebe 14. führ den — dan Sehn— Ale
158 1312 1993 1418 e. mn den Zoblin den Leiamtenf lich sen Bidus, unch un Biengten Bunge. Ur er
1979 1374 2995 1435 schwärmen, den Alle lieben, darunter auch seine Cousiue
177 1384 996 1451 „den werde ich niemals empfangen — ich lasse
982 1387 1991 1447 geliebt hat — Ihr aber, Ihr habt zum Hause hinaus¬
1985 1421 2990 1488 Agnes Winter, da wird also dieser Hugo sterbend ins
980 1429 1989 1488 gejagt, was ihm am theuersten auf Erden war!“ So ruft
181 1434 993 1494 feiern. Man braucht wahrlich nicht zu jenen
1975 1478 2998 1546 Haus getragen. Ein passionirter Sportsman, ist er im
994 1476 1981 1536 die tapfere Franzi Losati den Eltern und ihrem Bräutigam,
169 1464 992 1542 u gehören, die jedes leichte Lustspiel verreißen,
1987 1519 2992 1586 Prater unglücklich gestürzt: eine tödtliche Gehirnerschütterung
183 1527 981 1576 er als Direktoren den aibernsten Tand anzu¬
983 1523 1985 1575 dem steifledernen Moralfex Dr. Schmidt, zum Schluß von
1985 1560 2997 1627 war die Folge. Und nun stirbt er während einer halben
153 1562 983 1632 ber zwischen einem wirklich lustigen Stück und
980 1570 1982 1626 Arthur Schnitzlers neuestem dreiaktigen Schauspiel „Das
1987 1612 2989 1668 Stunde. Um sein Lager herum herrscht ein Gerenne und Ge¬
989 1608 1991 1663 Vermächtniß“ zu, das am Sonnabend im Deutschen
181 1612 979 1680 Werk ist doch ein gewaltiger Unterschied.
1985 1654 2990 1710 thue; ein Arzt ist zur Stelle, greift aber nicht ernstlich ein; die
165 1665 981 1722 gern habe ich mich bei Blumenthal=Kadelburg
984 1658 1989 1717 Theater zum ersten Male aufgeführt wurde. Es ist
1977 1691 3003 1754 Menschen reden ohne Ende; es redet auch der Sterbende:
989 1702 1987 1756 die Quintessenz der Dichtung. Der Kampf mit bornirtem
182 1706 987 1762 amüsirt und ihrem großen Talent volle
1986 1740 2987 1811 er erzählt der Mutter, daß er mit einer Toni Weber seit
981 1752 1979 1812 Philisterthum, der Gegensatz zwischen schöner Menschlichkeit
157 1745 983 1802 Et widerfahren lassen, diesmal wurde ich aber
1973 1800 2989 1860 fünf Jahren in wilder Ehe lebt und einen vierjährigen
978 1797 1994 1856 und beschränkter innerlich hohler Ehrbegriffsstutzigkeit —
155 1798 988 1858 uriger. Wer das Zeug hat, etwas wirklich
1976 1837 2999 1895 Buben hat; die soll man holen, zum Abschied. und dann
158 1841 1975 1911 chaffen, soll sich auch die Mühe dazu geben. — das wäre eigentlich ein Stoff, der sich als Komödie, oder
1984 1879 2993 1942 sollen sie im Hause bleiben, Mutter und Kind, das
170 1895 1981 1952 iscenirung des Stückes war alles Mögliche ge= Tragikomödie höheren Stils wirksamer behandeln ließ,
1985 1921 3000 1991 Theuerste, was er besessen, er hinterläßt sie den Seinigen
978 1932 1983 1985 weil so wir zum befreienden Lachen kommen würden.
171 1939 980 1995 die Bühne sah reizend aus — ein Be¬
1975 1957 3001 2044 als sein „Vermächtniß". Wunderbar die Zeichnung der
980 1977 1982 2036 Schnitzler hat sich für den tragischen Ton entschieden und
189 1978 981 2045 das Regie=Talent des Herrn Keßler.
1971 2021 2997 2081 einzelnen Charaktere, der Eltern, Geschwister, der Cousine,
985 2026 1987 2089 er hält ihn durchweg fest. Die Schlußtirade der Franzi
191 2013 989 2090 gab den alten Töpfermeister in glänzender
1973 2062 2996 2121 des Hausarztes — Franzis Bräutigam — vortrefflich die
977 2059 1989 2136 kommt in gewisser Beziehung zu spät: der Eindruck all'
210 2071 987 2139 Es war eine Leistung, an der man seine
1980 2105 2999 2175 Beobachtung einzelner Züge. Aber — aber im Zwischenakt
980 2115 1974 2173 der düsteren, schmerzlichen, häßlichen Vorgänge auf der
206 2100 980 2177 haben konnte, und man muß aufrichtig be¬
1984 2146 2993 2215 sprach ich einen Geheimen Sanitätsrath: „Gewiß — sagte
968 2159 1987 2232 Bühne droben wirkte auf die Zuschauer drunten so be¬
203 2166 987 2222 eine solche Kraft allerersten Ranges dem
1975 2195 2991 2259 er — Sie haben ganz Recht! Da hätte man ganz anders
975 2205 1983 2268 klemmend, daß jene Worte eine befreiende Wirkung nicht
166 2211 978 2268 Hause verloren geht. Vollmer entwickelte
1973 2246 2992 2328 vorgehen müssen. Alle aus dem Zimmer 'raus; Blutegel,
975 2252 1976 2315 mehr ausüben können, denn man wartet zu lange auf sie.
166 2254 990 2311 eichen Humor in der bekannten Bonvivantrolle
1978 2295 2986 2362 Eisbeutel! Das bischen kalte Umschläge — zu dumm. Und
1051 2297 1990 2353 Ich habe mich den ganzen Abend über gefragt: be¬
185 2300 995 2348 Schramm war köstlich als Schwärmerin
980 2337 2990 2404 dentet „Vermächtniß“ einen Rückschritt des immer liebens= dann — soviel sprechen konnte der Hugo gar nicht, wenn
169 2350 978 2408 rnehme. Herr Christians, der merkwür¬
1978 2383 2990 2445 der Fall so schwer war.“ Der Naturalismus hatte also,
972 2383 1988 2460 würdigen, oft geistreichen Antors des „Anatol“, von
185 2393 990 2460 ein Wien gerade in modernen Stücken gefeiert
1968 2435 2983 2498 obschon Schnitzler ja selbst „Dr. med.“ ist, ein gewaltiges
979 2433 1988 2491 „Liebelei", „Freiwild“. Ich glaube das nicht — es ist
186 2434 978 2492 e den verschuldeten Baron, der endlich den
1975 2476 2987 2534 Loch. Bei den vielen schönen, künstlerischen Einzelheiten
976 2481 1988 2534 wohl nur eher ein Mißgriff. Nicht in Bezug auf die
162 2485 974 2539 ehrlichen Arbeit erkennt, mit einem Pathos, das
1971 2530 2990 2586 der scenischen Ausgestaltung der Situation wäre man
980 2529 1993 2589 Wahl des Stoffs, der übrigens auf der Bühne fast ebenso
172 2529 981 2593 war, als dessen Schulden. Die Naive wurde
1971 2565 2997 2633 jedoch hierüber gewiß hinweg gekommen, wenn's nicht so
976 2572 1981 2638 häufig anzutreffen ist, wie im Leben selbst, zumal in der
172 2580 981 2634 von Fräulein von Mayburg gegeben, und
1974 2628 3000 2681 sehr peinlich gewesen wäre, diesem Sterben beizuwohnen,
974 2621 1983 2688 französischen Literatur, wo ja die „wilde Ehe“ die „rkehabili¬
173 2619 978 2678 tmann war als Jean an seinem Platze. Eine
1977 2665 2982 2722 ohne daß dem Sterbenden geholfen wird. Aber die
989 2663 1984 2727 tirung der Gefallenen“ u. s. w. das Thema unzähliger
154 2672 991 2725 rige Baronesse, die eben aus einem Geufer
1974 2699 2990 2761 „Exposition“ mußte doch durgeführt werden, die Charaktere
977 2710 1982 2759 Bühnendichtungen bildet. Und dazu hat der Deutsch¬
156 2715 975 2767 rmt, war der ausgezeichneten Heroine unseres
1971 2756 2983 2813 sich zeigen. Das geschah meisterhaft, aber eben auf Kosten
980 2747 1989 2817 Wiener die Sache natürlich ganz anders angefaßt, als
181 2769 972 2821 zudiktirt worden. Medea als Baroneßlein —
1964 2789 2374 2859 unseres Empfindens.
978 2798 1983 2859 seine Pariser Kollegen. Es ist keine tendenziöse Disser¬
162 2808 988 2873 der, daß Fräulein Poppe den Titel des
2033 2817 2978 2912 Ich verweilte hierbei etwas länger, um an einem Bei¬
976 2842 1991 2911 tation à la Dumas und Augier — es ist ein Stück
164 2850 984 2920 ichstäblich nahm und den ganzen Abend über
1971 2893 2979 2949 spiel zu zeigen, worin mir der Mißgriff Schnitzers zu
981 2893 1979 2956 wahren, echten Lebens, feinfühlig empfunden und scharf
185 2900 980 2964 ihren Sonnenschirm festhielt. — Zahlreiche
986 2942 1977 2994 beobachtet mit einem Dichterherzen und Künstlerangen.
1968 2937 2977 2996 liegen scheint. Der zweite Akt bringt eine Reihe Stim¬
182 2946 974 3008 sogar der Leiter des Stadttheaters in Neu¬
1980 2981 2985 3048 mungsbilder von köstlicher Intimität, aber die Handlung
974 2982 1982 3051 Nur daß wir das Grau in Grau, richtiger — das
165 2989 981 3053 aren erschienen; sie zogen enttäuscht von dannen
1970 3025 2978 3089 im Uebrigen kaum weiter. Toni ist freundlich, ja herzlich
978 3022 1987 3089 Schwarz in Schwarz auf die Dauer nicht gut ertragen
166 3036 990 3113 sten Absicht, den Autoren die Reisekostru beim
965 3090 2982 3145 können. Das geht uns so schon gleich im ersten Akt. Daj aufgenommen, der kleine Franz — der Abgott des Hauses.
175 3086 536 3160 effer abzuhandeln.
179 3135 2983 3185 n. „Wenn ein Mensch stirbt, den wir lieb wird nach einigen einleitenden Scenen, in denen immer] Der superkluge, gefühlsarme Professor und der verstandes¬
166 3175 2985 3245 n, dann heben wir Andenken an ihn auf, nicht wieder von Hugo Losati, Sohn eines Professors und Ab= kalte bornirte Doktor bilden einen Gegensatz zu den über¬
727 3298 840 3478 2
207 3253 708 3493 Tust#.
