3484 4384
246 171 1295 280 10. Das Vernaechtnis
379 968 1276 1071 igung geistige Haltung war, nun schauspiele¬
306 1025 652 1100 rischer Ausdruck.
379 1081 1286 1150 In Schnitzlers abgeblaßtem, nie recht
298 1116 1265 1171 lebendig gewesenem Schauspiel „Das Ver¬
305 1158 1259 1224 mächtnis“ versuchte sich Louise Kartousch
306 1200 1272 1264 als Profaschauspielerin. Es war recht merkwürdig,
296 1248 1263 1297 wie sehr dieses in der Operette originale und
294 1292 1268 1344 originelle Talent als ein schnitzlersches Wiener
310 1332 1264 1378 süßes Mädel unpersönlich und erlebnisleer blieb.
316 1370 1278 1432 Das macht: der Versuch der Verwandlung ins
315 1399 1274 1465 Schauspielerische wurde an einem untauglichen
320 1448 1278 1502 Objekt vorgenommen. Nur wesentlich anderes
309 1489 1288 1540 kann den inneren Auftrieb, die seelische Zusam¬
312 1529 1274 1593 menraffung erwirken, die neuen Ausdrick ergibt.
312 1573 1271 1634 Schnitzlers süßes Mädel ist nicht wesentlich anderes
320 1608 1273 1665 als Operette, ist stilistisch ausgebildetes, in den
814 1643 1294 1708 Soubrettentum. Der
306 1660 783 1712 Mitteln verfeinertes
317 1693 1255 1744 Sprung aus der gesungenen Operette in die ge¬
324 1749 1288 1798 sprochene Operette ist zu kurz, um schauspielerisch
323 1787 1283 1835 neuen, im Grund anderen Ausdruck zu erzwingen.
310 1819 1279 1873 Das den Schauspieler verwandelnde Erlebnis be¬
307 1854 1288 1910 dingt drumaturgisch einen Weitsprung, sonst bleibt
303 1895 1276 1956 die Gestaltung wie bei der Kartousch im Unent¬
315 1954 1276 1998 schiedenen, Temperamentlosen, Bonbonnierehaften
324 1991 1294 2058 stecken. Es war kein Mensch, es war eine sah
315 2030 641 2112 gespielte Rolle.
379 2044 1281 2133 Ein Mensch ist die Dorsch. Wie sieim
306 2109 1153 2175 Josefstädterthegter) als Kiki
310 2151 1286 2222 macht, sondern einfach da ist in Lüge, Unschuld
325 2195 1286 2257 Verdorbenheit, Armut Sehnsucht, Koketterie,
329 2232 1301 2296 Temperament, Gaminhaftigkeit, Herbheit, in
316 2282 1070 2357 gegebenheit, das hat elementare Kraft.
386 2298 1294 2392 Carola Toelle, die in der Nzuen
1235 2368 1269 2410 it
582 2369 1126 2435 Bühne gemeinsam
320 2371 565 2433 Wiener
1043 2381 1285 2465 wachts
898 2412 1033 2473 Lieb
319 2413 596 2487 Gülstorff
1004 2448 1285 2514 Bischoffss
321 2449 1140 2563 und „Die Jungkrau vosteniger.
1189 2490 1289 2542 ein
567 2495 717 2560 spielte,
319 2508 383 2561 b
324 2513 1292 2607 Mensch, mehr eine Schauspielerin. Dieses nette
320 2571 1284 2636 quecksilberne Persönchen ist eine Liebenswärdig¬
330 2615 1276 2674 keit mit gerade soviel Persönlichkeit als für Anen
315 2656 1206 2714 Theaterabend notwendig ist. Und darum ist
449 2698 1287 2759 Schauspielerin fur Wien. Auch Mar
316 2722 1301 2807 Gülstorff gefiel sehr in Wien, aber aus einem
325 2780 1295 2835 tieferen Grunde als die Toelle. Kommt sie dem
322 2827 1282 2879 Boulevard=Wien entgegen, so trifft er mit seines
327 2851 1299 2916 stillen, lautlosen, lächelnden, menschlichetz, skepti¬
320 2902 1286 2956 schen Komik das andere, das bessere, das Besemt¬
327 2956 1291 3010 liche Wien. Gülstorff ist gelehrter, körperlich gewor¬
324 2981 1311 3047 dener Alfred Polgar, in der Art, die Brutalität
321 3026 1296 3090 des Lebens und sein eigenes Ungeschick zu ironi¬
322 3078 1292 3131 sieren (als August in „Die Liebe wacht"), in dem
329 3104 1304 3171 gar nicht penetranten, aber zu Tode lächelnden
334 3145 1295 3219 Haß, mit dem die Wichtigkeit eines Betriebs¬
337 3195 1303 3256 menschen (Oberlehrer in „Jungfern von Bischoffs¬
325 3236 876 3324 berg“) glatt erledigt wird.
790 3250 1259 3354 Oskar Marus Fontona.
1444 166 1906 257 box 16/6
1875 779 2744 908 Bühne und Kunst.
2014 938 2598 1012 Raimund=Theater.
1819 985 2861 1055 Den Sittlich=Entrüsteten, die Schnitzler einen Volks¬
2894 1011 2975 1064 w.
1728 1045 2868 1103 verderber schimpfen, dürfte sein Schauspiel „Das Ver¬
2899 1046 2978 1117 ve
1737 1103 2860 1162 mächtnis“ kaum in den Kram passen. Das süße Mädel
1733 1141 2866 1204 ist hier geradezu das Sinnbild weiblicher Treue. Toni
2888 1158 2973 1213 lei
1727 1195 2870 1263 Weber gehört nur ihrem Geliebten. Auch über seinen Tod
1731 1244 2872 1295 hinaus. Und Anatol, jung, schön, elegant, umworben,
1733 1297 2851 1358 genießt bei Toni und bei dem Buben, den sie von ihm hat,
2906 1280 2970 1365 in
1737 1345 2857 1404 reinste Liebes=, Vater=, Familienfreuden, kann nicht sterben,
2933 1359 2971 1414 #
1740 1396 2863 1452 bevor seine Geliebte und sein Kind im Hause seiner Eltern
2899 1392 2972 1460 la
1732 1441 2862 1496 aufgenommen und versorgt sind. Das Kind stirbt, Toni
2899 1452 2969 1517 Il
1736 1489 2859 1553 ist aller Fesseln ledig, eine reiche Abfertigung winkt —
1733 1541 2871 1607 sie aber geht dem Einzig=Geliebten in den Tod nach. Gat¬
2899 1551 2979 1623 sch
1737 1589 2869 1651 tentreue der Ungetrauten, höchstes Pflichtgefühl Anatols,
2894 1596 2974 1660 vo
1745 1646 2860 1710 seiner Geliebten gegenüber, vorbildlicher Familiensinn im
2892 1651 2967 1722 zu
1744 1702 2859 1760 „Verhältnis“. Nein. Die Sittlich=Entrüsteten, die Schnitzler
2895 1697 2972 1758 m5
1732 1747 2855 1805 zu seinem sechzigsten Geburtstag mit einer Schweinekari¬
1729 1790 2859 1855 katur aufwarteten, wissen mit diesem Opus bestimmt nichts
2884 1803 2984 1855 Be
1739 1844 1985 1907 anzufangen.
1809 1872 2861 1949 Leider auch die Kunstfreunde und Schnitzler=Ver¬
1735 1940 2863 1994 ehrer nicht allzuviel. Daß der Vorwurf des Stückes veraltet,
1733 1981 2863 2055 überholt ist, macht 'es nicht aus. Aber das Drama wird
2880 1999 2969 2054 sch
1730 2037 2870 2101 manchmal recht süßlich, ja kitschig. Ein überaus bösartiger
2889 2048 2977 2115 hö
1734 2089 2862 2155 Intrigant spinnt dunkle Ränke, ein Kind stirbt, weil sein
2889 2093 2956 2154 zu
1735 2135 2858 2203 Tod die Handlung vorwärts treibt, das allmähliche Ab¬
1732 2188 2857 2247 rücken aller von Toni Weber ist nicht bei allen begründet,
1743 2231 2863 2297 und die Heldin selbst ist zu passiver, romanhaft=tränen¬
1735 2284 2863 2339 seliger Sentimentalität verurteilt. Trotzdem ist Schnitzlers
1728 2333 2861 2406 Dichterhand an vielen feinen Szenen und an der prachtvoll¬
2939 2360 2976 2399 915
1727 2383 2682 2460 dramatischen Kraft des ersten Aktes zu erkennen.
1802 2437 2874 2502 Die Sensation des Abends: Der Operettensprühteusel
1733 2485 2866 2555 Luise Kartousch gab das Mädchen mit der strengen Le¬
2887 2537 2967 2595 die
1729 2539 2861 2605 bensauffassung, das Fräulein Mutter, welches ein hoheits¬
2899 2590 2985 2651 tre
1734 2591 2871 2651 volles, nur der Erinnerung an den Geliebten und seinem
2904 2645 2980 2698 des
1729 2639 2872 2694 Kinde lebendes Fräulein Witwe wird. Sie spielte mit deli¬
2882 2686 2987 2744 kei
1725 2679 2863 2762 katester Zurückhaltung, mied mit rührender Behutsamkeit
2894 2737 2981 2801 öff
1730 2731 2862 2796 jedes „Auftragen“ und erwies sich als feinfühlige, ver¬
2893 2790 2977 2861 da
1736 2801 2884 2853 antwortungsvolle Darstellerin. Sonst gute Durchschnitts¬
1733 2831 2878 2906 leistungen, aber das Milieu der vornehmen, gutangezo¬
1730 2878 2880 2953 genen, anmutig=lässigen, in Aeußerung ihrer Gefühle spar¬
1733 2939 2876 2996 samen Nobelleute aus der Welt Schnitzlers wurde nicht
1734 2961 2985 3047 immer getroffen. Wolf H. Kersten fiel wieder durch köst= sen
1731 3020 2995 3095 liche Frische auf und man freute sich, nach längerer Pause bei
1644 3113 2990 3193 4 Winterrock-, Uisterstoffe, Mantelveloure, Anzug- und
1707 3184 2993 3258 Kostümstoffe zu nie wiederkehrenden billigen Preisen
2746 3277 2939 3407 X.
1797 3337 2159 3457 AU7
2317 3478 2854 3595 70 Le
