3484 4320
1436 156 1908 253 box 16/2
249 168 1297 263 10. Das Verngechtnis
3073 1241 3391 1326 " Meangen
415 1250 3029 1331 das Staventhum im Vordergrunde steht. Und je verständlich die Verpflichtung einzuhalten und aufF kürung der, Lup
2572 1307 3399 1378 sprechungen, die der Ministerp
1470 1325 2556 1380 das Zeichen zu warten. Gleichzeitig wird noch¬
405 1317 1488 1382 eher die blamirte Gesellschaft der Christlichsozialen
2575 1335 3102 1403 mit Vertretern
3230 1348 3357 1407 itisch
2572 1396 3357 1455 teien, insbesondere mit Mitgliedern
1492 1412 2558 1483 ich eigentlich auch schon am Schlusse meiner Besprechung
399 1427 1485 1488 einzig der Mode und prägen aus den Ideen der Anderen
2572 1429 3399 1484 komités der Jungtschechen, gepflogen ha
1486 1474 2569 1538 des Fulda'schen „Herostrat“ angelangt. Man kennt ja
395 1479 1491 1531 immer nur jene Münzen, die gerade Kurswerth haben.
2579 1479 3377 1534 sind. — Aus Prag und aus Graz
1480 1516 2563 1577 die Mängel, die bei Fulda zu Tage treten, wenn er
2570 1514 3394 1586 dungen, wonach die Wiedereröffnung der d#
408 1519 1493 1569 Ein typisches Beispiel für das Schaffen unserer Literatur¬
1491 1555 2567 1626 uns einmal ernst kommen will: Pathos am falschen
2566 1560 3351 1620 tage noch im Februar erfolgen soll,
400 1563 1486 1624 juden ist Ludwig Fulda. Ich wüßte keine Gaitung
2717 1590 3383 1667 Der oberösterreichische Reichsraths¬
1481 1594 2564 1680 Ort, Schwulst statt Kraft, Trivialität statt Naivetät
404 1610 1493 1670 des gesprochenen Dramas zu nennen, worin sich dieser
2568 1656 3398 1718 abgeordnete P. Gregor Doblhammer ist ge
1572 1660 2561 1720 s. w. Im „Herostrat“ finden wir sie alle wieder. Sie
403 1644 1495 1720 gewandte Mann nicht schon versucht hätte. Heute schreibt
2574 1701 3392 1753 Stift Reichersberg gestorben. Er vertrat
1483 1710 2559 1766 erscheinen hier nur in dem Maße vergrößert, als sich
400 1701 1495 1776 er Feuilletonschwänkchen, morgen Lustspiele, übermorgen
2565 1733 3399 1814 (Wahlbezirk Wels) im Reichsrathe und
1500 1753 2563 1812 Fulda's Held vor dem Hintergrunde des dämonischen
399 1760 1417 1818 Tendenzmärchen, dann wieder Sozialsatiren u. s.
2575 1785 3124 1840 Katholischen Volkspartei an.
1496 1786 2562 1852 Motives der Herostrat=That verkleinert. Das macht
601 1795 1490 1873 für sein alglattes Wesen vielleicht nichts
398 1806 514 1865 Es
2664 1810 3391 1875 Doblhammer wurde am 26.
1494 1848 2557 1903 das Mißverhältniß seines engen Anschauungskreises
400 1841 1486 1914 so bezeichnend, als daß noch kein einziges
2559 1842 3399 1926 Neundling bei Lambrechten im Junkrek
1482 1898 2561 1958 zur gigantischen Größe seines Stoffes. Man denke sich
396 1894 1495 1955 seiner Stücke einen wirklichen Durchfall erlebte.
2562 1897 3396 1954 studirte in Linz, trat 1843 in das St#f
2560 1940 3400 1995 ein und wurde am 26. Juli 1847 zum Pri
1484 1948 2560 2012 Herostrat als verliebten Handwerker, der freier Künstler
409 1946 1479 2001 Mit bewunderungswürdiger Geschicklichkeit schlängelt er
2570 1976 3397 2028 Bis 1857 Kooperator und Katechet an de
1493 1991 2556 2048 werden möchte, aber den Weg vom Kopf bis zur Hand
409 1997 1482 2052 sich durch alle Fährlichkeiten des dramatischen Handwerkes
2565 2017 3380 2066 von da ab Rentmeister. Er schloß sich der C
1488 2038 2565 2100 nicht findet. Einmal begehrt er nach Ruhm und stellt
411 2040 1491 2105 hindurch, immer geistreichelnd, wenn er auch nichts zu sagen
2560 2052 3391 2120 Oberösterreichischen Volksvereins an dessen
1493 2080 2570 2158 seine Liebe aus's Eis, und dann wieder verzichtet er auf
411 2088 1491 2142 hat, immer zierlich, auch wenn es sich um die größten
2572 2084 3361 2137 er mit Wärme förderte. Im Landtage
2574 2124 3395 2207 1878 die Landgemeinde Schärding. Seit
1492 2139 2559 2191 den Ruhm und verlangt nur nach Liebe, weil sein Kon¬
412 2137 1485 2188 Seelenkonflikte der Menschheit handelt, und dabei immer
2572 2172 3306 2244 gehört er dem Abgeordnetenhause an.
1492 2175 2559 2245 kurrent Praxiteles ihn bei seinem Mädchen glücklich
402 2181 1485 2243 im land- und zeitläufigen Strome der kompakten Majorität
2712 2193 3397 2268 Ueber die tschechische Wühlarbei
1483 2231 2563 2286 ausgestochen hat. Schließlich erblickt, er die Arte¬
401 2229 1487 2294 vergnüglich plätschernd. Ich gebe gerne zu, daß diese
2563 2234 3345 2319 gibt der Jahresbericht des „Slavif
1492 2280 2565 2333 mis des Praxiteles, dem das umstrittene Mäd¬
404 2273 1490 2334 Eigenschaften für die Alltagsbühne, die nur unterhalten
2568 2271 3373 2352 männischen Vereins in Wien
1484 2302 2567 2381 ichen Modell gestanden, und in der Erkenntniß
402 2325 1491 2380 und nur verdienen will, keineswegs zu unterschätzen sind,
2567 2340 3404 2411 5. d. M. seine Hauptversammlung abhielt
1494 2370 2561 2431 seiner Unfähigkeit zur Kunst und zur Liebe
408 2370 1490 2438 und vom finanziellen Gesichtspunkt begreife ich sehr wohl,
2564 2390 3258 2461 werthe Aufschlüsse. Es heißt darin:
1488 2396 2567 2463 vernichtet er sein eigenes Werk und zündet
410 2420 1487 2471 weshalb Ludwig Fulda auf unseren Bühnen ein viel¬
2660 2423 3316 2493 „In jüngster Zeit, einer Zeit, die
1487 2456 2556 2527 den Tempel an. Neben dieser Liebesgeschichte läuft auf
398 2462 1487 2527 umworbener Gast ist. Umsoweniger begreiflich ist es mir
2565 2469 3395 2524 Verfolgung und Kündigung slavischer Arbei
1484 2507 2560 2565 dem Asphalt der hergebrachten Gefühle, Gesinnungen
2575 2512 3396 2570 leitete der Verein eine umfassende Aktion ein
396 2499 1495 2570 deshalb, wie es möglich ward, daß man eine solche Kinderei,
2562 2545 3386 2608 der bedrohten Handelsangestellten, welche d
1491 2555 2558 2614 und Tendenzen auch ein Wortgefecht über alte und neue
412 2562 1492 2626 wie die „Herostrat=Tragödie“, von der es sich doch be¬
3103 2581 3391 2655 gegen diese
2572 2580 3044 2648 slavische Oeffentlichkeit,
1484 2596 2563 2672 Kunst einher mit putzig gedrechselten Anspielungen auf
413 2588 1486 2669 stimmt voraussehen ließ, daß sich damit kein Geschäft
2573 2623 3326 2679 Proteste eine mächtige Waffe besitzt, au
1497 2651 2567 2714 den frischen und fröhlichen Krieg der Sezession in
412 2658 1488 2712 werde machen lassen, zur Aufführung bringen konnte,
2569 2667 3402 2719 Gefahr aufmerksam zu machen und das breit
1499 2705 2559 2756 unseren Tagen. Das Alles geschieht in zierlichen, em¬
411 2687 1488 2767 nur weil sie den Namen Ludwig Fulda's trägt. Liegt
2567 2696 3169 2759 sowie insbesondere auch die
2574 2711 3405 2798 leute aufzufordern, in der Korr
1494 2748 2577 2810 pfindsamen Versen, bei denen man so wenig an Ehphesus
406 2741 1483 2805 darin nicht eine systematische Bevorzugung des Juden¬
2568 2786 3286 2828 mit deutschen Lieferant
1490 2798 2576 2851 und Athen denken kann, wie beim Aktenstil unserer
402 2783 1488 2857 thums in der Literatur — und der oben geführte
2566 2790 3384 2858 schließlich ihrer Muttersprad
1495 2841 2562 2899 Bezirksgerichte an das Volksgericht vor dem eingeäscherten
407 2842 1493 2897 statistische Nachweis spricht dafür — so kann es nur eine
2569 2846 3403 2901 dienen. Von dem Erfolge dieser Akti
1497 2888 2573 2945 Tempel der Artemis, das beschloß, den Namen Herostrats
403 2893 1488 2948 absolute Urtheilsunfähigkeit sein, die Fulda's skandirte
2558 2892 2943 2950 Zukunft der
2856 2889 3387 2984 „ mslavischen Hand
3078 2932 3389 2986 wie auch die
2568 2936 2665 2982 ste
1498 2936 2565 2991 in ewige Nacht zu hüllen. Hätte Theopompos ihn nicht
407 2920 1483 3000 Phraseologie für dramatische Poesie hielt. Beides, ob
2575 2937 3364 3037 manches flavischen Gehilfen ab, welcher
1496 2973 2572 3050 dennoch der Nachwelt überliefert, durch Fulda's Tragödie
3171 3003 3382 3062 Treu de
2573 3007 3068 3066 am Hungertiiche nagt
1493 3034 2569 3089 würde er wohl kaum zu seiner Unsterblichkeit gelangt
420 2940 937 3116 Srner derntiuene
2566 3021 3386 3106 Aufgabe, die slavischen Kaufleute und
2571 3073 3362 3138 zu unterstützen und auf die Besserung
487 3078 1650 3156 Mit dieser grundsätzlichen Auseinandersetzung bin sein.
