3436 4320
260 1682 373 1754 Fer
317 1855 397 1923 10
270 1928 321 1990 A
265 1987 395 2049 Abont
368 1682 415 1747 1
522 81 1483 141 Filiale in Budapest: „Figyelö“, VIII. Josefsring 31 a. —
269 231 1446 382 Ausschnitt aus; Staafsbürgor-Zoitung, Derlt¬
269 382 716 478 # 1.7.79
415 590 1612 681 Theater, Concerte, Vergnügungen.
526 666 1632 730 Deutsches Theater. Ein neues Schauspiel in drei
408 727 1627 789 Acten von Arthur Schnitzler: „Das Vermächtnis“, hat gestern
416 765 1636 836 Abend bei der hiesigen Erstaufführung dem Wiener Antor, welcher
407 817 1620 894 persönlich anwesend war, eine erkleckliche Anzahl von Hervor¬
405 865 1611 912 rufen eingebracht. Sein bedeutendes Bühnentalent, die drama¬
396 911 1619 964 tische Gestaltungskraft und den scharfen Blick für das moderne
405 957 1608 1027 Leben hat der Autor schon früher zweimal in größeren Schau¬
409 1002 1620 1045 spielen bekundet. Dem feineren Talente des Realisten, der
411 1047 1624 1102 sehr anziehende Stimmungsbilder vorzuführen wusste, waren
398 1089 1614 1144 auch warme Gemütstöne eigen, die unmittelbar das Herz be¬
399 1127 1622 1202 rühren konnten und tiefere menschliche Empfindungen weckten.
404 1177 1612 1224 Das neue Werk begegnete offenbar, wie das voll¬
403 1223 1616 1282 besuchte Haus darlegte, großen Erwartungen, welchen der
413 1253 1612 1319 Verfasser auch ziemlich weit entsprochen hat. Aller¬
405 1299 1065 1364 dings ist „Das Vermächtnis“
1098 1308 1484 1365 ein eigenartiges,
1507 1310 1606 1363 fast
680 1345 1079 1409 im Trauerflor
404 1331 681 1406 ausschließlich
1081 1345 1621 1408 einherschreitendes Stück
410 1397 1618 1432 Leben oder besser gesagt: Familienleben. Jeder der drei
410 1427 1606 1499 spannungsvoll gearbeiteten Acte führt an ein neues Grab.
405 1473 1619 1557 Der Tod fordert allmählich drei Opfer aus der Familie des
405 1520 1615 1566 höchst ehrenwerten, aber etwas doctrinären National=Oekonomie¬
405 1572 1614 1625 Professors und Abgeordneten Dx. Losatti; im ersten Acte
405 1612 1628 1687 stirbt der hoffnungsvolle ältere Sohn Hugo am Hufschlage
412 1655 1621 1722 eines Pferdes. Er ist. das Opfer seines Reitsports, wird,
413 1691 1627 1756 nachdem die Handlung im freundlichsten Wiener Sonnenschein
407 1738 1614 1791 der Familie Losatti und weiterer Verwandten und Hausfreunde
417 1787 1650 1838 begonnen, als tragische Verdüsterung sterbend in die Wohnung
404 1835 1681 1886 zurückgebracht, um noch kurz vor dem Verscheiden seinen su¬
406 1877 1616 1935 letzten Willen aussprechen zu können. Dieses Vermächtuis
407 1919 1607 1968 betrifft die Fürsorge für ein vierjähriges Kind und dessen
1611 1952 1714 2007 der
406 1962 1614 2017 junge Mutter, von deren Beziehungen zu Hugo weder Vater
414 2005 1622 2059 noch Mutter eine Ahnung hatten. Das Familienbild, welches
409 2036 1634 2110 der Verfasser hier aufrollt, die Stellung der einzelnen
398 2096 1634 2159 Familienangehörigen zu der überraschenden Offenbarung des
407 2126 1621 2187 Sterbenden, das liebevolle Einverständnis der Mutter und
406 2182 1623 2222 der Schwester, das etwas kopflose und vom gesellschaftlichen
404 2220 1631 2291 Vorurteil beherrschte Benehmen des Vaters und des
406 2265 771 2333 als zukünftiger
777 2255 1637 2341 Schwiegersohn geltenden Hausarztes,
402 2306 1605 2372 der vornehme und vorurteilslose Charakter der ver¬
1201 2355 1474 2419 Schwägerin
1507 2353 1620 2414 des
406 2351 1167 2416 witweten Tante Hugo's und
404 2390 1633 2438 Herrn Professors — alles das ist mit seiner, intimer Lebens¬
402 2442 1629 2489 farbe durchgeführt und der ganze Vorgang von ergreifendster
404 2486 1629 2539 Art, da auch die Geliebte und das Kind an das Sterbelager
399 2531 1615 2573 Hugo's citirt werden. Ein wirklich organischer Zusammenhang
401 2569 1608 2631 dieses ersten Actes mit den beiden andern Acten, in welchen
401 2600 1620 2666 das Drama der schicksalsschwer geprüften Geliebten, Toni
409 2661 1607 2712 Weber, eines mittellosen Wiener Bürgermädchens, weiter und
400 2706 1612 2748 zum Abschluss geführt wird, ist nicht recht erkennbar.
832 2741 1609 2802 im zweiten Acte zugunsten der
400 2742 812 2806 Alles neigt sich
394 2793 1620 2843 armen Toni, man will das Vermächtnis Hugo's ehrlich
400 2832 1615 2905 erfüllen und das Enkelkind besonders bildet die liebliche Brücke
399 2879 1608 2949 zur Besiegung aller Vorurteile, die man sonst dem Aufenthalt
407 2925 1606 2985 der Geliebten des verstorbenen Hugo entgegengebracht hätte.
400 2964 1609 3021 In voller Liebe steht zu der Unglücklichen Losatti's Tochter
396 3008 1614 3075 Franziska, während der Hausarzt, Franziska's Verlobter, nach
400 3053 1605 3109 wie vor zelotisch gegen die ehemalige „Maitresse“ eifert.
399 3088 1602 3151 Der Act gipfelt in dem plötzlichen, freilich nicht besonders
396 3155 1612 3199 motivirten Tode des Kindes, und so ergibt sich für
394 3188 1610 3257 den Schlufsact von selbst der allmähliche Rückzug der
395 3224 1612 3281 Familie Losatti und die herzlose Isolirung und Vereinsamung
400 3275 1610 3324 der trauernden Mutter Toni Weber, die in ihrer seelischen
406 3302 1607 3367 Trostlosigkeit aus dem Hause der Herzlosigkeit scheidet, um
400 3365 1605 3416 den Tod aufzusuchen. Nur Hugo's Schwester hatte in ihrer
404 3400 1609 3461 Liebe zu der Unglücklichen nicht gewankt, aber ihre Inter¬
405 3435 1613 3496 vention kommt zu spät, sie führt nur zur Entlobung, da in
395 3494 1613 3543 diesem mit großer Schärfe und dramatischer Logik gezeichneten
396 3537 1608 3611 Märtyrerschauspiele der Erbarmungslosigkeit und egoistischen
400 3578 1605 3639 Familienstolzes der eifernde Hausarzt selbst die er¬
397 3617 1615 3675 bärmlichste Rolle spielt. Ein Glück, dass sie in der Dar¬
395 3681 1605 3727 stellung von unserem künstlerisch stets anziehenden Hrn. Sauer
402 3711 1610 3771 gespielt wurde. Auch die Charakteristik, die Herr Reicher
398 3754 1607 3810 in der Rolle des Professors durch alle Stadien entfaltete,
393 3794 1609 3840 war von köstlicher Lebenswahrheit. Frl. Else Lehmann als
396 3838 1610 3895 Toni, Frl. Sarro als Franziska, Frau v. Pöllnitz und Frl.
401 3883 1604 3939 Dumont in der schwesterlichen Mutterrolle und Frl. Elsinger
398 3930 1601 3979 in einer munnteren Knabenrolle hatten die volle Sympathie
395 3966 1618 4040 des Hauses, auch Herr Rittner verdient für die discrete Be¬
399 4005 1358 4085 handlung seiner Sterberolle gerühmt zu werden.!
2351 734 2722 832 Telefon 12801.
2070 832 3005 899 Unternehmen für Zeitungs-Arsschnitte
3055 866 3270 926 Ausschnitt
3000 903 3272 1027 Nr. 86
1837 890 2825 1038 M 105 „OBSERVER“
1802 1009 3263 1094 I. österr. behördl. concess. Bureau“für Zeitungsberichte und Personalnachrichten
2098 1088 2958 1170 Wien, IX/1 Türkenstrasse 17.
2036 1188 3008 1257 Filiale in Budapest: „Figyelö“, VIII. Josefsring 31 a.
1806 1306 2942 1434 Ausschnitt aus: Nationalzeitung, Berlin
1803 1498 2246 1588 7%
1928 1654 3055 1733 P. G. ArthurSchnstzler's neuestes Drama „Das
1850 1676 3059 1792 Vermachtniß“, das gestern Abend im Deutschen Theater
1853 1754 3046 1819 gegeben wurde, bedeutet insofern einen Fortschritt für den Ver¬
1857 1785 3057 1862 fasser, als er sich dies Mal in der Hauptsache nicht
1851 1832 3049 1895 nur auf intime Milienschilderung beschränkt, sondern
1857 1871 2619 1944 einen wirklich dramatischen Stoff
2622 1886 3058 1940 lebendig behandelt
1852 1918 3048 1993 hat. Der Autor hat wieder in ein ihn besonders
1858 1968 3043 2038 #neiendes sozial=moralisches Gebiet gegriffen und eine begeisterte
1841 2024 3039 2078 oft allerdings selbst ein mildes Urtheil aufs stärkste heraus¬
1855 2056 3038 2120 fordere Apologie der freien Liebe geschrieben, für die er vollste
1847 2099 3045 2160 und bedingungsloseste Gleichberechtigung mit dem legitimer
1852 2135 3043 2211 Liebesbündniß verlangt. Hierauf besonders werden wir nock
1838 2188 3041 2248 zurückzukommen haben. Der Verfasser glaubt seinen Anschauungen
1844 2233 3040 2305 durch die allerstärksten dramatischen Effekte zum Siege verhelfen
1835 2266 3048 2350 zu müssen und läßt dieserhalb mit jedem Schluß der drei Akte
1843 2322 3044 2368 pünktlich eine seiner Personen mit Tod abgehen. Die Dar¬
1846 2357 3051 2430 stellung war im Ganzen genommen vorzüglich und damit wohl
1835 2408 3047 2464 auch der überaus lebhafte Beifall zu erklären, der den im Hause
1841 2461 3037 2504 anwesenden Antor wiederholt vor die Gardine nöthigte — ein
1836 2494 3052 2556 Beifall, der nicht ganz im Einklang mit dem literarischen Werth
1836 2537 2734 2618 des Dramas und seiner einzelnen Theile stand.
2180 2785 2870 2854 Bezugs-Bedingungen.
1809 2848 2771 2913 Für 50 Zeitungsausschnitte (Artikel oder Notizen).
2822 2836 3004 2900 fl. 7.50
3023 2872 3215 2932 inclusive
3051 2918 3135 2952 Port
2854 2922 2992 2977 " 25.—
1885 2927 1992 2974 200
3029 2944 3196 2986 Zahlbar
2869 2964 2994 3011 55.—
1882 2964 1997 3009 500
3036 2974 3220 3023 im Voraus
2836 3001 3002 3063 „ 100.—
1837 2998 2005 3066 „ 1000
1929 3028 3264 3088 Im Gegensatze zu anderen Bureaux für Zeitungsausschnitte ist das
1807 3087 3264 3137 Abonnement durch keine bestimmte Zeitdauer begrenzt; — auch steht es den
1815 3129 3168 3181 Abonnenten frei die aufgegebenen Themen zu ergänzen oder zu ändern.
