3484 4480
1469 202 1916 313 box 16/3
270 214 1313 317 10. Das Vernaechtnis
984 926 1112 1039 136
1536 933 1789 1049 Die Zukunft.
979 1039 2357 1129 exempel. Die beiden Welten prallen nicht auf einander, suchen, betasten, scheiden
987 1105 2363 1160 sich nicht, sondern Herr Schmidt und Frau Winter entwickeln ihre Theorien und ein
978 1155 2360 1242 zufällig eintretendes Scharlachsieber, ein Keuchhusten oder ein Diphtherieanfall
988 1219 2358 1288 sichert dem Doktor den Sieg. Die Perlendame drüben betupft ihre Augen nicht
990 1277 2358 1330 mehr; sie mustert die Toiletten und den Schmuck der Nachbarinnen und sieht ge¬
991 1319 2360 1382 langweilt aus. Daß Toni Weber bei den Losattis nicht heimisch werden, daß in
984 1381 2366 1467 ihrer Mitte der Armen kein Glück blühen kann, war schon um acht Uhr klar;
988 1451 2365 1516 daß ihr Kind um neun stirbt und sie zu schwach ist, um allein mit dem harten Leben
989 1500 2365 1552 den Kampf zu wagen, hat mit dem tiefsten Thema des Dramas eben so wenig
983 1567 2351 1631 zu thun wie das nett pointirte Gerede der Frau Winter und des Herrn Schmidt.
1101 1605 2361 1696 Dieses Thema war bei den Romantikern, besonders den französischen,
989 1676 2350 1736 sehr beliebt. Alexandre Dumas schrieb 1867 in die Vorrede zur Kamelien¬
983 1727 2363 1811 dame: Toute fille vient au monde vierge. Pour faire cesser cct état
982 1767 2352 1867 de virginité, il faut l’intervention de l’homme. Une fois cette vir¬
986 1833 2352 1920 ginité détruite antrement que par le mariage, le déshonneur commence
990 1897 2352 1961 pour elle et la prostitution se présente. Seit Manons und Marions
978 1955 2356 2022 Tagen war es Mode geworden, mit dem Martyrbilde des liebend gefallenen
980 2011 2369 2088 Mädchens die bürgerliche Gesellschaft zu ärgern. Zuerst wählten Stürmer die
994 2061 2363 2145 Ausgestoßenen, die Dirne und den Verbrecher, zu Helden. Dann ließen ruhigere
981 2120 2359 2195 Leute den Verbrecher d'Ennery und seinen derben Genossen und zeigten in der
993 2175 2364 2233 Glorie die reine Maid, die ohne Ring am Finger dem Trauten was zu Liebe thut,
985 2238 2362 2308 und Dumas, der nazarenische Bastard des père prodigue, nahm sich mit Apostel¬
986 2290 2367 2357 begeisterung der armen Holden an. Dem Spuk machte Augier, der Bamberger.
992 2345 2367 2401 des Dramas, für eine Weile ein Ende; er war der Mann seiner großbourgeoisen
993 2405 2348 2464 Zeit und verkündete, man könne an solchen Mädchen, so angenehm sie für den män¬
981 2460 2354 2509 nernden Jüngling seien, nicht ewig kleben, auch nicht beständig vor ihrem bekränzten
992 2518 2357 2583 Bilde knien, und die bürgerliche Korrektheit habe ganz Recht, wenn sie diese unvor¬
989 2584 2365 2641 sichtigen Schäfchen von der Schwelle weise, denn draußen dürfe man sich zwar
996 2631 2358 2689 austoben, aber „das Haus müsse rein bleiben." Jetzt kehren, als echte revenants,
984 2686 2360 2759 die romantischen Gespenster zurück. Wir haben die gräuliche Magda und manche
992 2742 2367 2805 andere geschminkte Schöne gehabt und sollen nun Toni Weber lieben, ohne sie zu
997 2801 2365 2874 kennen, nur, weil wir wissen, daß sie „aus Liebe“ gegen die Sitte gesündigt hat. Ich
983 2854 2361 2915 weiß: Herr Schnitzler wollte eigentlich nur, wie seit den Wahlverwandtschaften so
995 2913 2370 2985 viele Dichter, die Unvereinbarkeit zweier Welten zeigen; dazu brauchte er das „gefal¬
996 2962 2367 3027 lene Mädchen“ nicht, brauchte er nur das ins reiche Haus verschlagene Kleinbürger¬
997 3025 2365 3102 kind. Aber die Gespenster der Romantikumspukten ihn; und wenn man einromanti¬
993 3068 2335 3154 sches Trauerspiel mit der Technik des Realismus putzt, entsteht ein Melodram, —
999 3131 2372 3213 eine unlogische Tragoedie, nach Archers kluger Erklärung. In Herrn Schnitzler lebt
989 3191 2363 3261 ein feines Gestaltertalent; eine persönliche Weltanschauung kann er erst an dem Tage
988 3234 2368 3328 bekennen, woer sich von dem Vermächtniß der Romantik befreit haben wird. M. H.
991 3304 2397 3397 Herausgeber und verantwortlicher Redakteur: M. Harden in Berlin. — Verlag der Zukunft in Berlin
1409 3358 1941 3444 Druck von Albert Damcke in Berlin.
