3436 4256
1448 181 1886 278 box 16/2
247 204 1294 302 10. Das Vernaechtnis
1654 284 1759 333 „
1387 367 1797 431 Telefon 12801.
1109 457 2114 544 Unternehmen für Zeitungs-Ausschnitte.
1974 510 2164 579 Ausschattt
1252 523 2266 677 „OBSERVER“ f. 53
972 560 1175 672 105
865 668 2316 740 I. österr. behördl. conc. Bureau für Zeitungsberichte u. Personalnachrichten
1054 738 2153 812 Wien, IX/1, Türkenstrasse 17.
1270 809 1936 906 Filiale in Budapest: „Figyelé“ -
962 891 2217 972 Vertretungen in Berlin, Chicago, London, Newyork, Paris, Stockholm.
868 959 1933 1105 Ausschntt aus. Oeodard
1624 1075 2150 1183 cere
867 1147 1309 1241 vom Venlerufe
1181 1454 1406 1542 Theater.
1266 1532 1896 1602 Paul Schlenther, auf den die
1178 1570 1899 1642 Berliner „Modernen“ und alle Männer
1174 1614 1899 1684 ihres Banners in deutschen Landen
1171 1651 1896 1726 schworen, so lange er noch redete,
1165 1716 1889 1784 sinkt mehr und mehr in Ungnade auch
1896 1716 2631 1786 zurückgewiesen, aber Schlenther wollte
1902 1778 2621 1827 einmal beweisen, daß er es besser ver¬
1168 1769 1881 1821 bei den Neuesten, nun er als Direktor
1167 1812 1884 1869 des Burgtheaters zu handeln hat.
1903 1814 2631 1877 stünde. „Ewige Liebe“ von Faber,
1167 1855 1889 1916 Kürzlich hat die Wiener „Wage“ die
1908 1853 2623 1896 „Herostrat“ von Fulda, Hofmanns¬
1909 1898 2636 1948 thals Gedichte aufzuführen, lag keinerlei
1161 1892 1887 1944 „Bilanz des Burgtheaters“ gezogen.
1908 1932 2629 1978 dringende Veranlassung vor. Auf Ro¬
1175 1935 1886 1985 Shakespere, heißt es darin u. A., der
1164 1970 1878 2022 noch 1895/96 mit 20 Werken und 45
1904 1973 2633 2027 stands „Cyrano von Bergerac“ wollte
1166 2007 1882 2061 Aufführungen (in der vorigen Saison
1910 2014 2626 2063 Schlenther das ganze Winterrepertoire
1165 2050 1883 2108 mit 18 Werken und 46 Aufführungen)
1914 2061 2620 2102 aufbauen. Es wurde für die Aus¬
1163 2086 1880 2144 im Repertoire vertreten war, zählte
1905 2071 2634 2138 stattung eine sehr beträchtliche Summe
1165 2127 1890 2186 in der eben abgelaufenen Saison nur
1916 2129 2629 2183 ausgegeben. „Cyrano“ enttäuschte und
1171 2167 1884 2218 Werke mit 22 Aufführungen. „Julius
1893 2169 2619 2221 der großen Liebe Mühe war umsonst
1172 2207 1878 2259 Cäsar“, „Antonius und Kleopatra“
1898 2205 2618 2265 gewesen. Dabei hat Schlenther noch
1176 2227 1881 2301 „Kaufmann von Venedig“, „Othello“
1906 2237 2627 2300 50000 Gulden Defizit mehr als sein
1169 2285 1885 2341 „Der Widerspenstigen Zähmung“, sämt¬
1898 2281 2626 2335 Vorgänger bei 200000 Gulden kaiser¬
1171 2325 1888 2379 liche Königs amen (mit Ausnahme
1892 2325 2627 2366 licher Subvention! Wird man endlich
1903 2373 2631 2417 einmal einsehen, daß es mit dieser
1175 2366 1892 2415 von Heinrich  und Richard III.) fehlen
1166 2403 1885 2454 im Schlentherschen Spielplan. Goethe,
1922 2398 2625 2462 „modernen“ Theaterwirtschaft, mit den
1166 2440 1893 2495 der früher 12—17 Aufführungen im
1910 2440 2626 2501 Fulda, Faber, Rosmer, Philippi eben¬
1178 2479 1883 2527 Jahre zählte, mußte sich heuer mit 5
1915 2482 2625 2534 sowenig weiter geht, wie mit der Be¬
977 2482 1170 2545 50 Zeitun
1897 2519 2634 2581 wunderungssprudelei in der „moder¬
1180 2528 1879 2574 begnügen (im Vorjahre 9). Grillparzer,
971 2527 1066 2583 100
1890 2560 2149 2606 nen“ Kritik?
1169 2561 1881 2612 der noch 1889/90 26 Aufführungen von
967 2565 1071 2616 200
1172 2601 1882 2652 8 Werken (in der vorigen Saison 17
1170 2594 2260 2699 Aufführungen von 8 Werken) hatte, 160.—] im Voraus
994 2643 1057 2700 000
1179 2675 1895 2720 ist auf e Aufführungen (von 6 Werken)
1053 2682 1239 2764 n Gegiges
1296 2688 2176 2769 en. „Das goldene Vlies“, „Die issausschnitte
1951 2730 2316 2801 — auch steht es den
1051 2740 1245 2805 hient di Jü
1256 2757 1890 2824 in von Toledo“, „Des Meeres und
1026 2783 2173 2858 enten lrei der Liebe Wellen“, „Esther“. „Der ssler zu Andern#
1159 2819 1890 2889 treue Diener seines Herrn“ sind heuer
1172 2874 1900 2916 aus dem Repertoire verschwunden.
1162 2913 1888 2978 Kleist, Hebbel, Mölièké schienen für
1171 2951 1890 3001 Schenther überhaupt nicht zu existieren.
1168 2990 1889 3051 Kein einziges ihrer Werke, ich sage
1160 3028 1886 3080 kein einziges steht im Repertoire.
1168 3060 1893 3118 Die „Standard works“ der Modernen
1175 3100 1886 3160 aber, jene Werke, deren Musterauf¬
1168 3148 1892 3192 führung eine heilige Pflicht des Burg¬
1175 3191 1894 3234 theaters der Gegenwart gegenüber be¬
1164 3227 1888 3272 deuten müßte, jene Werke, die Burck¬
1162 3269 1892 3313 hardt mit harter Mühe ins Burgtheater
1170 3305 1890 3359 gebracht hat, vernachlässigt Schlenther
1166 3339 1884 3385 in der schlimmsten Weise. Ibsen mußte
1162 3378 1886 3433 sich während der ganzen Saison mit
1173 3421 1893 3480 2 Aufführungen (eines Werkes) be¬
1168 3454 1884 3513 gnügen! Anzengruber hat es — Ibsen,
1768 3502 1890 3556 auch
1166 3496 1772 3553 dem Ausländer, zum Troste —
1169 3534 1800 3592 nur zu 2 Vorstellungen gebracht.
1222 3573 1889 3626 In dieser Saison gab Schlenther
1176 3623 1895 3666 10 Novitäten. Davon hatten nur zwei
1164 3651 1883 3708 „Fuhrmann Henschel“ mit 10 Aufführ¬
1163 3698 1895 3743 ungen dank Sonnenthal und „Das
1167 3729 1886 3785 Erbe“ (!) mit 10 Aufführungen dank
1168 3758 1917 3825 Baumeister großen Erfolg. Schnitzlers—
1174 3808 1891 3866 „Vermächtnis“ (11 Aufführungen) und
1163 3850 1895 3899 sein „Einakterabend“ (smal) waren
1173 3888 1894 3938 literarisch interessante und wertvolle
1171 3928 1888 3973 Darbietungen; alles Andere mißriet.
1170 3967 1889 4019 „Der Vielgeprüfte“ von Meyer=Förster
1163 4004 1898 4061 war ein schauerlicher Durchfall, „Peter
1169 4040 1900 4097 Kron“ von der Frau Rosmer eine böse
1174 4082 1883 4132 Niete. Die frühere Direktion hatte
1169 4124 1893 4178 dieses Stück der Frau Rosmer bereits
