3436 4256
1431 227 1889 313 box 16/2
244 224 1271 331 10. Das Vernaechtnis
879 2229 1825 2337 Vom Burgtheater. 4
774 2319 1979 2386 („Das Vermächtnis“ von Arthur Schnitzler. Schauspiel in drei Acten.
1004 2376 1741 2434 Erste Aufführung am 30. November 1898.)
878 2420 1979 2470 Ein junger Mensch, der Sohn des Professors und Ab¬
768 2480 1990 2534 geordneten Losatti stürzt bei einem Spazierritt im Prater vom
762 2520 1986 2587 Pferde. Er wird sterbend nach Hause gebracht. In seiner Todes¬
763 2569 1980 2616 stunde vertraut er den Eltern sein Geheimnis au: er hat eine
756 2624 1982 2685 Geliebte und ist Vater eines Kindes. Sein Vermächtnis ist die
1996 160 3192 220 abgeht, nimmt seinen Stoffen die Größe und die Tusel
1992 203 3204 262 Schnitzler ist ein sentimentaler Liebhaber des Lebens. Die
1989 248 3196 314 Träumerei eines fliederdurchduftenden Sommerabends liegt über
1988 299 3203 365 dem, was er ersinnt. Ein mildes Dämmerlicht umfließt seine
1995 342 3206 409 Menschen und nimmt den Contouren die Härte. Seine Werke
1986 401 3203 471 sind Pastelle. Und er weiß mit dem Wischer umzugehen und
1997 446 3214 516 aus verschwimmenden Tönen Effecte zu locken. Am liebsten
1992 501 3212 551 zeigt er uns auch die Liebe im Dämmerlichte. Wir erfahren
1996 544 3213 598 wenig von der Liebe Hugos zu Toni. Aber nun sehen wir
1987 587 3211 653 Toni und ihr Kind im Hause der Losatti. Wie eine Wolke
1997 647 3212 700 lastet das Dasein des armen Mädchens über der sittsamen
1997 683 3215 753 Familie. Eigentlich duldet man sie blos des Kindes wegen
1996 735 3184 801 und als dieses stirbt, jagt man sie grausam aus dem Hause —
1996 788 3211 851 in den Tod. Das Schicksal Christknens ist auch das Schicksal Tonis.
2118 846 3206 896 Vortrefflich sind alle diese Menschen gezeichnet: die Mutter
1993 879 3219 936 Hugos, eine schwache Frau mit einem guten Kern; der Vater,
1998 938 3221 1004 ein schwacher Mann mit einem schwachen Kern oder besser
1995 987 3214 1033 gesagt, mit gar keinem Kern, ein Poseur, einer jener Comö¬
1994 1026 3214 1090 dianten des Lebens, die im Rampenlichte ihre Gefühle vor sich
1995 1082 3204 1127 selbst agiren, um sich selbst dann Bravo rufen zu können — es
2000 1135 3208 1186 ist ein feiner Witz Schnitzler's, daß er Herrn Losatti zum
1988 1185 3207 1245 liberalen Abgeordneten macht; die brave Schwester Hugos, Franzi,
1998 1242 3209 1287 ein Mädchen mit stillen Gefühlen im starken Herzen, die einzige,
1992 1274 3218 1325 die tapfer auf Tonis Seite sich stellt, die einzige, die ihres
1989 1317 3219 1366 Bruders Vermächtnis erfüllt, das Vermächtuks der Liebe; der
1999 1369 3210 1426 Hausarzt Dr. Schmidt, ein kalter, grausamer Mann, ein
2003 1410 3214 1482 moralischer Parvenn mit der Engherzigkeit des Menschen, der
2000 1470 3207 1535 sich aus niederem Kreis in die höhere Sphäre schwer empor¬
1990 1514 3216 1581 gearbeitet hat. Jede Nebenfigur hat ihr individuelles Leben.
2107 1570 3218 1636 Mit jedem neuen Werke wächst Schnitzler's Kunst der
2003 1619 3218 1685 Beobachtung und Zeichnung. Mit jedem neuen Werke wächst
1988 1688 3213 1740 seine Beherrschung der Technik. Wie weiß er Alles vorzubereiten,
1990 1730 3211 1790 wie zwanglos bewegt er seine Figuren, wie klug stellt er die Scenen!
2107 1774 3219 1844 Und trotz dieser virtuosen, raffinirten Technik der Details
1992 1841 3210 1893 krankt sein Stück unheilbar an technischen Fehlern der Compo¬
1995 1876 3218 1935 sition. Der Parallelismus der Actschlüsse nimmt diesen ihre
1996 1935 3213 1990 Wirkung: am Ende des ersten Actes stirbt Hugo, am Ende des
1998 1970 3215 2040 zweiten das Kind, am Ende des dritten geht Toni in einen
1997 2027 3222 2087 ungewissen Tod. Wie bei einem guten Bilde müssen auch in
2000 2087 3222 2138 einem Stücke die Linien der Handlung convergirend laufen.
1995 2131 3216 2185 Im „Vermächtnis“ laufen die Linien divergirend aus dem
1999 2178 3222 2244 Bilde heraus. Jeder Act hat seinen eigenen Mittelpunkt und
1989 2218 3224 2280 das Stück hat keinen. Der Dichter holt dreimal tief Athem
2069 2270 3221 2325 aber er sagt uns nichts. Das schöne Wort Franzis, daß un¬
1991 2324 3220 2377 möglich Sünde sein könne, was einen guten Mann glücklich gemacht,
1998 2385 3216 2432 ein Wort, das im Publicum jubelnden Beifall fand, ist ein
1991 2419 3226 2495 treffliches Aper### #er um seinetwillen wurde das Stück nicht
1997 2485 3213 2541 geschrieben, noch dacht. Es ist einernge Welt, in die der Dichter
1996 2536 3214 2585 uns führt und den Blick in die W##te versagt er uns. Sein
2002 2565 3209 2631 Stück hat den Fehler aller negativen Dramen. Ich verstehe
1995 2613 3215 2693 darunter jene Dramen, deren Handlung darin besteht, daß etwas
2014 2665 3236 2746 nicht geschieht. Toni wird von der Familie, dem Vermächtnis
2003 2716 3243 2779 des Sterbenden entgegen, nicht resorbirt. Und den negativen?
2009 2772 3230 2824 Dramen geht es wie den passiven Menschen, die darin spielen
2074 2833 3217 2890 sie rühren uns vielleicht, aber sie ergreifen uns nicht, wir
2009 2869 3221 2940 sind traurig ob ihres Schicksals, aber die tragische Stimmung
2001 2926 3224 2987 bleibt aus. Denn zur Tragik gehört Kampf, gehört Empörung,
2016 2966 3239 3034 gehört Action im besten Sinne des Wortes. Jede Tragik bejaht
2008 3030 3180 3086 das Leben und wenn das Leben auch darin zu Grunde geht.
2129 3075 3225 3130 Schwer und traurig lastet die Stimmung des Stückes auf
2006 3113 3228 3168 dem Hörer. Wie ein Alp liegt sie auf ihm. Das lösende Wort
2009 3168 3230 3226 bleibt aus. Und wenn man, um sich selbst von dem jammer¬
2002 3207 3228 3279 vollen Banne zu befreien, dem Conflicte nachgeht, so findet man,
2004 3267 3230 3312 daß er so, wie er uns hier dargestellt wird, gar keine Lösung
2015 3312 3222 3371 zuläßt. Wir sind in einer Sackgasse. Wir fühlen das bittere
2005 3379 3220 3426 Unrecht, das der armen Toni widerfährt und verstehen anderer¬
2009 3427 3226 3476 seits, daß jetzt ihres Bleibens doch nicht länger im Hause Losatti's
1998 3472 3219 3530 ist. Die Gründe, die für ihre Entfernung schließlich vorgebracht
2011 3513 3208 3580 werden, sprechen die Menschen auf der Bühne hart und un¬
2003 3562 3217 3625 sympathisch aus — aber sie haben ihre Berechtigung! Der
2007 3621 3225 3684 Dichter hätte eben die Situation anders gestakten müssen, um
2013 3657 2678 3728 ihnen die Berechtigung zu nehmen.
2117 3700 3210 3777 Nach langer Zeit gab es endlich wieder eine gute Vor¬
2005 3749 3212 3824 stellung im Burgtheater. Frau Schmittlein (Frau Losatti)
2004 3806 3222 3874 und Frau Hohenfels (Franzi) standen siegreich im ersten
2012 3854 3212 3913 Treffen. Herr Treßler (Hugo), Herr Devrient (Dr. Schmidt),
2007 3902 3221 3968 Herr Hartmann (Losatti) waren die Menschen des Dichters.
2006 3965 3216 4027 Bei aller Anerkennung der Leistung der Frau Schratt (Toni)
2004 4006 3234 4076 wäre uns Frl. Medelsky in dieser Rolle lieber gewesen.;
