3392 4384
768 1068 1191 1134 Telefon 12801.
473 1174 1496 1255 Unternehmen für Zeitungs-Ausschnitte.
1362 1228 1568 1293 Ausschattt
637 1245 1671 1385 „OBSERVER“ Nr. 79
279 1289 354 1380 6
253 1371 1699 1454 L. Esterr. behördl. conc. Bureau für Zeitungsberichte u. Personalnachrichter
432 1446 1513 1537 Wien, IX/1, Türkenstrasse 17.
655 1525 1309 1613 Filiale in Budapest: „Figyelé“
345 1605 1597 1690 Vertretungen in Berlin, Chicago, London, Newyork, Paris, Stockholm.
253 1718 785 1802 Ausschnitt aus:
244 1844 595 1942 von
406 2097 1523 2180 nnchen, 17. September. (Eig. Mitth.) Wie angekündigt,
342 2122 1513 2224 hat die Direktion Stollberg=Schmedner das „Münchener Schau¬
362 2188 1522 2260 spielhaus“ mit der ersten Aufführung des Schnitzlerschen
362 2230 1530 2289 Schauspiels „Das Vermächtniß“ wieder eröffnet. Das neue
371 2268 1524 2341 Ensemble ist nicht ganz so gut und natürlich auch noch nicht
370 2307 1512 2377 so eingespielt wie das alte. Man wird weitere Vorstellungen ab¬
357 2349 1519 2405 warten müssen. Interessanter ist, daß München, das schon die be¬
366 2386 1517 2451 stehenden Theater nicht zu füllen vermag, wieder ein neues
363 2420 1512 2492 Theater erhalten soll. Trotz aller trüben Erfahrungen giebt es
359 2468 1522 2511 hier noch immer Leute, die glauben, München habe zu wenig
352 2499 1522 2559 Theater und müsse es Berlin nachthun, als ob die Berechtigung
356 2545 1514 2620 eines neuen Theaters wie eine Apothekerkonzession mit der
352 2583 1514 2645 Vergrößerung der Stadt allein zu begründen wäre.
346 2616 476 2662 Das
476 2611 964 2676 neue Theater scheint
1071 2620 1180 2676 eine
1192 2620 1522 2683 Art Terrain¬
355 2648 1194 2713 spekulation der Banfirma Heilmann u.
1194 2663 1505 2722 Littmann und
345 2701 1507 2770 eines ehrgeizigen Rentiers Scheuer, des Schwagers Schmedners,
345 2743 1507 2805 zu sein. Räthselhaft ist bis jetzt nur, daß unser Hoftheaterinten¬
333 2757 1506 2846 dant v. Possart als Leiter des neuen „Prinzregenten¬
330 2816 1506 2900 (Theaters“ genannt wird — so soll das Theater heißen. Es
322 2854 1498 2959 soll in der Prinzregentenstraße stehen, der Zugang ist eben durch
344 2905 1502 2977 das Hochwasser gründlich zerstört worden. Will Possart gehen
334 2943 1506 3034 und ein Konkurrenztheater gründen — dann wird es wohl nicht
333 2989 1501 3068 den Namen des Regenten führen, soll es eine Art Hoftheater No. 3
336 3022 1497 3103 werden — diese und andere Fragen stehen noch offen, so lange
338 3054 1502 3134 Possart, der dem Gerücht nicht ausdrücklich widerspricht, aus
333 3102 1506 3185 seinem Schweigen nicht heraustritt. Die Großstadtsucht Münchens,
331 3132 1503 3239 es Berlin gleichzuthun, hat schon wunderbare Blasen getrieben,
227 3196 1613 3288 per Die aber eine überflüssigere als dieses dritte Schauspielhaus', „neineire
316 3232 413 3275 100
1440 3263 1586 3316 Porto.
316 3267 418 3320 200
1262 3283 1611 3351 20 — Zahlbar
309 3304 417 3352 500
1264 3321 1366 3364 50.—
252 3344 427 3404 „ 1000
1218 3333 1645 3414 „ 100.— im Voraus.
351 3397 1676 3472 Im Gegensatze zu anderen Bureaux für Zeitungsausschnitte ist das
230 3430 1686 3491 Abonnement durch keine bestimmte Zeitdauer begrenzt; — auch steht es den
229 3496 1529 3562 Abonnenten frei die aufgegebenen Themen zu ergänzen oder zu ändern.
2310 243 2726 317 Telefon 12801.
2029 330 3036 430 Unternehmen für Zeitungs-Ausschnitte.
2906 410 3088 476 Ausschaf
1933 441 2051 538 05
2184 425 2822 560 „OBSERVER“
2920 451 3192 568 Nr. 94
1792 556 3242 641 L österr. behördl. conc. Bureau für Zeitungsberichte u. Personalnachrichten
1975 632 3069 722 Wien, IX/1. Türkenstrasse 17.
2195 710 2835 789 Filiale in Budapest: „Figyelé“
1897 772 3156 861 Vertretungen in Berlin, Chicago, London, Newyork, Paris, Stockholm.
1787 894 2321 975 Ausschnitt aus:
1800 1033 2173 1131 vom 44½ J
2209 1362 2756 1451 Theater und Musik.
2211 1434 2724 1502 Münchener Theaterbrief.
2002 1472 3018 1570 Die unter der Leitung der Herren Stollberg
1925 1530 3009 1606 jund Schmederer vereinigten Bühnen Gärtnerplatz¬
1944 1586 3018 1648 ktheater und Münchener Schauspielhaus haben ihre
1944 1607 3018 1700 Spielzeit mit einem glänzenden Sieg auf der ganzen
1941 1662 3019 1736 Linie eröffnet. Nach dem durchschlagenden Erfolg,
1936 1708 3017 1785 den das Gärtnerplatztheater mit der romantischen
1939 1766 3001 1828 Franzosen=Komödie „Cyrano von Bergerac“
1941 1802 3014 1859 erzielte, rückte es mit einer Operette heraus,
1942 1842 3009 1913 und zwar mit der in Mülchen noch nicht gespielten,
1940 1889 3008 1964 herzlich altbackenen „Afrikareise“ des seligen
1933 1928 3008 2005 Meisters Suppé. Musikalisch wenig hervorragend,
1942 1983 3006 2044 textlich von haarsträubender Unwahrscheinlichkeit,
1939 2032 3016 2074 gewann die alte neue Operette stürmischen Beifall
1931 2071 3014 2125 dank einer entzückend gelungenen Darstellung
1944 2102 3017 2173 sämmtlicher Rollen und einer künstlerisch tadellosen
1936 2150 2594 2213 Ausstattung und Inszenirung.
2643 2161 2779 2218 Seit
2777 2160 3015 2227 gut zehn
1932 2197 3016 2259 Jahren hatten die Münchener keine so — seltsam zu
1938 2244 3011 2297 sagen — gediegene Operetten=Aufführung mehr erlebt.
1933 2288 3014 2336 Was dieser abgeschmackten Wechselbalg=Kunstgattung an
1942 2332 3007 2394 feineren musikalischen und schauspielerischen Reizen und
1791 2351 1895 2422 Für
1901 2363 3185 2445 50 munterer, nicht bloß blödsinnig lustiger Stimmung ab= inelusive
1877 2406 3147 2476 100 zugewinnen ist, hat der überaus geschickte und feinsinnige Porto.
1872 2443 1949 2487 200
1876 2476 3160 2525 500 Regisseur Direktor Stollberg aus der „Afrikareise“ heraus= Zahlbar
1804 2511 3181 2579 " l00g gelockt. Man bekam in den Hauptrollen, weiblichen wie n Veraus.
1931 2563 3236 2639 männlichen, wieder einmal wirklichen Kunstgesang und #ie in aus
1932 2583 3250 2689 in den Chören geschulte und frische Stimm=Massen in sicht es den
1792 2594 1927 2667 Abonn
1940 2632 3085 2706 geschmackvoller Abtönung zu hören. Die Kostüme und ern.
1782 2658 1941 2714 Abonne
1940 2682 2998 2743 Bühnenbilder waren auch für den anspruchsvolleren
1943 2724 3004 2805 Sinn eine Augenweide, fern von der rohen Berechnung
1924 2754 2996 2856 der Lüsternheits=Wirkung, die den süßen Pöbel zur
1933 2807 2271 2868 Operette drängt.
1995 2852 2997 2918 Das Schauspielhaus wurde mit Schnitzlers „Ver¬
1931 2914 2996 2973 mächtniß“ eröffnet. Dieses innigste und vornehmste
1918 2950 2994 3010 Theäterstück des Wiener Dichters ist eine schwere
1918 2984 2997 3052 Talentprobe für Darsteller und Regisseur. Ein Zuviel
1921 3030 2993 3102 oder Zuwenig, und die gesunde Dichtung wird zum
1923 3075 2996 3147 thränenreichen Familiendrama oder zum lärmenden
1922 3119 2990 3186 Thesenstück. Mit geringen Schwankungen fand die Dar¬
1924 3171 2992 3237 stellung in den großen und kleinen Rollen die richtige Linie.
1922 3196 3015 3274 Wohl ließ das Zusammenspiel noch etliches zu wünschen
1906 3260 2976 3312 übrig, dafür hatte der Zuschauer den seltenen Genuß,
1917 3309 2974 3355 durchaus tüchtige und fesselnde Künstler vor sich zu
1925 3347 2983 3413 sehen, die mit heiligem Eifer ihrer Aufgabe gerecht zu
1921 3395 2990 3448 werden strebten. Auch die vielen heimlichen Feinheiten
1920 3434 2983 3496 und Bezüge, die der Dichter in sein kunstvolles Drama
1913 3485 2974 3541 hineingearbeitet, sind nur zum Theile offenbat ge¬
1911 3521 2979 3575 worden, so daß die volle Schätzung des poetischen Werkes
1910 3566 2990 3639 nach dieser Erstaufführung nicht möglich ist. Immerhin
1921 3614 2983 3670 hat das ausverkaufte Haus so reichen Genuß ge¬
1927 3655 2993 3723 funden, daß es sich mit seinem Beifall nicht genug thunn
1913 3700 2979 3751 konnte. Zum Schlusse gab es jubelnde Hervorrufe für
2819 3737 2981 3805 etener
1910 3745 2732 3797 Reaisseur und Direktor nachdemschen
1914 3789 2992 3833 Szene einige besondere ergreifende Einzelleistungen
1911 3824 2979 3890 (z. B. die von Fräulein Lange als Toni in der
1916 3870 2980 3945 wundervollen Abgangsizeue des zweiten Aktes) mit
1919 3909 2600 3973 lautem Beifall ausgezeichnet wurde.
1978 3944 2990 4014 Man darf ohne Uebertreibung sagen: es ist aus¬
1925 3991 2991 4073 erlesen vornehme Darstellungskunst, was die unter der
1911 4038 2984 4091 Leitung der Herren Stollberg und Schmederer vereiigten:
1910 4080 2992 4152 Bühnen in ihren Erstaufführungen dem Münchener
1916 4132 2413 4202 Publikum geboten haben.
2706 4132 2908 4188 M. G. C.
