3436 4320
1426 92 1834 193 box 16/3
213 85 1272 203 10. Das Vernagchtnis
437 1064 1097 1182 Berliner Theater. ¼
1207 1084 3290 1196 eingeflochtenen Betrachtungen, welche er seinen fran= then soll, auch gehalten. Dann aber stirbt der kleine
1217 1135 3295 1247 zösischen Meistern nacherzählte, dem Wiener Boden Franz an einer Kinderkrankheit und nun lat der
344 1145 3287 1230 (Original=Feuilleton des „Neuen Dester Joumal=) # entsprossen seien; er merkte es gar nicht, daß er junge Arzt, der als hartherziger Emporkömmling
300 1172 3293 1275 Die Riesenmaschine ist im Gange. Dem abend= eigentlich seine eigenen Werke aus dem Französischen sein Behagen am Genusse der Ehren einer Patrizier¬
184 1239 3299 1384 lichen Zerstreuungsbedürfnisse der Berliner bieten ins Deutsche übersetzte. Die „Soppho“ Daudet's in existenz nicht gestört sehen will, Oberwasser. Man
185 1293 3293 1359 sich neunzehn Theater mit den ältesten und den jugendlicher Ausgabe und ihre Schwestern geriethen schickt Toni fort, und die Verzweifelnde endet durch
179 1335 3294 1465 neuesten Künsten der Bühne dar, ungerechnet die ihm zum Wiener „Mäderl“, und wenn er in Selbstmord. „Wir haben Gnaden erwiesen und
183 1384 2261 1478 vielen Dutzende von Artistenbühnen, Chantants d „Liebelei“hen Doppeladler=Marsch aufspielen ließ,
2248 1416 3294 1496 wir hätten nur gut sein sollen.“ Mit dieser Klage
177 1419 3289 1496 Konzerten. Jeder Geschmack, jede Laune kann iyresso glaubte er schon in der Herzenssprache den echten, kündet die weinende Franziska die These der Ko¬
179 1458 3287 1593 Befriedigung finden, und wie bei einem Wettrennen unverfälschten Wiener Dialekt gefunden zu haben. mödie. Ein Stück in drei Akten mit drei Leichen!
184 1509 1240 1596 jagen die Bühnenleiter, ihre mächtigen Reklame¬
1217 1528 3281 1644 Eine merkwürdige Erscheinung! Ein Wiener, der Die aristotelische Einheit des Ortes ist strenge ein¬
181 1558 3284 1683 peitschen schwingend, einer dem anderen vor, bis im nach Wien „strebt“! Grillparzer hat in der gehalten. Alle drei Akte spielen im Zimmer Hugo's.
183 1590 1238 1669 Februar oder März etliche Zurückgebliebene mit
1215 1615 3288 1737 Tragödie „Des Meeres und der Liebe Wellen“ den Der ganze Vorgang ist wie in „Deuise“ von Dumas,
177 1643 1224 1716 lauter oder stiller Pleite“ das Rennen aufgeben.
1213 1650 3282 1757 Wiener nicht verleugnen können, und kein süßeres nur als Canevas benützt, um die Kontroversen und
183 1674 3282 1804 Schon ist die dritte Novitätengarnitur auf dem Spiel= Wiener Mädel ist je dichterisch gestaltet worden als die Charakterbilder daran zu fixiren; denn der Vor¬
181 1719 1505 1825 plan erschienen und setzt die Köpse, die Herzen und Melitta in
1534 1747 1796 1805 „Sappho“.
1866 1766 3286 1840 deshalb Arthur gang selbst ist ein Nichts. Wäre Toni die Ebefrau
178 1765 726 1846 die Kassen in Bewegung.
1209 1783 3296 1918 Schnitzler wirklich nur Formtalent bietet, ob der Hugo's gewesen, sie hätte bestens dafür gebankt, als
289 1810 2120 1892 Das Deutsche Theater hat die Führung bisher Dichter aus sich heraus der Welt etwas, zu
2101 1858 3286 1957 sagen Wittib im Hause der Schwiegereltern das Gnaden¬
182 1854 3278 1925 behauptet, und seine letzte Gabe, Arthur Schuitzler'a hat, mag erst die Zukunft lehren. Sein Schauspiel brod essen zu müssen. Und weil man ihr eine Rente
405 1912 775 1990 „ Das Vermächtniß
968 1935 3281 2046 lotz mancher]=Das Vermächtniß“ zeigt einen sehr bedeutenden bietet, von der sie selbstständig leben kann, läuft sie
182 1938 2505 2045 Bedenklichkeiten und berechligter Bedenken das In= Fortschritt im Sinne vertiefter Charakteristik und ins Wasser?
176 1983 2253 2088 teresse doch mächtig angeregt. Mit der Schaffens= geschärfter Dialektik des gedanklichen Inhalts. Es ist
184 2018 2249 2115 methode dieses reichbegabten und liebenswürdigen ein Theaterstück, und die Anlage, die Oekonomie der
2322 2047 3281 2147 Die nüchterne Analyse des Stückes müßte
2233 2083 3273 2182 zur Ablehnung der Arbeit führen, wenn nicht
178 2075 3270 2179 Wiener Dichters hat ee eine eigene Bewandtniß. Er sienischen Eintheilung ist wieder ganz französischem der Dichter durch eine geradezu meisterhafte Cha¬
178 2122 2233 2225 hat die moderne Pariser Literatur und von ihr Muster und speziell, sicherlich ganz unbewußt, der
180 2179 2238 2277 einen sehr erheblichen Theit der Boulevardliteratur „Denise“ des verewigten Alexander Dumas Sohn
2221 2170 3271 2260 rakterzeichnung alle die Fehler der Anlage wett¬
178 2221 1482 2305 gewissermaßen zu Nährmüttern seiner Muse er= nachgebildet.
2218 2225 3270 2307 gemacht und — stärker im Talent als im Denken —
168 2247 1245 2335 koren. Die Grisette, die falschen Ehen, die aus
2215 2274 3274 2365 unbewußt das Interesse von der schwachmüthigen.
1298 2284 3264 2355 Der Vorgans! Hugo, der Sohn des reichen Heldin Toni auf die Figur Papa Losatti's, des
178 2298 3279 2383 Leichtsinn Sentiments und Sinnlichkeit kom= Professors und Abgeordneten Losatti, stürzt im liberalen Professors und Abgeordneten, abgelenkt
174 2344 3266 2435 pilirten Liebesgeschichten, die Probeexerzitien der Prater vom Pferde; er wird sterbend ins Haus ge= hätte. Mit dem Patron hat Arthur Schnitzler ein
173 2386 3269 2508 Liebe im Leben des modernen jungen Mannes tragen und nimmt den Eltern das Versprechen ab, Stück Wienerthum bis ins Herz getroffen. Schon
168 2425 3260 2531 haben es der Phantasie des jungen Dichters seine Geliebte, Toni Weber, und sein Kind, den der wälsche Name zeigt, daß Losatti einer völlig
175 2478 1514 2558 angethan. Wie er sich mit seinem reichen, aber kleinen Franz,
1492 2493 3267 2617 so zu halten, als wäre Toni seine verwienerten Rauchfangkehrermeister=Familie ange¬
176 2525 3264 2603 schlichten Haupthaar arglos eine Daudet=Locke in eheliche Frau gewesen. Das Versprechen wird ge= hört, deren es viele in Wien zu den mehrfachst ver¬
166 2548 3251 2642 die Stirne strich, so kam er auch zur ehrlichen geben und trotz der konventionellen Bedenken des stockten Hausherren gebracht haben. Losatti aber ist
166 2606 3253 2778 Ueberzeugung, daß alle die Geschichten und die ihnen Hausarztes, der Hugo's Schwester, Franziska, heira= Professor, Reichsrathsabgeordneter, Typus des immer
1121 2706 2444 2816 Die heutige Nummer umfaßt zwanzig Seiten.
978 2866 1115 3057 *
738 2916 927 3071 74
