3436 4480
1350 202 1817 302 box 16/4
164 181 1224 317 10. Das Verngechtnig
359 820 877 981 21. Februar.
2926 809 3156 995 1399.
1022 846 2740 1061 Beilage zur Bohemia Nr. 52.
506 1063 3056 1141 Ausihe wole man an die Redaetlon, Amzeigen an die Administration und Bezgelber an die Bepedleion der „Bohenlat senden.
1215 1132 1313 1193 sten
2263 1130 2538 1203 S
2267 1218 3229 1297 junges Leben genossen und zuletzt in einer wilden Ehe
1306 1218 2271 1297 ganzen Wesen die Engherzigkeit gesellschaftlicher Vor¬
661 1257 999 1348 Cheater.
2272 1286 3223 1347 die sein Gemüthsleben erweckte, eine höhere Befriedi¬
1309 1281 2274 1355 urtheile vertritt, ihr aber durch die Festigkeit und
2269 1337 3244 1402 gung gewonnen. Wie diese Ehe in das festumgreuzte
1314 1329 2268 1393 Consequenz seines Auftretens imponirt. Schmidt ist
455 1309 1323 1395 *. Neues deutsches Theater. (Zum ersten
2276 1383 3245 1442 Leben der Familie Losatti eindringt und zugleich ein
1316 1374 2284 1432 einer jener Parvenues der Selbstbeherrschung, die den
350 1368 1322 1454 Male „Das Vermächtnis," Schauspiel von Arthur
2277 1423 3242 1491 Scheinzustand der Befriedigung in die Stimmung
1309 1432 2278 1490 Menschen der freien Selbstbethätigung mit finsterer
349 1432 1318 1501 Schnitzler.) Wie in „Liebelei“ handelt es sich in
2268 1461 3240 1544 jähen Unglückes umschlägt, das bildet den Inhalt des
1324 1473 2282 1550 Voreingenommenheit gegenüberstehen. Er prahlt mit
352 1475 1310 1543 dem neuen Schauspiel von Arthur Schnitzler um
2267 1511 3250 1594 ersten Actes, der die Charaktere und Verhältnisse mit
1323 1520 2284 1585 der Armuth, aus der er sich emporgearbeitet hat, ist
347 1532 1319 1600 ein „kleines füßes Mädchen,“ das in seiner Einfalt
2264 1573 3250 1643 großer Kunst exponirt, spannt und an die Nerven
1307 1572 2275 1629 eine Protze der Entsagungskraft, die er nicht in
354 1576 1323 1634 ganz unbewußt zum weiblichen Heroismus empor¬
2274 1620 3235 1670 greift, aber von dem Vorwurf, die Pein einer Sterbe¬
1313 1616 2278 1677 Milde und in liebevoller Absicht bethätigt, sondern
348 1622 1313 1690 wächst, wie in „Freiwild“ um die Härte der Gesell¬
2277 1667 3245 1721 scene über das Erforderniß der künstlerischen Absicht
1306 1673 2271 1727 als ein Vorrecht der Unbarmherzigkeit gegen alle
348 1665 1309 1740 schaft, die der Natur entfremdet ist und gegen Men¬
2261 1717 3248 1764 hinaus zu verlängern, nicht freizusprechen ist. Die
1315 1715 2266 1777 lebensfrohen und lebensdurstigen Menschen geltend
357 1717 1312 1775 schen, die ihren geraden Ausnahmsweg zum Glücke
2266 1759 3245 1819 jungen Familienmitglieder sind eben fröhlich damit
1311 1760 2268 1816 macht. Er ist zugleich eine Parallel= und Contrast¬
349 1760 1318 1829 finden, nicht gerecht zu sein vermag. Aber der Kampf¬
2267 1814 3246 1863 beschäftigt, vom Fenster aus das Straßengewühle zu
1310 1809 2268 1874 figur im Verhältniß zu Losatti: nämlich voll Respect
351 1816 1319 1871 platz ist diesmal ein neuer. Die Conflicte spielen sich
2261 1856 3241 1930 verfolgen und auf die vom Prater heimkehrenden
1316 1858 2270 1919 vor den conventionellen Forderungen der Gesellschaft,
344 1864 1320 1939 vom Anfang bis zum Ende in den vier Wänden des
2264 1917 3237 1968 Wagen, die einander zu überholen suchen, zu wetten
1309 1902 2263 1968 aber frei von der sophistischen Heuchelei des Libera¬
347 1905 1309 1975 vornehmen Bürgerhauses ab, im innersten Bereiche
2311 1958 3245 2014 — da grwahren sie einen Straßenauflauf, eine Panik,
1311 1956 2280 2019 lismus und immer bereit, die letzten Consequenzen
341 1949 1313 2020 der Familie, deren Rechte und Pflichten, deren Nei¬
2267 1992 3250 2064 die sich bis zu ihrem Hause fortsetzt, und erkennen in
1308 2002 2273 2075 eines starren Vorurtheils zu ziehen. In einer
338 2010 1320 2068 gungen und Abneigungen von den verschieden#
2266 2045 3253 2111 der Gestalt, die man auf eine Bahre bettet und für
1307 2039 2279 2107 Seitenlinie der Familie finden wir noch wesentliche
340 2052 1316 2113 Standpuncten aus beleuchtet werden. Die Sippe zelzt
2269 2093 3252 2150 die die Menge eine Gasse bildet, ihren nächsten Ange¬
1304 2095 2276 2156 Ergänzungen dieser feingegliederten Scala von Lebens¬
340 2102 1315 2163 sich uns zuerst im Gleichgewicht, ja im Sonnenschein
2274 2145 3253 2203 hörigen, den Bewohner des Zimmers, in dem sie sich
1305 2148 2273 2213 anschauungen. Emma Winter (Frl. Baumgart), die
343 2156 1322 2214 eines trügerischen Glückes, der indes etwas Stechendes
2264 2197 3247 2244 so harmloser Fröhlichkeit hingaben. Hugo ist während
1316 2191 2273 2256 verwitwete Schwägerin der Frau Losatti, steht etwa
351 2198 1315 2254 hat, das den Zuschauer von feinerer Witterung die
2268 2239 3247 2321 eines Spazierritts gestürzt und unter die Hufe des
1317 2251 2271 2309 auf demselben Standpuncte wie die Haustochter Franzi,
348 2246 1312 2308 Nähe des Unwetters ahnen läßt. Nicht Alle, die diesem
2275 2291 3247 2366 Pferdes gerathen; bewußtlos wird er hereingebracht,
1315 2292 2273 2353 nur reifer und ruhiger, überlegener und bewußter.
345 2302 1306 2359 Hause angehören, fühlen sich auf dessen Boden zu¬
2266 2327 3260 2399 und sein Erwachen bedeutet nur das letzte Auf¬
1310 2346 2275 2411 Früh um ihr Lebens= und Liebesglück gebracht, hat sie
338 2343 1317 2404 hause. Das Oberhaupt der Familie — wir nehmen in
2265 2388 3259 2452 flackern der Lebensgeister. Er fühlt die Nähe des
1349 2389 2278 2460 — im Gegensatz zu Dr. Schmidt — aus der schmerz¬
332 2398 1308 2452 der Charakteristik der Personen die spätere Entwick¬
2263 2437 3250 2498 Todes, begehrt, mit der Mutter allein gelassen zu
1313 2433 2271 2502 lichen Erfahrung die Milde gegen Andere geschöpft,
337 2435 1319 2489 lung vorweg — ist der Professor der Nationalökonomie
2266 2483 3238 2537 werden, und drängt ihr mit der Hast des Man¬
1306 2477 2267 2553 fühlt sie sich erhaben über jede conventionelle Täu¬
342 2483 1318 2551 und Abgeordnete Losatti (Herr Schmidt), ein seichter
2267 2530 3246 2602 nes, der nur über Minuten verfügt, das Ver¬
1306 2531 2274 2602 schung und schätzt den Kern der individuellen Empfin¬
345 2529 1317 2600 Redekünstler und Poseur, der den zur Schau getragenen
2263 2577 3246 2656 sprechen ab, seine Geliebte und sein Kind ins Haus,
1311 2586 2269 2648 dung höher als alle wechselnden Formen des gesell¬
348 2582 1313 2636 Freisinn mit dem kleinlichsten Respect vor der Aeußer¬
2264 2628 3239 2696 zu nehmen and in die Rechte der nächsten Familien¬
1307 2621 2283 2689 schaftlichen Lebens. Ihre Tochter Agnes (Frl. Urfus)
347 2634 1312 2692 lichkeit der Gesellschaft verbindet, ein Mann, der sich
2263 2679 3242 2731 mitglieder einzusetzen. Selbstverständlich sagt die ge¬
1309 2680 2278 2727 ist ein unreifes, ganz von einer Empfindung be¬
337 2673 1319 2733 in das Bewußtsein seiner Vortrefflichkeit einwiegt und
2262 2719 3256 2776 peinigte Mutter, die von den Verhältnisse bisher keine
1316 2727 2277 2778 herrschtes Wefen. Sie liebt ihren Vetter, den Sohn
338 2725 1313 2782 dabei in jeder Lebenslage nur an sich und seine
2262 2774 3238 2843 Ahnung hatte, Alles zu, und auch der Vater, der
1309 2767 2274 2830 des Hauses Losatti, liebt ihn so heftig und hingebungs¬
338 2775 1314 2839 Scheinwürde denkt, ein Komödiant der nohlen Em¬
2263 2823 3235 2866 anfangs mit dem Optimismus seichter Naturen, die
1310 2815 2272 2880 voll, daß es sie schon glücklich macht, in seinem Dunst¬
339 2819 1307 2888 pfindungen, der jedes echte Gefühl in seiner abscheu¬
2261 2862 3240 2930 Gefahr in Abrede stellen möchte und sich einige übel¬
1303 2874 2268 2928 kreise zu athmen, und dabei doch so keusch und zag¬
337 2867 1306 2928 lichen Wortgewandtheit hinwegschwätzt. Seine Frau
1313 2920 2271 2979 haft, daß er ihre Neigung kaum bemerkt, und daß sie
2260 2916 3235 2974 launige Ermahmungen selbst am Sterbebette des
343 2922 1315 2983 (Frl. Ehrhardt), die tiefer und reiner empfindet, ist
2271 2963 3247 3025 Sohne“ nicht versagen kann, findet sich in das Un¬
1314 2967 2271 3025 sich damit begnügt, ihre schrankenlose Zuneigung und
336 2961 1308 3046 schwach und gutmüthig genug, an die Bedeutung
1308 3009 2276 3066 die Wallungen ihrer Eifersucht der Schwester des
2264 3019 3243 3066 vermeidliche, und setzt sich selbst in Bewegung, um
339 3006 1314 3081 dieses Gatten zu glauben. Franzi, die Tochter des
1317 3063 2264 3126 Geliebten anzuvertrauen. Zu solcher Eifersucht ist Anlaß
2260 3066 3242 3127 das Mädchen, das vor den Hausleuten für eine Wär
345 3066 1303 3119 Hauses (Frl. Erl) ist ein im besseren Wortsinne mo¬
1307 3104 2265 3171 in Hülle und Fülle gegeben. Dr. Hugo Losatti (Herr
2260 3105 3254 3186 terin ausgegeben wird, und den Knaben aus der nahen
346 3109 1310 3174 dernes Geschöpf, aus innerem Bedürfniß heraus rein
1320 3157 2260 3216 Jobn) — der männliche Held des Stückes, der zwar
2261 3162 3247 3234 Wohnung zu holen. Der rasch herbeigerufene Dr.
344 3160 1312 3221 und mädcheuhaft, aber freisinnig, ehrlich und duldsam
2267 3194 3243 3288 Schmidt wehrt sich vergeblich als Hausarzt und künf¬
1308 3192 2266 3270 berufen ist, im ersten Acte zu sterben, dessen Gestalt
350 3214 1314 3260 in der früherworbenen Reife ihrer Anschauungen¬
1297 3242 2262 3309 aber einen schweren Schatten auf das ganze Schau¬
2259 3251 3242 3325 tiger Schwiegersohn gegen diese Aufregungen und
329 3263 1308 3323 Nach dem Gesetze von der Anziehungskraft der Con¬
1310 3303 2264 3365 spiel wirft — hat nach Art verwöhnter Haussöhne,
2270 3303 3260 3367 unpassenden Vorgänge. Toni Weber (Frl. Immisch),
338 3305 1313 3366 traste interessirt sie sich lebhaft für den Hausarzt Dr.
346 3360 3251 3431 Ferdinand Schmidt (Herr v. Wymetal), der in seinem denen die Duldsamkeit der Eltern entgegenkommt, sein] — so heißt die Geliebte, der der sterbende junge Lo¬
2543 3403 2607 3475 —
