3436 4320
1391 171 1851 256 box 16/3
195 155 1229 250 10. Das Vernaechtnis
2208 777 2783 884 Srnne
1730 810 1959 911 60
871 978 1009 1055 951
1515 1062 2575 1130 Zeitungsindustrie auf dem Lande und in der Stadt.
426 1059 1506 1120 preußen 44, auf Posen 43, auf Westpreußen 37, auf
211 1066 417 1135 ternstand,
1524 1126 2578 1171 Die Zeitung muß aber ferner auch in ideeller Weise,
430 1112 1492 1163 beide Mecklenburg zusammen 49. Bei besonderer Be¬
213 1123 408 1185 urg=Land
1521 1162 2596 1217 d. h. inhaltlich mit der wirthschaftlichen Entwicklung des
437 1159 1497 1212 völkerungsdichtigkeit treten natürlich oft an einem Orte
197 1174 420 1238 kaler von
1521 1205 2579 1248 Volkes gleichen Schritt halten, wenn sie die ihr ge¬
432 1212 1498 1256 mehrere Zeitungen zugleich auf, und es entstehen
210 1219 405 1283 tte, aber
1533 1240 2590 1300 setzten Aufgaben lösen will. Die Erkennung dieser
432 1249 1497 1293 namentlich in größeren Städten gewisse Zeitungs¬
196 1272 412 1331 tdeutschen
1516 1291 2583 1337 Aufgaben freilich ist die erste Lebensbedingung des
431 1290 1490 1351 zentren. So haben z. B. Berlin, München und
212 1324 413 1386 echmann.
1523 1337 1844 1404 Zeitungswesens.
447 1331 1501 1390 Posen mehr als 20 Zeitungen, Hamburg, Leipzig,
209 1370 416 1433 rung der
1582 1380 1865 1434 Schlachtensee.
2072 1369 2554 1436 Hjalmar Schacht.
439 1378 1501 1436 Breslau, Dresden, Frankfurt a. M., Köln, Hannover,
206 1421 417 1489 tschthums
438 1424 1506 1470 Nürnberg, Stettin, Stuttgart, Straßburg mehr als zehn
439 1478 1513 1523 Zeitungen. Außer diesen genannten besitzen Verlags¬
1780 1463 2322 1550 Theater und Musik.
437 1521 1503 1570 orte mit vier und mehr Zeitungen Rheinland 22,
1586 1518 2588 1594 * Blumenthal und Kadelburg haben sich
438 1553 1511 1621 Schlesien 17, Provinz Sachsen 6, Königreich Sachsen 5,
1530 1573 2595 1632 ihren Lorbeerkranz von diesem Jahre im stillen Musen¬
431 1611 1495 1656 dagegen Posen 2, Pommern 3, Westpreußen 2.
193 1590 361 1674 eben.
1517 1622 2587 1681 haine des „Schauspielhauses“ gepflückt. Und
437 1656 1498 1700 Stärker wird dieser Gegensatz noch, wenn wir noch
1528 1666 2586 1720 die königliche Bühne kam mit der Aufführung ihres drei¬
208 1668 402 1729 e. Kaum
427 1698 1493 1748 die Verlagsorte mit mindestens zwei aber unter vier
1528 1719 2594 1768 aktigen Lustspiels „Auf der Sonnenseite“ ohne
219 1722 419 1781 das nicht
440 1738 1502 1786 Zeitungen hinzunehmen. Von diesen entfallen nämlich auf
1526 1749 2594 1805 Frage dem Ziele des reinen Idealismus, von dem im
203 1765 422 1821 der über
436 1776 1498 1836 Rheinland 57, auf Schlesien 43, auf Provinz Sachsen
1526 1808 2593 1851 vorigen Winter der Kaiser sprach, um einen ent¬
209 1812 410 1868 chung an¬
435 1822 1498 1887 34, auf Königreich Sachsen 45, dagegen auf Ost¬
1523 1841 2598 1893 scheidenden Schritt näher. Mit großem Vergnügen habe
216 1854 418 1911 in jeder
435 1864 1506 1918 preußen 15, auf Posen 15, auf Pommern 18, auf
1520 1890 2589 1945 ich denn auch in den Zeitungen gelesen, daß
193 1894 415 1950 ist so ent¬
426 1918 1491 1966 Westpreußen 13. Auf der anderen Seite ist interessant,
1521 1926 2594 1984 einige unserer Kritiker gerade das idealistische Wesen der
215 1939 406 1995 icht seiner
434 1954 1500 2015 zu beobachten, wie im Gegensatz zu diesen mehr oder
1521 1982 2599 2031 Blumenthal =Kadelburgschen Poesie fein und tief her¬
208 1983 412 2060 igen durch
431 1995 1496 2055 weniger bedeutenden Verlagszentren selbst ganz kleine
1533 2015 2591 2065 ausfühlten und ihr jüngstes Werk dem ... natura¬
440 2050 1506 2103 Orte eine eigene Zeitung haben. So besitzen von den
1529 2064 2588 2115 listischen Lustspiel gegenüber stellten, als Muster und
198 2050 420 2133 he Presse
429 2081 1502 2137 1884 Zeitungsverlagsorten nicht weniger als 177 Orte
1525 2103 2600 2157 als Mahnung, welche deutsche Kunft wir am meisten
196 2116 412 2177 fast gänz¬
428 2125 1500 2187 eine Einwohnerzahl, die die Höhe von 2000 nicht
1530 2152 2601 2198 lieben. Es muß wohl in dem Tiefsinn unseres Volkes
194 2161 413 2220 geht eine
443 2180 1506 2227 erreicht. Von ihnen entfallen nicht weniger als 53
1525 2194 2588 2247 begründet sein, daß wir stets „Idealismus“
204 2207 420 2263 über den
434 2216 1505 2282 allein auf Bayern, 15 auf Schleswig=Holstein und 12
2079 2235 2600 2306 „weiße Rößl“ meinen.
1532 2232 2052 2303 sagen und stets das
211 2249 413 2307 r jährlich
442 2262 1151 2324 auf die thüringischen Fürstenthümer.
1522 2276 2591 2342 Ließe man unsere Nation abstimmen, was
207 2292 414 2349 nchem der
497 2314 1501 2364 Auch die Zahl der Einwohner im Verhältniß zu der
1530 2325 2608 2379 für eine Poesie sie für die höchste und edelste an¬
213 2335 412 2393 über den
442 2350 1509 2397 Anzahl der Zeitungen ist in den einzelnen Staaten
1525 2370 2602 2430 sieht, welche sie vor Allem sucht und verehrt, so würde
214 2377 422 2442 sich sieht,
438 2399 1504 2455 eine verschiedene. Durchschnittlich kommt, wie wir oben
1530 2415 2603 2471 sicherlich die Mehrheit antworten: die ideale Poesie.
211 2426 427 2486 utendsten
441 2439 1502 2488 sahen, im Deutschen Reich eine Zeitung auf 15 354
1539 2470 2596 2517 Ebenso sicher ist aber auch, daß Blumenthal und Kadel¬
224 2472 427 2532 inreichen
447 2494 1503 2544 Einwohner. Die Gebiete, welche am weitesten sich von
1535 2499 2604 2559 burg die erfolgreichsten, die meist gespielten Dramatiker
220 2516 423 2574 Neuschen¬
434 2532 1507 2588 diesem Durchschnitt entfernen, sind die folgenden: In
1524 2561 2593 2609 der Gegenwart sind. Daran läßt sich nicht drehen und
233 2560 416 2625 te Kerle,
438 2575 1503 2634 Schleswig=Holstein kommt eine Zeitung bereis auf
1534 2591 2594 2639 nicht deuteln. Ihre Werke sind fast immer auf
436 2619 1507 2676 10 126 Einwohner, in den thüringischen Staaten auf
1631 2637 2603 2707 Sonnenseite des Erfolges geboren — was
1534 2644 1623 2692 der
222 2634 420 2700 abus um
436 2665 1503 2711 10 341, in Mecklenburg sogar schon auf 9333, dagegen
2252 2677 2597 2741 daß sie auf
1541 2684 2253 2743 hilft dagegen alle Betheuerung,
247 2691 418 2748 Und die
438 2709 1502 2771 in Ostpreußen erst auf 23 069, in Westpreußen auf
1531 2723 2594 2789 der Bomster Schattenseite der Kunst heran¬
235 2724 416 2794 chäft zu
441 2751 1503 2800 22 985 und in Elsaß=Lothringen gar erst auf 29 836.
1531 2780 2602 2826 gewachsen sind? Wenn die beiden verehrten
265 2777 409 2838 aufrecht
441 2804 1503 2853 Wahrscheinlich ist diese für Elsaß=Lothringen so un¬
1530 2809 2603 2866 Herren diesmal nicht ganz so glänzend abschnitten, wie
261 2824 423 2884 ist dieses
448 2843 1505 2895 günstige Zahl auf die Einfuhr französischer Zeitungen
1536 2858 2588 2908 das letzte Mal, so liegt das an ihrem „literarischen" Ehr¬
255 2869 419 2926 an fast
446 2885 1033 2948 aus Frankreich zurückzuführen.
1528 2914 2610 2961 geiz. Der ist ein sehr thörichter Berather für einen
261 2902 429 2969 von so
501 2915 1501 2988 Betrachten wir nunmehr die Häufigkeit ihres Er¬
1531 2944 2595 3001 Theaterschriftsteller. Je weniger man davon besitzt,
263 2956 423 3013 erfolg¬
440 2954 1509 3029 scheinens für die Woche. Die Zeitungen, die nur einmal
1530 3007 2606 3048 desto sicherer kann man des Erfolges sein. Aber auch
229 3002 420 3060 zeitungs¬
438 3018 1507 3060 wöchentlich erscheinen, sind verhältnißmäßig stark ver¬
1537 3042 2597 3093 Blumenthal und Kadelburg haben zuweilen einen
279 3045 416 3098 einem
434 3058 1505 3125 treten in Schlesien mit 31 v. H., in Ostpreußen mit
1533 3081 2598 3125 schlechten Einfall und dann setzen sie auf die Titelseite ihres
232 3079 430 3143 die sich
448 3112 1511 3166 21 v. H., in Posen mit 18 v. H., in Westpreußen
1534 3143 2604 3179 Werkes statt des Wortes „Schwank“ das Wort „Lust¬
224 3129 418 3190 seits der
447 3149 1514 3208 mit 21 v. H. und wiederum in den Reichslanden mit
1538 3162 2604 3222 spiel“. Das macht mich immer unruhig für sie. Sie
235 3177 420 3235 igen Er¬
446 3195 1510 3237 20 v. H. Auch die zweimal wöchentlich erscheinenden
1538 3208 2601 3261 fühlen sich dann stets zum Höheren aufgelegt, un¬
230 3218 430 3285 erringert
445 3230 1513 3286 Zeitungen sind in diesen Gebieten noch zahlreich vor¬
1536 3263 2617 3313 versehens überfallen sie uns mit moralischen Ueber¬
272 3265 351 3309 in
451 3274 1508 3329 handen, nämlich in Schlesien 30 v. H., in Ostpreußen
1526 3306 2602 3362 zeugungen, sie glauben es sich schuldig zu sein, daß sie
229 3297 421 3362 Ueberblick
450 3330 1506 3375 27 v. H., in Posen 36 v. H., in Westpreußen 29 v. H.,
1530 3355 2542 3398 dann und wann einmal ein ernstes Wort reden, -
225 3349 431 3411 deutschen
453 3371 1505 3418 in Elsaß=Lothringen 23 v. H.; ferner verzeichenen noch
1528 3383 2602 3436 aber wir gehen doch ins Theater, um uns zu amüsiren,
444 3417 1511 3463 zweimal wöchentlich erscheinende Zeitungen Hessen
1532 3438 2595 3486 um zu lachen, um Witze zu hören. Glücklicherweise sind
231 3430 427 3494 m April¬
454 3450 1503 3507 48 v. H. und Mecklenburg 36 v. H. Die sechsmal
1531 3469 2600 3522 sie ja keine Moralerneuerer, und das söhnt dann wieder
220 3478 420 3538 National¬
457 3506 1514 3547 und häufiger erscheinenden Zeitungen stellten dagegen
1531 3516 2592 3572 mit ihnen aus. Arbeit schändet nicht — Arbeit ist des
231 3526 425 3583 tikel die
453 3542 1498 3603 in folgenden Gebieten beträchtliche Kontingente. Thürin¬
1525 3568 2595 3618 Lebens Zier, sagen sie, und ebenso eigenartig und ungewöhn¬
222 3570 429 3625 über die
449 3578 1515 3636 gische Staaien 40 v. H., Baden 44 v. H., Württem¬
1524 3603 2606 3659 lich ist das kleine Geschichtchen, welches sie uns erzählen.
236 3615 424 3668 mmerhin
458 3625 1507 3675 berg 38 v. H., Bayern 48 v. H., Pommern 47 v. H.
1538 3648 2599 3708 Den braven Töpfermeister Wulkow, der durch seiner
244 3660 435 3711 sammen¬
445 3678 1505 3723 In den übrigen Gebieten vertheilt es sich mehr gleich¬
1535 3688 2602 3742 Hände Arbeit ein kleiner Rothschild geworden ist und
250 3700 433 3760 Angaben
453 3707 1506 3777 mäßig. Natürlich sind in den großen Städten die häufig
1528 3730 2606 3784 ein großes Haus machen, mit echten Baronen umgehen
251 3744 429 3810 sollen in
448 3760 1509 3806 erscheinenden Zeitungen bei Weitem in der Mehrzahl.
1722 3790 2603 3840 d. h. er wills eigentlich nicht, sondern muß
459 3805 1514 3859 So nehmen die sechs Mal und häufiger erscheinenden
1637 3820 2600 3878 weil seine aufgeblasene Ehehälfte, Anna
1535 3832 1623 3885 es,
248 3824 430 3892 gesammt
459 3849 1504 3902 Blätter in Berlin allein 65 v. H. ein. Beinahe ein
2005 3865 2602 3921 sieht man um so lieber wieder,
1534 3864 1956 3927 Schramm, es will
250 3880 432 3934 ner eine
459 3891 1510 3939 Vieriel der Berliner Zeitungen erscheinen sogar 12 oder
1532 3911 2602 3966 je öfter man ihn schon begrüßt hat. Dargestellt von
243 3924 429 3980 ien und
451 3937 1506 3988 13 Mal in der Woche. In den freien Städten beträgt
1532 3951 2602 4013 Emil Thomas, spielt er noch immer dieselbe
249 3966 428 4022 niedrige
454 3977 1513 4042 das Kontingent der sechs Mal und häufiger erscheinenden
1541 3996 2598 4044 komische Rolle, wie vor fünfzig Jahren, wenn er sich
242 4011 433 4062 nen eine
458 4025 958 4084 Zeitungen sogar 74 v. H.
1540 4040 2604 4099 vor seinem vornehmen Kammerdiener ängstigt und sich
248 4049 432 4106 hl zwölf
529 4076 1513 4119 Wie das häufigste Erscheinen, so werden wir natür¬
1536 4092 2610 4139 nach der kleinen Weiße mit Kümmel sehnt, während er
252 4095 435 4149 hiernach
627 4121 1515 4155 die höchsten Auflagen in den großen Städten
2467 4130 2558 4169 impie
2130 4127 2292 4176 an frent
