3436 4320
1401 215 1869 312 box 16/3
218 211 1331 317 10. Das Vernaechtnis
1333 717 1576 920 ∆
1372 946 1640 1033 1898.
558 928 1070 1084 Zeitung.
1227 1008 1774 1089 9. Oktober.
753 1058 916 1136 —
574 1104 1875 1168 dem 1 Stück recht gnädig von einem für den Verfasser, wie es schien,
670 1163 1867 1210 sehr vortheilhaft zusammengesetzten Publikum ausgenommen,
583 1183 1869 1242 das das die Gelegenheit, ein Wiedersehen zu feiern, nicht vorüber
541 1228 1876 1289 lt den gehen lassen wollte. Baron liebt ein prächtiges, aber — reiches
708 1263 1874 1318 Mädchen aus dem Volke; daß das Mädchen ihn wiederliebt, ist
542 1260 709 1331 Scheve¬
706 1309 1877 1360 keine Frage. Baron hat all sein Geld verjubbt, zeigt aber in
550 1316 696 1369 3. No¬
710 1353 1620 1401 der Nothlage erst recht, welch ein Baron
553 1343 704 1405 nach¬
570 1377 1875 1438 einen fängt wahrhaftig an zu arbeiten und erwirbt Geld
620 1436 1867 1481 urch und Mädchen. Des größeren Nachdrucks wegen wird das Thema
647 1469 1871 1515 it an zwei Exemplaren abgewandelt. Die Lücken, die bei solcher
644 1498 1877 1558 de Handlung immerhin noch entstehen können, werden durch den
659 1536 1878 1593 rGegensatz von vornehm und gering, durch die alten Bourgeois¬
657 1577 1873 1630 e Gentilhomme=Gespäßigkeiten ausgefüllt. Der Kachelofen=Töpfer¬
637 1621 1879 1669 dt. meister im Salon oder seinem unverschämten Diener gegen¬
558 1666 1808 1713 ntische über, das sind Gelegenheiten, mit Geist und Witz nur
563 1660 1886 1742 ter an! zu sprühen. Das Stück erscheint ungewöhnlich matt. Selbst
699 1741 1871 1791 wer bei dem „Weißen Rößl“ sich vortrefflich unterhalten hat, wird
1286 1774 1867 1828 scheint, daß das Schauspiel¬
957 1781 1204 1830 mitkönnen.
564 1782 784 1837 Augen= hier
967 1812 1873 1864 unseren Lustspielklassikern Blumenthal=Kadelburg
615 1815 743 1870 von 1h
990 1851 1867 1903 mit der zweiten Garnitur begnügen muß,
983 1886 1878 1940 und Pollux nur noch Max und Moritz lieben
951 1939 1874 1990 ufführung war fast zu schade für solch ein Stück.
927 1972 1637 2022 mm und Herr Thomas, ein bienerei
700 1976 1871 2059 paar, Frl. Poppe und Frl. v. Mayburg, ein paat nbende
686 2058 1872 2099 junge Damen, Herr Christians, der interessante Held, Herrn
714 2083 1883 2139 Hartmanns Diener und Herrn Vollmers angejahrter Baron
654 2100 702 2144 e.
703 2139 1303 2202 waren recht komisch. P. M—n.
573 2213 703 2263 atschen
718 2203 797 2270 —
792 2192 1871 2266 Arthur Schnitzlers Schauspiel „Das Vermächtniß“,
587 2279 1875 2333 esetzte das gestern abend erfolgreich im Deutschen Theater in
707 2318 1885 2374 Szene ging, bietet in seinem ersten Akt eine Art Umkehr oder
609 2328 702 2380 igen
715 2375 1878 2438 Ergänzung zu Maupassauts „Musotte“. Bei Maupassant
633 2402 708 2460 III.
714 2425 1874 2493 stirbt die Geliebte, und der Liebhaber, der sich gerade mit
617 2446 696 2491 e er
557 2476 699 2536 ungs.
706 2479 1871 2540 einer Anderen vermählen will, eilt an ihr Sterbelager und
543 2519 704 2587 it den
712 2534 1872 2610 nimmt das überlebende Kind zu sich in sein neues Heim.
582 2564 694 2610 erste
548 2578 1876 2647 et, wie Bei Schnitzler ist es der Liebhaber, der plötzlich um¬
546 2627 1871 2710 Stheil= kommt (beim Rennen gestürzt), und nun müssen die Geliebte und
558 2689 1879 2742 gisers,das Kind eine Aufnahme finden im Hause der Eltern des
600 2721 666 2766 m
553 2751 1879 2814 beiden Dahingeschiedenen! Dieser erste Akt, in dem alles Menschliche mit
587 2800 1875 2866 „ dem leiser und doch fester Hand angerührt und zum Klingen gebracht
556 2834 700 2890 einige
550 2851 1871 2929 aß von wird, ist voller Schönheiten und wirklich das Werk eines Dichters.
707 2905 1876 2986 Angesichts des Todes beginnen sonst getrennte Menschen einander
532 2911 700 2967 Königin
534 2954 699 3003 ad noch
538 2960 1876 3029 er Aus= zu verstehen; Schranken, die für unübersteiglich gelten, fallen wie
706 3012 1879 3071 von selbst; Natürlichkeit, Liebe durchdringen siegreich die Herzen.
537 3026 699 3081 Jahren
530 3072 710 3137 dauert
720 3066 1875 3142 Es ist ein „Vermächtniß“ des Todten, daß seine ehrliche
702 3115 1869 3196 Geliebte und sein uneheliches Kind ihr Dasein mit dem
714 3175 1877 3240 der Eltern, der Schwester, der Freunde verknüpfen sollen.
703 3221 1874 3289 Wie dieses Vermächtniß erfüllt wird, zeigen die beiden folgenden
538 3252 712 3321 dirt im
715 3284 1884 3350 Akte. Sie stehen an dichterischem Werth bei weitem nicht auf
534 3309 703 3360 der Er¬
713 3336 1884 3406 der Höhe des ersten. Weil der Stoff sich unergiebig zeigt, werden
540 3348 700 3400 ig Herr
542 3389 686 3448 auch ei
708 3381 1864 3445 von außen Motive gehäuft, Kontraste aufgeblafen, Chargen aus
535 3423 712 3483 die bei
713 3435 1884 3524 geführt; aber alle diese Bemühungen des Antors können nicht
541 3467 701 3516 Alo zu
555 3504 710 3570 3. sogar
725 3511 1868 3567 verdecken, daß von nun ab theoretische Interessen im Vorder¬
612 3545 702 3593 um
725 3542 1880 3627 grunde stehen, daß sich die Entwickelung um eine These
551 3560 705 3630 bende
713 3603 1891 3676 dreht, die, mag sie auch schön und edel sein, doch
543 3615 693 3669 treiben.
564 3661 705 3714 Kraus
725 3661 1884 3717 eben den erkältenden Hauch der These in sich trägt. Schnitzler
560 3702 699 3749 er nun
715 3705 1873 3786 fordert, daß die nachgelassene Geliebte und ihr Kind
559 3738 701 3803 iß dies
726 3768 1879 3836 „mit Liebe“ aufgenommen werden sollen. Er setzt dagegen
564 3775 704 3828 Hörer
575 3818 710 3869 in der
719 3832 1872 3895 den lieblosen Verlauf, wie ihn die Wirklichkeit zu bringen pflegt.
603 3852 694 3910 Lied
726 3878 1882 3943 Sehr bedeutend erleichtert er sich seine Sache, indem er auch das
620 3891 711 3943 m“
612 3929 707 3978 ater
731 3932 1879 3995 Kind sterben läßt. Mit der Mutter, der unverehelichten Toni
613 3971 702 4017 bei
729 3986 1881 4055 Weber, macht man dann selbstredend so viel Umstände nicht,
604 3997 716 4064 ällig
720 4050 1885 4108 und mögen auch verschiedene Meinungen gegen einander stehen,
593 4051 705 4094 mitt¬
596 4087 717 4135 leicht
729 4096 1884 4147 die Vernunft siegt doch über das Herz und der Dichter läßt durch¬
591 4127 714 4178 Stufe
717 4144 1822 4194 blicken, daß dieser Ausgang der armen Toni das Leben kostet.
