3436 4384
287 106 812 175 Ausschnitt aus:
284 202 810 328 N 3/17100
596 476 1288 567 Das Vermächknis.
738 544 1131 614 (Freie Volksbühne.)
372 603 1565 660 Die Halbwelt läßt die „Welt“ nicht ruhen. Immer wieder findet
319 647 1565 707 sich ein Dichter, der die Frage aufwirft, ob nicht doch die Halbwelt
321 688 1572 732 schtießlich anständiger ist, als die Welt, die den Anstand nicht nur
323 726 1578 781 gepachtet, sondern in ihrem eigenen Interesse auch erfunden hat. Die
319 763 1576 812 Halbwelt ist ein Gespenst der modernen bürgerlichen Gesellschaft, ein in
327 797 1567 842 seiner Art sehr lustiges Gespenst, das aber sofort furchtbar wird,
319 847 1566 894 wenn man ihm am hellen Tage begegnet. Die Gesellschaft hat
324 885 1567 934 gegen das Gespenst nichts einzuwenden, wenn es in dem Dunkel
322 916 1573 970 bleibt, das einem rechtschaffenen Gespenst zukommt. Die Sache wird
313 954 1568 998 aber sofort unangenehm, wenn das Dunkel schwindet, und das Ge¬
317 989 1568 1035 spenst auf den abenteuerlichen Gedanken kommt, den korrekten
317 1035 1572 1080 Gentleman X. auch Unter den Linden zu grüßen. Der aufrichtige
326 1073 1568 1131 Mensch ist in unserer Zeit der schlimmste Verbrecher und wird
326 1108 1556 1163 auch ganz logisch als Verbrecher behandelt. Es ist jedem gestatte
331 1151 1571 1209 eine Geliebte zu haben; aber er wird zum Sünder, wenn
327 1191 1575 1243 er seine Geliebte — liebt. Er darf ihr eine kostspielige Wohnung
329 1227 1571 1275 mieten — Papa bezahlt's. Er darf ihr ein Konpee mit echten
325 1278 1568 1323 Gäulen stiften — die Mittel reichen. Was er immer an gewöhn¬
332 1303 1564 1355 licher Sinneslust zur Verfügung hat, er darf's befriedigen. Die
328 1339 1579 1390 Gesellschaft segnet den Bund, und man braucht sich nur an den
322 1384 1567 1448 nächsten Ortspfarrer zu wenden, um einen Mann zu haben, der
315 1423 1569 1474 auch die Gesellschaft segnet. Der Handel wird keine dramatische
1219 1461 1582 1520 Die Gesellschaft
323 1474 1207 1521 Handlung, so lange er unsittlich bleibt.
1316 1498 1570 1555 doch einen
328 1503 1315 1556 hat, wenn auch keinen feinen Verstand, so
330 1550 1572 1593 feinen Instinkt. Die Unsittlichkeit ninunt ihr nichts und
683 1578 1572 1641 Es ist daher vollkommen logisch, daß sie
324 1575 685 1634 giebt ihr alles.
322 1610 1580 1683 die Unsittlichkeit toleriert. Wenn sie sich bei dieser Freigeisterei
351 1653 1560 1700 — wie üblich — auf Lessing beruft, begeht sie eine Frechheit, die
1482 1694 1564 1743 in
330 1704 1483 1746 man um ihrer Seltenheit willen entschuldigen kann. Tragisch —
333 1736 1562 1790 bürgerlichen Sinn — wirkt die Sache erst, wenn ein anständiger
897 1768 1572 1831 Wenn so ein reiner Thor auf
332 1771 861 1838 Mensch dazwischen kommt.
863 1802 1575 1868 seine Geliebte als sein Weib
317 1814 859 1870 den Gedanken kommt,
1351 1847 1582 1901 Ein Duft
324 1863 1325 1909 zu behandeln, wird der Handel sofort unrein.
329 1881 1584 1931 von Sittlichkeit steigt auf, der ein allgemeines Naserümpfen ver¬
311 1922 1592 1996 #ursacht. Die Gesellschaft hat, um es noch einmal zu sagen, einen
313 1964 1582 2018 feinen Instinkt. Es lebe die Unsittlichkeit, damit wir leben können!.
323 2010 890 2083 Aus Kreuz mit dem Schächer!
405 2039 1572 2099 Schnitzler, der die eben geschilderte Tragilomödie behandelt hat,
311 2084 1579 2148 konnte in der Freien Volksbühne auf ein dankbares Publikum rechnen
315 2125 1586 2172 und hat auch ein daukbares Püblikum gefünden. Männer und
325 2160 1579 2213 Frauen, die von der Korrektheit so weit entfernt sind, wie etwa ein
327 2199 1585 2241 Geheimrat von der historischen Vernnnft, mußten seinem Stückur¬
322 2253 1583 2288 sprüngliche Sympathien entgegen bringen. Der Beifall, den es
318 2270 1588 2333 fand, kommt zum größten Teil auf Rechnung der Tendenz. Menschen,
322 2318 1590 2364 die selbst gelitten haben, haben auch Mitleid und sie machen von
326 2343 1576 2404 dieser Gabe keinen unwürdigen Gebrauch, wenn sie sie an ein
320 2386 1574 2456 Wesen wenden, dessen Ehrbarkeit von der ehrbaren Gesellschaft be¬
327 2435 598 2502 stritten wird.
397 2447 1583 2511 Schnitzler hat sich nun freilich die Sache leicht gemacht, zweimal
314 2502 1578 2554 leicht sogär, wie wir gleich sehen werden. Er hat eine Dame zu¬
317 2540 1589 2611 seiner Heldin gemacht, die schließlich auch nach bürgerlichen Begriffen“
324 2581 1586 2634 ein durchaus auständiges Weib genannt werden muß. Seine Toni ist¬
332 2633 1575 2683 nicht nur eine brave Geliebte, die um ihren Liebhaber in Sack und¬
330 2660 1581 2711 Asche trauert, sie ist daneben auch Mutter, und zwar eine sehr treue
329 2700 1591 2749 und aufopfernde Mutter. Daß aber ein solches Wesen unser Herz¬
337 2739 1591 2795 gewinnt, ist, selbst vom bürgerlichen Standpunkt aus, selbstverständ¬
339 2782 1579 2838 lich. Schnitzler hät eine Frage gestellt, die gar keine Frage ist.
330 2819 1581 2871 Man wird ihm gerecht, aber man spricht ihm auch sein Urteil, wenn
336 2856 1605 2900 man sein Stück ein Thesenstück nennt. Was er aber versicht ist keine.
338 2898 1586 2958 These, sondern ein Gemeinplatz. Selbst die „Welt“ hat immer ge¬
343 2935 1408 2994 wußt, daß es in der Halbwelt anständige Menschen giebt.
409 2969 1587 3027 Wenn Schnitzler ein Dichter und nicht ein poelisches Talent ge¬
333 3013 1575 3065 wesen wäre, hätte er die Frage anders gestellt. Dann hätte er uns
340 3053 1572 3113 die brave Toni geschenkt und hätte uns eine geschminkte Toni ge¬
335 3076 1581 3145 geben, die schon in ihrem Aeußern die Negation aller Jungfräulichkeit¬
329 3131 1588 3195 gewesen wäre. Er hätte uns eine Toni gegeben, die wie ein Mensch.
335 3179 1580 3227 trauert, nicht aber wie eine Heilige. Er hätte uns eine Toni ge¬
339 3213 1571 3259 geben, die kein Kind hat und auch kein Kind wünscht. Kurz und
341 3246 1583 3305 gut: Er hätte die Frage Halbwelt und Welt offen und ehrlich ge¬
337 3298 1581 3342 stellt. So aber hat er nur gefragt, ob nicht eine anständige Dame
341 3328 1579 3379 der Halbwelt mehr wert ist, als eine unanständige Bourgeoissippe.
337 3354 1583 3417 Und das ist — ich bitte sehr um Verzeihung — im letzten Grund
338 3396 1598 3459 überhaupt keine Frage. Wohl aber liegt hinter der ganzen
333 3439 1575 3498 Affaire eine folgenschwere Frage. Ob die Damen anständiger sind,
342 3479 1591 3531 die sich mit einer angemessenen Mitgift verheiraten, oder ob man
336 3509 1585 3571 den Damen die Palme reichen muß, die ohne Hoffnung auf irgend
337 3553 1579 3616 eine Mitgift das Leben nehmen, wie das Leben ihnen kommt —
335 3600 1589 3658 das ist allerdings — ich bitte wiederum um Verzeihung — eine:
331 3636 1596 3692 Frage. Eine Frage, die Schnitzler nicht beantworten konnte, weil er
342 3671 1150 3735 nicht einmal das Talent hatte, sie zu stellen.
409 3706 1581 3769 Schnitzler aber hat sich, wie wir bereits andenteten, auch in
340 3747 1583 3801 anderer Weise die Sache leicht gemacht. Wenn man unbarmherzig
332 3792 1585 3848 seinwill, handelt es sich in dem Stück gar nicht um die Halbwelt, sondern
341 3823 1586 3877 nur um ein Vermächtnis. Schließlich erfüllt der sehr ehrenwerte Pro¬
334 3853 1578 3931 fessor Losatti nur den Wunsch seines sterbenden Sohnes wenn
337 3899 1586 3958 er die Toni in sein Haus aufnimmt. Der Konflikt zwischen Welt
323 3936 1593 3999 und Halbwelt, der dem Stück seinen Sinn gegeben hatte, wird hier
330 3978 1581 4049 wiedernm zu Gunsten eines anderen Konflikts ausgeschaltet. Zuerst
1581 1643 1682 1690 bar
1570 1680 1703 1732 raus.
1587 1750 1751 1811 ist das
1594 1797 1776 1870 es den
1959 433 3218 529 also ließ unser Dichter die Halbwelt fallen, und nun läßt er auch
1971 494 3207 556 die Welt fallen, insofern nämlich, als er eine Situation erfindet, in
1966 530 3202 591 der selbst die „Welt“ nicht wie die moralische Halbwelt handelt. Er
1975 571 3195 634 hat sich's damit leicht gemacht. Die Tugend Tonis ist in diesem Zu¬
1965 610 3201 668 sammenhang ebenso leicht zu schildern, wie die Heuchelei der Vourgeoisie.
1966 644 3214 707 Daß Schnitzler trotzdem Anleihen machen mußte, beweist viel gegen
1960 694 3212 756 sein Talent. Der Professor Losatti, indem er die konventionelle
1964 734 3212 793 Moral an den Pranger stellt, ist eine Kopie, um nicht zu sagen ein
1970 764 3213 819 Plagiat. In Ibsens „Wildente“ lebt derselbe Mensch als Photo¬
1970 800 3205 867 graph. Schnitzler hat ihn ins Oestreichische und Liberale übersetzt.
1975 846 3207 899 Aus dem allgemein menschlichen Typus, in dem schließlich jeder
1971 877 3213 937 Mensch sich bis zu einem gewissen Grade wiederfindet, ist ein Wiener
1980 919 3216 979 Philister geworden, der uns zwar zum Lachen, aber auch zu nichts
1974 960 3204 1021 anderem bringt. Schnitzler hat den Typus, den Ibsen geschaffen
1978 995 3213 1051 hat, lokalisiert und verkleinert. Am letzten Ende ist sein
1972 1040 3226 1095 Stück eine Frage der Halbwelt, die eigentlich gar keine
2223 1072 3217 1131 st, an die „Welt", die eigentlich gar keine
1978 1088 2198 1137 Halbwelt¬
1981 1111 3220 1168 Welt ist. Schnitzler hat, um mit Jean Paul zu reden, den Aether
1975 1160 2722 1225 mit Aether in den Aether hineingemalt.
2054 1194 3210 1250 In der Vorstellung fesselte vor allem Frau Pank=Steinert.
1975 1238 3220 1295 Ihr diskretes und doch zugleich ergreifendes Spiel ließ in uns nur
1974 1274 3223 1333 den Wunsch aufkommen, sie auch an andern Bühnen in bedeutenden
1988 1314 3215 1362 Rollen zu sehen. Herr Klein war als Professor Losatti sehr
1976 1355 3212 1416 komisch, womit er Herrn Schnitzler gerecht wurde. Die Rölle hätte
1982 1391 3217 1445 feiner gespielt werden können, aber schließlich kann Klein ja nichts
1981 1428 2872 1492 dafür, daß Schnitzler Ibsens Figuren vergröbert.
2741 1446 3200 1532 Erich Schlailjer.
