3436 4256
1398 198 1870 307 box 16/2
193 206 1257 321 10. Das Vernaechtnis
1542 1521 3368 1627 ## Aueeemasht Pe acreerumnen E rahgrg gtaniemnur
153 1547 1555 1644 n u  etenenmnmennn
2690 1605 3365 1664 bürtige ausgenommen zu werden und
1547 1604 2702 1661 Voraussetzung gern eine Ehe Hugo's mit Agues gesehen. Dabei
379 1623 1553 1674 1 gedeiht nicht recht, er welkt hin. Die Bekannten des Hauses ziehen
153 1621 401 1699 ichere Theil
2700 1644 3359 1707 ihnen behält die Erinnerung an die
1544 1640 2707 1718 ist er nicht eigentlich schlecht. Er ist nur bis ins Mark ausgehöhlt
394 1668 1549 1725 sich nach und nach zurück. Natürlich — man hat Töchter und
2701 1692 3369 1767 Entbehrungen. Es ist eine bitter
1540 1698 2707 1765 von den Nichtigkeiten des Lebens, es ist nichts mehr echt an ihm,
384 1710 1551 1796 kann doch diese nicht in einem Hause verkehren lassen, in dem sich
159 1701 399 1789 ofatt, der
2694 1736 3362 1797 Naturen tragen den Stachel die
1551 1724 2709 1814 aller Skandal (notabene wenn er öffentlich ist), ist ihm in der
390 1755 1545 1816 eine solche Person befindet. Toni selbst wird von allen Familien¬
170 1766 406 1832 wirksamen
2700 1785 3363 1858 Leben. Sie haben Fleiß und Talent
1553 1786 2711 1852 Seele zuwider. Nur korrekt, nur korrekt! Dabei ist er gutmüthig
390 1811 1553 1866 mitgliedern freundlich behandelt, ganz besonders von der Haus¬
153 1814 401 1878 Da ist seine
2698 1831 3365 1898 und geleistet. Aber was hätten fil
1545 1821 2708 1908 und schwach. Und da er dem Willen Hugo's und Mamas keinen
387 1856 1557 1923 tochter Franzi. Auch Agnes schließt sich an sie, sie sieht in dem
157 1863 397 1931 Natur, seine
2692 1877 3367 1948 wenn die Noth des Lebens sie nich
1546 1888 2704 1948 ernstlichen Widerstand entgegensetzen kann, so erinnert er sich noch
390 1895 1560 1961 kleinen Franz eine stete Erinnerung an den todten geliebten Hugo.
160 1912 400 1976 e Keime zu
2689 1930 3369 2007 Erwerb, für die nackten Lebeusbedi
1544 1929 2707 2004 zur rechten Zeit, daß er ja ein „liberaler“ Mann ist, und wendet
396 1940 1547 2019 Nur Dr. Schmidt ist peinlich von all diesen Dingen berührt. Am
163 1956 395 2024 nn sie nicht
2706 1976 3358 2038 allein für die ihren allein, sondern au
1550 1967 2708 2042 seine Schwäche in Großmuth und Vorurtheilslosigkeit. Je weniger
404 1987 1170 2067 Ende des Aktes erkrankt der kleine Franz.
160 2008 408 2072 uld. Frau
2703 2013 3378 2100 alter Eltern, junger Geschwister. M
1548 2015 2710 2093 Thatkraft er hat, desta mehr schwätzt er. Für jede Situation
493 2038 1554 2098 Der dritte Akt zeigt uns die Familie in doppeltem Schmerz.
168 2047 409 2123 Frau Betty,
1543 2062 2713 2133 findet er, wenn auch nicht große, so doch tönende Worte und
398 2082 1553 2148 Sie beklagt nicht mehr allein den Verlust Hugo's, sondern auch
190 2100 396 2170 reif und
2972 2082 3368 2167 „Daß die Sorge des
1544 2109 2706 2186 kommt sich dann jedesmal so bedeutend vor. Das hat er aus
401 2140 1556 2200 des kleinen Franz. Halt= und fassungslos ist Toni. Nun beginnt
164 2142 396 2220 hre Tochter
2966 2139 3363 2204 Unser Bestes unterg#
1543 2168 2717 2235 seinem politischen Leben. Wir kennen den Professor Losatti in
2966 2183 3367 2243 Und am Tage seines
399 2195 1558 2250 Dr. Schmidt seine Minirarbeit. Es geliegt ihm, alle Familienmit¬
171 2192 403 2256 ihrer Um¬
1556 2219 2710 2271 allen seinen Arten, Abarten und Unarten. Wir haben in Oester¬
2968 2214 3361 2281 Niemand weiß, daß
392 2226 1554 2294 glieder, mit Ausnahme Franzi's, umzustin men, und man beschließt
154 2214 407 2302 0 Brander,
1553 2262 2707 2321 reich unter diesem saft= und kraftlosen Schwätzertypus politisch so
2807 2254 3376 2336 Das sind dann gewöhnlich die
406 2283 1549 2344 im Familienrath, Toni nicht, wie anfangs beabsichtigt war, mit
164 2286 399 2348 Ermerisch den
1545 2308 2708 2375 namenlos zu leiden gehabt! Von entzückender Widerwärtigkeit
2696 2313 3368 2385 gern davon reden, daß sie arm ger
394 2329 1557 2386 aufs Land zu nehmen, sie soll im Gegentheil das Haus ganz ver¬
148 2321 408 2408 e. Doch ist
1553 2362 2700 2424 ist dieser Hämling, wenn er sich selbst in Rührung und Größe
2696 2351 3372 2425 Mühe und Noth zu kämpfen geh##
395 2375 1549 2446 lassen. Man wird natürlich für sie sorgen, sie unterstützen. Dr.
164 2380 411 2450 erken scheint.
1541 2404 2699 2455 hineingeredet hat. Dann ist er in Haltung und Geberde der
2697 2406 3373 2465 etwas geworden seien. Zu dieser Ar
402 2415 1560 2476 Schmidt theilt ihr diese Beschlüsse mit. Sie geht worklos ab
151 2410 407 2494 Wugo, der bei
1549 2450 2704 2513 ledernste Marqnis Posa, der richtige Marquis Poseur. Immer
2695 2455 3367 2533 hört Dr. Schmidt. Er ist nun ei
390 2460 1558 2535 Zwischen Franzi und ihren Eltern kommt es wegen dieser Lojung
158 2478 402 2537 Er wird aufs
1558 2493 2708 2556 ohne eigene Meinung (das herverstechendste Kennzeichen des
2692 2500 3356 2579 gelangt, er will ihre Sitten und
404 2507 1563 2586 zu Auscinandersetzungen. Franzi stürzt auf Toni's Zimmer. Sie
158 2520 410 2585 es Mangels
1558 2544 2701 2603 liberalen Politikers in Oesterreich), unterliegt er dem Willen
2702 2544 3354 2621 ehren, und zu diesen gehört in
406 2557 1561 2622 findet sie nicht mehr, wohl aber einen Zettel, der keinen Zweisel
167 2572 407 2632 klich. Hugo
1563 2584 2702 2645 Hugo's, Betty's, Franzi's. Er unterliegt immer. Sich von dem
2705 2576 3377 2667 Schickt sich denn das, daß seine ##
404 2609 1559 2674 darüber läßt, daß die Aermste in die Donau gegangen ist. Noch
168 2606 416 2685 Möglichkeit
1557 2636 2707 2695 Willen eines Anderen beugen zu lassen, ist für ihn eine innere Noth¬
2697 2640 3338 2709 einer „solchen Person“ wie Toni
411 2658 1562 2721 empfängt man die Eine Genugthuung, daß Franzi dem Dr.
150 2666 401 2733 heimniß an.
1558 2667 2705 2749 wendigkeit. Saft= und kraftlos, ist er auch wehrlos. Er unterliegt
2691 2692 3367 2763 Was war schließlich Toni? Hugc
406 2701 1565 2772 Schmidt, diesem moralischen Rüpel, in verletzendster Art die
151 2694 418 2772 Ein Drängen
1536 2733 2703 2787 natürlich noch lieber als dem Willen der Seinen dem Willen Dr.
2699 2732 3367 2799 kennt man. Natürlich, man benim
393 2748 668 2831 Thür weist.
160 2753 416 2830 den Knaben
1552 2771 2710 2839 Schmidt's, Denn dessen Vornirtheit, Brutalität und innerliche
2706 2786 3374 2850 korrekt. Mit Geld ordnet man de
512 2769 1565 2848 Wir haben lauter wirkliche, lebendige Menschen und eine
174 2790 415 2874 Aber nicht
1553 2824 2715 2880 Gemeinheit ist ihm im Grunde, soweit er noch eigene Natur hat, am
2690 2829 3374 2895 That, das ist die Denkungsweis
404 2836 1562 2906 interessante, spannende Handlung vor uns. Beschäftigen wir uns
158 2849 417 2913 och einmal
1553 2870 2720 2933 verwandtesten. Dann liegt diese Bornirtheit und Gemeinheit
2699 2874 3348 2935 Losatti's und Schmidt's, das ist
398 2894 1553 2943 mit den Personen; wir lernen dadurch die Folgerichtigkeit der schon
171 2894 407 2973 st dieses Ver¬
1541 2924 2680 2989 auch in der Linie der Korrektheit. Und nur forrekt sein, korrekt!
2706 2917 3370 2995 Premièrenpublikums des Burgtheate
406 2938 1556 2998 erzählten Handlung erkennen. Da haben wir vor allen den Professor
172 2942 417 3009 h und geht
2696 2971 3349 3042 diese Leute, ist unmöglich. Denn c
1652 2971 2712 3025 Da ist dann dieser Dr. Ferdinand Schmidt. Aus bitterer
409 2973 1563 3045 Losatti. Er ist ein korrekter Mann, als Abgeordneter Mitglied
156 2982 416 3059 r. Ferdinand
2701 3010 3346 3079 Kreisen ein junger Mann, der, wie
1554 3010 2708 3077 Armuth hat er sich zu einer guten Stellung emporgearbeitet. Die
411 3009 1555 3096 der „Vereinigten Linken“, ein Schwächling, Schwätzer und
165 3043 428 3102 Hausarzt der
2695 3054 3367 3121 se bitter ernst nimmt? Wo sind, in
1550 3073 2708 3129 Zahl dieser Emporkömmlinge ist zwar im Verhältniß zur Zahl
411 3081 1558 3136 Poseur. Das stimmt alles zusammen. Er hat seinen Sohn gut
165 3088 417 3154 's. Er ist
2711 3098 3371 3169 die, wenn sie schon dem unmöglichen
1556 3106 2714 3181 der Armen und Niedrigen lächerlich gering, aber sie kommt inner¬
410 3123 1565 3198 erziehen lasser und hat sich natürlich immer gedacht, daß er irgend¬
164 3124 412 3200 eliebte ruft,
2711 3146 3367 3215 sprechen gegeben haben, Mutter un
1559 3150 2713 3225 halb der „besseren“ Schichten doch als Typus in Betracht. Die
408 3161 1566 3235 ein Verhältniß außer dem Hause habe. Freilich, daß es ctwas
167 3176 420 3257 Weber, mit
2710 3202 3354 3270 zunehmen, dieses Versprechen auch
1553 3205 2704 3274 meisten dieser Leute suchen jeden materiellen, geistigen und
401 3208 1568 3286 Ernstes sei, das konnte er sich nicht denken. Sittliche Skrupel irgend¬
2701 3235 3369 3317 diese Leute mit Dr. Schmidt, als er
1545 3258 2711 3320 gemüthlichen Zusammenhang mit dem Milien, dem sie entsprossen
409 3267 1568 3332 welcher Art hat der gute Professor nicht. Ja, er hat lange geglaubt,
180 3246 422 3334 Buben in
2698 3289 3374 3365 nicht bei vollem Bewußtsein. Wäre
161 3303 2717 3399 illen Hugo's daß seine Schwägerin Emma Hugo's Geliebte sei, und er hätte sind, ja womöglich die Erinnerung daran so schnell als möglich
185 3352 3366 3426 Der aber dagegen nichts einzuwenden gehabt, ja er hätte trotz dieser auszutilgen und sind glücklich, in dem neuen Milien als Eben= dann hätte er ja selbst nie To
