3436 4320
1399 138 1860 234 box 16/3
209 132 1375 225 10. Das Vernaechtnig
945 1482 1782 1555 „ u ..
612 1547 1804 1589 und hin und her gesprochen und zwischendurch geweint und dann
616 1585 1804 1648 wieder das kleine, blasse Kind verhätschelt, das, wie der Vater,
622 1621 1794 1684 der Abgott aller zu werden verspricht. Auch der Popfessor liebt
621 1676 1797 1724 es, wenn er auch wehklagt, daß sich alle Freunde und Bekannten
615 1717 1805 1779 von ihm und seiner Familie zurückziehen. Nachdem diese Ver¬
621 1762 1797 1826 hältnisse mit großer Redseligkeit klargelegt worden sind, giebt der
614 1799 1799 1861 Verfasser plötzlich der Sache einen Stoß von außen her, indem
621 1845 1790 1895 er das Kind sterben läßt, diesmal glücklicherweise hinter der Szene¬
617 1885 1804 1946 Damit endet der zweite Aufzug. Im dritten folgt dann noch
612 1930 1791 1976 die unausbleibliche Auseinandersetzung mit der gewiß bedauerns¬
622 1964 1788 2038 werten Geliebten des Sohnes. Man macht ihr möglichst
613 2012 1795 2072 schonungsvoll klar, daß nunmehr, nach dem Tode des Kindes,
617 2062 1798 2100 nicht mehr ihres Bleibens in dem Hause des Professors
608 2102 1802 2163 sei, daß aber für sie ausgiebig gesorgt werden solle. Das ist
613 2150 1788 2189 sicher hart, aber es ist durchaus vernünftig. Der Verfasser
621 2184 1797 2251 ist freilich anderer Ansicht. Er meint, daß diese Handlungsweise
609 2226 1789 2293 verächtlich und verdammenswert sei und richtet giftige Pfeile gegen
614 2277 1788 2334 die Vertreter der bürgerlichen Moral, insbesondere gegen den Arzt,
601 2318 1798 2370 von welchem sich auch die „edelmütige“, ganz auf der Seite der
612 2360 1787 2418 brüderlichen Maitresse stehende Braut mit flammenden Worten
614 2392 1783 2455 lossagt, während die Verstoßene auf Nimmerwiedersehen verschwunden
610 2448 1786 2501 und wahrscheinlich ins Wasser gegangen ist. So endet das Stück,
611 2490 1793 2549 eines der peinlichsten, die wir in den letzten Jahren über uns er¬
614 2521 1799 2605 gehen lassen mußten. Es ist bei Lichte besehen ein durch und durch.
615 2573 1774 2625 verlogenes Rührstück mit einer angefaulten Grundanschauung,
607 2605 1775 2680 die auf unreife und noch nicht hinreichend urteilsfähige Gemüter
605 2652 1780 2717 verderblicher wirken muß, als der frivolste Pariser Schwank.
601 2700 1772 2763 Hoffentlich findet sich das frische Talent Schnitzlers, das sich nach
611 2736 1770 2796 unserem Gesühl hier stark verirrt hat, recht bald zu würdigeren
607 2774 1773 2840 Aufgaben zurück und entwickelt sich einmal vollständig und zur
604 2828 1765 2881 Freude aller, nicht nur der Jungen und Jüngsten, an einem ge¬
616 2858 1767 2931 sunden und guten Stoff. Auch in seinem neuesten Stück bricht sich
598 2912 1777 2963 seine starke Begabung vielfach Bahn und gewinnt an vielen Stellen
607 2954 1772 3018 den Beifall derer, die das Stück an sich mit Entschiedenheit ab¬
595 2986 1784 3059 lehnen müssen. Giebtdes denn in der Welt w#lich nicht andere
606 3038 1468 3122 Probleme, als Verhältnisse und deren Folgen?!
1860 2545 2547 2635 Von Kopelbagten ans-gr
2587 2559 2963 2651 W uin elnu mehh¬
1789 2613 2949 2681 als einer halben Stunde nach Rostilde, das in alten Zeiten dis
1790 2658 2965 2732 Residenz der dänischen Könige und im 12. und 13. Jahrhunderk
1793 2703 2964 2777 eine der größten und glänzendsten Städte des ganzen Nordens
1790 2744 2958 2819 war. Die Gründungszeit von Re####e läßr sich nicht genau fests¬
1784 2798 2964 2861 stellen. Anscheinend ist die Erbauung um das Jahr 800 erfolgts
1790 2831 2968 2901 Den Namen erhielt die Stadt ohne=Zweisel daher, weil in dieser
1782 2882 2965 2947 Gegend sich viele Quellen (Kilde=Quelle) befinden. König Harald#
1788 2914 2981 2982 Blaatand (Blauzahn) verlegte seine Residerz im 10. Jahrhunders
1787 2959 2966 3020 nach Roskilde und zu gleicher Zeit wurde die Stadt zum Bischofs#
1786 3006 2964 3074 sitze erhoben. Auch baute König Harald während seiner Regierung
1789 3039 2961 3121 die große Dreifaltigkeitskirche. Doch stand diese nur 70 Jahre
1787 3089 2963 3144 worauf der jetzige Dom vom Könige Svend Estridhson um das
1798 3126 2966 3198 Jahr 1050 erbaut wurde. In der Glanzperiode der Stadt, im
1786 3174 2949 3248 12. und 13. Jahrhundert, besatz Roskilde mehrere Dutzend pracht¬
1784 3213 2953 3289 voller Kirchen und stattlicher Kiöster. Seine Mauern warens
1940 3252 2192 3316 großer geschi
2240 3260 2961 3337 icher Ereignisse und alönzender Ver¬
