3436 4256
1414 221 1880 328 box 16/2
216 223 1272 356 10. Das Vernaechtnis
2853 1158 3369 1250 Lung ich war über diese W
295 1166 2416 1250 zwar nach dem dritten sehr heftig. Schnitzler mußte oft er=baß ein Genosse unseres fröhlicheleichestitng
301 1204 2826 1308 scheinen; und sowohl seine Begabung wie seine ganz erstaunliche wir seit langen Jahren aus den Augen verloren hatten, on der
2805 1199 3381 1302 wärtet hatte, im ersten Auge
295 1282 2815 1348 Bühnentechnik verdienen doch auch jede Anerkennung. Eine Ge= Straße weg hilf= und obdachlos in ein städtisches Hospital ge¬
2892 1272 3360 1351 „Ich habe mir darauf
293 1316 1555 1388 schicklichkeit, die über alle Grundmängel einer Arbeit hinwegtäuscht,
1560 1334 3385 1394 bracht worden war, wo er nach wenigen Stunden starb. An und gründlich überlegt. Ihr
297 1379 1557 1437 die jede Peinlichkeit verwischt, für die es kaum mehr eine Begrenzung
1563 1378 3366 1457 „Entkräftung“ erklärten die diensthabenden Aerzte, während ein dings ein Feind der Eh
1566 1428 2820 1485 junger Mediciner ungeschminkt seiner Ueberzeugung Ausdruck gab:
301 1429 1567 1488 des Stoffes zu geben scheint, weil der Bühnenkenner den Dichter
2804 1427 3065 1510 lich anders.
1557 1483 2816 1556 „Ach was, an Entkräftung? Man sollte es nur ruhig eingestehen,
298 1476 1567 1527 niemals im Stiche läßt und ihm eine Ausflucht zeigt, wo kein
2900 1461 3374 1556 Es war geradezu mein
1551 1511 2491 1603 der arme Teufel ist verhungert, weiter nichts!“
295 1517 1571 1574 Ausweg mehr ist, eine solche Geschicklichkeit ist nur einer von
2799 1515 3381 1599 Weib fürs ganze Leben an
289 1577 1571 1630 Haus aus reichen und ernst arbeitenden Begabung erreichbar und
1656 1567 2516 1649 Ein bitteres Trauergefühl lastete auf uns.
2806 1585 3372 1638 Freundin, eine Beratherin, di
301 1618 1567 1675 ein Ruhmesmittel an sich. Ueberdies hat Schnitzler die Gabe,
1664 1639 3382 1699 „Dieses furchtbare Paris!“ wiederholte der Maler. „Wieviel Runzeln von der Stirne stre#
291 1670 1560 1739 ohne in die Schablonen zu gerathen, den Schauspielern dankbare
2813 1672 3385 1752 Brot einzugraber sucht. Ab
1550 1673 2828 1751 Menschenleben hat es nicht schon vor der Zeit zugrunde
299 1712 1549 1775 und ihren Fähigkeiten gemäße Rollen zu geben. So
1557 1732 1784 1812 gerichtet!“
2801 1723 3372 1808 so jung die Ehefesseln zu ne
296 1746 1568 1822 wurde denn vortrefflich gespielt. Der Grundton, in der
2806 1784 3372 1844 gern hatte.... Vorurtheile
1651 1760 2810 1862 Er seufzte und sagte dann: „Mir ist neulich auch eine arge
290 1812 1566 1868 letzter Zeit nicht immer festgehalten, war diesmal einheitlich und
2804 1826 3370 1897 wäre mir im Grunde ebens
1557 1810 2471 1917 Geschichte passirt, ich will sie Euch mittheilen.“
296 1865 1563 1922 richtig. Herr Hartmann gab meines Wissens zum erstenmale
2806 1866 3371 1945 wesen. Nun, es sollte nicht
1645 1892 2019 1964 Und er erzählte.
305 1908 1578 1967 einen Großvater auf der Bühne; es mag ihm nicht leicht geworden
2795 1914 3358 2008 zu, eben weil sie anständig
1660 1929 2804 2011 „Ihr wißt, ich halte nicht viel von der Tugend der meisten
304 1967 1567 2019 sein, und zu Beginn gerieth's nicht immer. Im Verlaufe des Abends
2797 1973 3017 2053 gewaltig.
307 1998 2820 2063 aber ward's besser und besser, und sein Professor Losatti mag sich Evastöchter. Um so mehr aber respectire ich eine anständige Frau,
2902 2001 3364 2101 Ich brachte gegen sie
297 2055 2813 2111 sehen lassen. Der Franziska gab Frau Hohenfels sehr mächtige wenn ich schon einmal das Glück habe, einer solchen auf meinem
2815 2070 3390 2145 Anwendung, deren wir Männ
297 2103 2807 2158 Töne; sie schwollen im dritten Act zu so erschütternder Eindringlichkeit, Lebenswege zu begegnen. Also vor sechs Jahren war das der
2804 2128 3382 2188 es gilt einem hilflosen Mädch
304 2153 2805 2211 wie sie nicht leicht Eine vermag. Fräulein Medelsky gab die Fall. Ich hatte mir soeben ein kleines Atelier gemiethet und malte
2805 2175 3380 2244 versuchte es nicht, sie in eine
299 2201 2802 2264 ziemlich belanglose Rolle der Agnes, die Hugo geliebt; Fräulein aufs Leben los. Man hatte mir allgemein so lange vorgeredet,
2809 2223 3390 2280 schwor ihr auch nicht, ich wi
303 2239 2807 2325 Bleibtreu ihre Mutter; dem Dr. Ferdinand Schmidt lieh daß ein großes. Talent in mir stecke, bis ich schließlich selbst
2800 2269 3328 2338 sie mich nicht erhöre u.
304 2294 1875 2345 Herr Devrient seine stählerne Insolenz, Frau Schratt daran glaubte.
2811 2306 3386 2401 zählung, Ihr kennt ja dieses
309 2343 1578 2409 der Toni Weber viel Anmuth und eine rührende, schüchterne
1648 2331 2807 2407 Kinder, dieser Muth, der mich damals beseelte! Er ist
2800 2367 3184 2440 wendig wie ich.
301 2404 2817 2452 Verzweiflung, Fräulein Metzl als Lulu muß mit unbezahlbar. Neben mir, um zur Sache zu kommen, wohnte eine
2915 2393 3374 2486 Nach einigen Monaten
303 2443 2813 2507 Ehren genannt sein. Herr Paulsen scheint ein kleine Arbeiterin, ein allerliebstes Geschöpfchen von achtzehn
2802 2452 3377 2548 und sah die kleine Julie lang
307 2486 2804 2553 verwendbarer Darsteller, wenn auch ein wenig zu ungelenk für Jahren, mit Namen Julie. Ich sprach von Zeit zu Zeit einige
2810 2524 3367 2583 gestanden, aus einem etwas
301 2545 2802 2614 einen wienerischen Lebejüngling. Die eine Scene des Hugo Worte mit ihr, wie es unter armen Schluckern und Nachbarn
2809 2564 3381 2633 Hause fort. Mit zwanzig I#
307 2596 2804 2649 spielte Herr Treßler mit erschütternder Wahrheit; es ging auf Brauch ist. Da erfuhr ich denn, ihre Mutter, mit der sie bisher
2802 2601 3373 2681 besonders bei diesem intimen
302 2635 2809 2698 den Nerv, dies schreckliche Sterben; Frau Schmittlein aber zusammengelebt hätte, sei vor wenigen Wochen gestorben. In der
2804 2667 3379 2744 Maler mit unseren Modellen
296 2693 2806 2742 als seine Mutter zeigte, was das Burgtheater an: hat und That trug die Kleine tiefe Trauer. Ich bemühte mich um ihre
2805 2715 3346 2780 schämte mich, eines dieser
296 2721 1562 2809 wessen es sich von ihrer reichen und eigenthüml en Begabung
1573 2740 2805 2802 Gunst, denn erstens war ich damals auch allein und hatte oft
2808 2768 3365 2821 zwischen zwei Küssen in ein
1236 2777 1532 2857 J. David.
310 2778 709 2863 noch versehen darf.
1517 2764 2802 2850 nichts zu essen. Wenn man aber Hunger und gar keine Lebens¬
2799 2814 3380 2877 brechen; was müßte sich dann
1509 2839 2806 2906 freude hat und zwanzig Jahre zählt, verlangt man vom Dasein
2809 2866 3375 2944 denken? Diese Vorstellung
1542 2887 2802 2947 wenigstens ein Fünkchen Liebe oder zumindestens zwanglosen Ver¬
3272 2914 3338 2992 *
665 2871 2824 3001 Am Scheidewege. Nachdruck verboten. kehr mit einer jungen Genossin, der einem die trüben Gedanten
428 2983 2825 3052 „Dieses furchtbare Paris!“. sagte Gaston Duchamps an und die leidigen Sorgen der Alltäglichkeit wenn nicht ganz, so
2900 2978 3377 3075 Vor ganz kurzer Zeit h
1655 3025 2143 3097 zeitweilig vergessen läßt.
303 3026 1671 3114 jenem regnerischen, kalten und düstern Novembernachmittage, als doch
2785 3030 3363 3136 wieder getroffen. Ah, dieses
1667 3047 2814 3128 Als ich Julie davon sprach, antwortete sie mir sehr ruhig:
302 3078 1574 3143 wir in einer Ecke seines Ateliers in der Rue de Martyrs am
302 3123 2847 3216 Kaminfeuer saßen und uns wärmten. Wir hatten eben erfahren, „Wollen Sie mich heiraten, Herr Gaston?“ Ich gestehe Euch
