3532 4480
1363 268 1932 368 box 16/4
256 264 1320 366 10. Das Vernaechtnis
2682 765 2780 812 #t0
2664 786 2793 855 weit
1659 765 2685 860 Jahre 1897 auf . 2,655,685.11 gestiegen. Die Gesammt¬
616 785 1655 868 den einzelnen Regierungen wird u. a. in nächster Zei die
2651 831 2796 896 weit
620 823 1665 892 Ausführung der Anlage einer Fernsprechlinie Berlin¬
627 835 2598 934 Brüssel=Paris in Angriff genommen werden; die Länge*) Vergleiche II in Nr. 296 des „Frankf. Gen.=Anz.“.
1666 835 2788 989 nee e e eren eennenen
632 958 1673 1022 stirbt — wahrscheinlich der These des Verfassers zu
1663 957 2683 1028 von Anion Burger, zwei von Jos. Wopfner in hiesigen
2686 976 2773 1027 ga
624 995 1657 1074 Liebe — wundert sich Fräulein Toni über die zunehmende
2689 1014 2779 1060 G.
1676 1002 2685 1060 Privatbesitz über, während drei Werke von Andersen und
1671 1037 2685 1094 M. Wunsch nach Amsterdam, je ein Gemälde von Jos.
628 1036 1661 1092 Entfremdung zwischen ihr und jenen, mit denen sie bisher
1668 1058 2778 1130 Wopfner und Hans Thoma nach auswärts verkauft wurden, die
626 1075 1665 1137 durch dieses Kind in gemeinsamem Bande verbunden
2683 1088 2773 1140 hei
1676 1102 2685 1165 Ein Gemälde von G. Schönleber, ein Leenputter und
629 1107 1674 1189 gewesen. Wäre sie wirklich so zartfühlend, wie uns der
2697 1126 2787 1180 Ha
1675 1135 2681 1197 ein Liebermann wurden von Sammlern aus Berlin, Ham¬
636 1148 1664 1227 Verfasser glauben machen will, so wüßte Fräulein
2700 1161 2802 1219 W.
1673 1160 2690 1240 burg und Basel erworben. — Die erste deutsche Aufführung
626 1190 1668 1255 Toni, daß hier ihres Bleibens nicht mehr, daß
2685 1199 2799 1251 ssok
1674 1211 2691 1265 von Mascagni's „Iris“ findet im Opernhause in
633 1219 1675 1285 fit wieder dahin zurück, von wo sie gekommen.
1682 1236 2694 1302 Frankfurt a. M. statt. Soeben wurde zwischen Ricordi & Co.
1517 1266 1674 1315 ihrem
932 1261 1531 1333 Fräulein Toni besteht auf
1681 1266 2654 1333 und Intendanten Emil Claar der Vertrag abgeschlossen.
2694 1269 2812 1329 Heif
639 1273 916 1329 Aber nein.
636 1306 1672 1362 Schein: J’y suis, j’y reste! Und sie bleibt. Auch
1685 1303 2691 1363 Konrad Dreher, der bekannte Charakterkomiker, wird im
2705 1319 2807 1369 Err
1684 1338 2701 1400 Februar ein mehrere Abende umfassendes Gastspiel an der
635 1346 1666 1403 als sich die Zeichen eines erkalteten Empfindens frostig
2705 1359 2805 1409 Haf
1687 1373 2699 1431 Frankfurter Bühne absolvieren. — Der zweite Kammermusik¬
635 1384 1680 1441 aufs Herz legen. Und als die Familie ihres Geliebten
2703 1397 2801 1445 zah.
1690 1404 2691 1467 Abend der Frankfurter Quartett=Vereinigung
630 1420 1678 1493 aus den veränderten Verhältnissen die natürlichen Konse¬
2700 1435 2805 1481 Bei
1687 1443 2699 1500 (Hermann Hock, Fritz Dippel, August Allekotte und Heinrich
646 1457 1672 1517 quenzen zieht, als man der verwaisten jungen Mutter statt
2699 1472 2800 1524 Sd
1693 1477 2713 1537 Appuun) findet Montag, 9. Januar, unter Mitwirkung
634 1500 1681 1562 der Liebe, an die sie geglaubt, eine materielle Versorgung
2699 1508 2802 1558 mit
1685 1503 2702 1573 von Frau Julia Uzielli und der Herren Adolf Rebner, Ferd.
2592 1543 2705 1588 Herr
638 1535 1680 1595 bietet, da stürmt sie hinaus in einen selbstgewählten Tod,
2712 1539 2807 1601 steb
1693 1548 2593 1603 Küchler, Aug. Leimer und Joh. Hegar statt. —
648 1572 1682 1648 als ob das Leben ihr nichts mehr zu bieten hätte. Die Eltern
1690 1578 2699 1634 Correggio, ein Sohn des bekannten Flötenvirtuosen,
2713 1585 2809 1645 dau
1684 1613 2698 1674 hat Trier'schen Blättern nach einen bedeutenden Erfolg
635 1612 1682 1673 aber, die sich redlich gemüht, ein aufgezwungenes Ver¬
2700 1629 2803 1692 heit
1688 1634 2707 1704 gelegentlich einer Aufführung von „A basso porto“ in
637 1650 1679 1711 sprechen zu halten, sie werden von dem Verfasser entlassen
1685 1667 2803 1732 Trier als Ciccillo gehabt. Der junge Künstler befriedigte The
641 1693 1691 1751 mit dem schnöden Brandmal des Mordes. Wir gestehen
2706 1705 2819 1753 und
1698 1713 2710 1774 darstellerisch vollkommen und entfaltete stimmlich eine Fülle
641 1722 1691 1799 offen, diesem perversen Gedankengange nicht folgen zu
2717 1741 2816 1796 stan
1686 1748 2700 1803 von Kraft und Woyllaut, die das Publikum wiederholt zu
652 1761 1683 1840 können, selbst auf die Gefahr hin, philiströser Rückständigkeit
2719 1780 2811 1838 ihre
1695 1781 2709 1841 lautem Beifall hinriß. — Eugen d'Albert wird übermorgen
641 1804 1688 1861 geziehen zu werden. Das Publikum schien gestern von ähn¬
2707 1822 2811 1876 Nä
1694 1816 2708 1876 (Donnerstag, den 5. Januar) im kleinen Saale des Saal¬
644 1844 1690 1902 lichen Empfindungen beherrscht, denn dem aufdringlichen
1699 1846 2710 1910 baues einen Klavier=Abend veranstalten, dessen Programm
2722 1858 2823 1907 wer
1699 1874 2710 1940 auf besonderen Wunsch hiesiger Musikfreunde nur Werke von
655 1884 1694 1951 Beifall der litterarisch „Unentwegten“ wußte ein vernehm¬
2710 1902 2820 1948 ung
1698 1919 2705 1977 Beethoven und Robert Schumann bringen wird. — Wie wir
644 1920 1692 1988 liches Zischen die Wage zu halten. Die Aufführung mag
2711 1937 2834 1981 eridh
1694 1952 2722 2015 zu unserer Genugthuung hören, hat Professor James
647 1963 1689 2017 nicht in allen Teilen den Intentionen des Ver¬
2713 1967 2834 2024 Bla
1703 1984 2715 2047 Kwast, trotz der ihm von der Kaiserlichen Musikgesellschaft
646 1995 1687 2062 fassers entsprochen haben, würde aber auch unter
1707 2015 2827 2083 gemachten glänzenden Anerbietungen und trotz der ihm vom Näg
653 2040 1698 2110 günstigeren schauspielerischen Vorbedingungen kaum zum
647 2052 2842 2138 Siege geführt haben. Das junge Talent von Moskauer und Petersburger Publikum bereiteten Ovationen,trad
1692 2085 2829 2139 sich nicht entschließen können, die Ausbildungsklassen des der
663 2104 1696 2188 Fräulein Pollner (Toni Weber) war der ihr zu¬
1703 2116 2728 2177 Moskauer Konservatoriums zu übernehmen. Der vortreffliche
2715 2115 2844 2177 ersch
1702 2148 2714 2209 Pianist tritt bereits heute die Rückreise nach Deutschland an,
657 2153 1690 2210 gedachten Aufgabe kaum gewachsen; ihrem Ausdruck
2730 2170 2855 2222 möd
1705 2187 2717 2252 spielt am 8. ds. Mts. in Berlin in einem Kammermusik¬
657 2187 1698 2255 des Schmerzes fehlte die überzeugende Kraft. Auch Herr
2723 2207 2844 2256 zusch
1702 2208 2727 2282 Konzert der Quartett=Vereinigung des Sternschen Konser¬
668 2237 1696 2289 Szika erschien uns in der Rolle des Vaters nicht an
2725 2247 2838 2300 verb
1710 2252 2738 2316 vatoriums und am 15. hier in Frankfurt in dem Kammer¬
654 2269 1704 2340 seinem Platze; was der Verfasser bitter ernst gemeint,
2719 2283 2853 2333 Fing
1710 2284 2732 2352 musik=Abend der Museumsgesellschaft. Seinen Unterricht
658 2296 1700 2387 hatte in seiner Darstellung einen sparodistischen Anstrich
2715 2324 2850 2372 krani
1702 2327 2610 2395 nimmt Professor Kwast Montag, den 9., wieder auf.
657 2346 1707 2405 und verfehlte so ein gut Teil der ihm zugedachten Wir¬
2732 2364 2858 2417 Lunz
1738 2347 2726 2425 = Die menschliche Hand als Krankheitsprophet.
667 2381 1706 2447 kung. Recht gut war Fräulein Steimann als Agnes
2723 2373 2850 2448 die r
1711 2401 2739 2468 Das Wahrsagen aus den Linien der Hand gilt für
660 2428 1707 2489 Winter; sie erinnerte vielfach an Fräulein Minow, eine
2719 2432 2853 2501 berüc
1712 2445 2729 2511 gebildete Leute heutzutage als ein abgethaner Aberglaube,
661 2462 1705 2539 der besten Naiven der letzten Frankfurter Theaterjahre.
2739 2478 2843 2528 aus
1715 2483 2727 2544 von dem sich nur das niedere Volk noch nicht hat losreißen
670 2508 1714 2572 So lauge sie den naiven Ton noch halten kann, sollte
2724 2504 2855 2570 arbei
1709 2514 2740 2585 können. Immerhin scheint die menschliche Hand dazu be¬
676 2540 1712 2602 sie ihn zu halten suchen. Klug und gewandt wußte sich
1719 2544 2870 2616 fähigt zu sein, zwar nicht durch den ganz gleichgültigen oback
665 2575 1715 2664 Herr Bauer mit der herzlich unsympathischen Rolle des
2726 2595 2858 2650 besor
1714 2599 2739 2657 Verlauf der Linien auf ihrer inneren Fläche, aber nach
667 2617 1701 2678 Dr. Schmidt abzufinden. Der wenig bedeuteuden Aufgabe
2732 2632 2860 2687 gelbe
1721 2631 2741 2697 ihrer allgemeinen Form und Farbe, nach der Beschaffen¬
679 2657 1716 2722 der Mutter lieh Frau Freund ihre schlichte Kunst, der
2729 2674 2850 2718 zum
1713 2672 2739 2743 heit der Finger und Nägel dem aufmerksamen Beobachter
676 2694 1715 2768 Tochter des Hauses Fräulein Charlotte Boch die
2735 2706 2870 2761 zunel
1715 2715 2738 2777 mehr und Wichtigeres zu verrathen, als man glauben
679 2730 1709 2798 Distinktion der Erscheinung und des Spiels. In kleineren
2737 2749 2875 2798 ist die
1725 2752 2750 2812 sollte. Ein englischer Arzt Dr. Blake in London hat
676 2774 1702 2835 Rollen wirkten verdienstvoll Herr A. Meyer, Fräulein
1714 2778 2868 2856 kürzlich ein Werk veröffentlicht, in dem allein von dem bei E¬
694 2808 1719 2881 Irmen, Fräulein Kliukhammer, Herr Bolz und
2736 2816 2887 2872 Male¬
1727 2827 2742 2890 Studium der Hand zur Erkennung verschiedener Er¬
675 2847 1714 2911 Herr Alexis Müller. Die Novität war von Herrn
2748 2857 2887 2925 im 2
1722 2865 2738 2927 krankungen die Rede ist. Inwieweit die bemerkenswerten
672 2883 1724 2949 Oniucke geschickt insceniert und auf den Ton einer dis¬
2747 2904 2856 2949 der
1730 2909 2742 2966 Ausführungen Blakes bestätigt und praktische Verwendung
683 2922 1716 3003 Kret gestaltenden Darstellung gestimmt; nur schien uns
1731 2934 2874 3013 finden werden, kann erst die weitere Beobachtung einer wurd
683 2954 1724 3027 mitunter — so während der ganzen langen Sterbescene
2749 2980 2884 3032 eine E
1732 2984 2745 3054 großen Zahl von Aerzten entscheiden, sicherlich aber
677 3003 1716 3069 des ersten Aktes — diese Diskretion etwas zu weit ge
2751 3019 2886 3068 hochre
1731 3013 2743 3082 ist eine genauere Erforschung dieser physiologischen
674 3038 1719 3098 strieben zu sein. Ein Schauspiel will doch verstanden
2757 3061 2896 3105 zeichne
1724 3060 2741 3127 Frage der Mühe wert. Einige darauf bezügliche
683 3078 1717 3154 sein; diese Selbstverständlichkeit dürfte aber gestern doch
2743 3097 2885 3147 Verlei
1735 3100 2752 3162 Wahrnehmungen sind schon vor geraumer Zeit macht
684 3123 1722 3200 mur den Begünstigten der ersten Parkettreihen zu Teil ge¬
2747 3135 2873 3187 als
1485 3138 2754 3212 M. v. F.worden und gelten gegenwärtig ziemlich allgemein als
2761 3167 2878 3227 ine g
679 3172 972 3249 worden sein.
794 3170 2765 3263 Aus dem Frankfurter Kunstleben. Aus der zutreffend. So gilt ein Klumpigwerden der Fingerspitzen
686 3206 2900 3318 December=Ausstellung des Kunstsalons Hermes, Lieb= als ein wichtiges Anzeichen für Schwindsucht, soll aber eine se
683 3286 2897 3358 sr#uenstraße, gingen von den größeres Interesse in Anspruch auch bei einigen anderen Krankheiten vorkommen. Blake daran
