3436 4480
545 80 2475 164 der junge Autor es nicht mhr nöthig hälte, sich auf zwar im Stücke vielsach die Rede, aber es i dochuch
546 132 2483 197 diesem Gebiete noch weiter zu vertiefen und nach blen= das Grundmotiv. Was der Dichter uns in seinem
534 184 2484 271 denderen Effecten auszugehen. Daß dies geschehen sei, Bilde sagen will, hat er selbst an den Schluß des
547 233 2487 291 hoffen wir im Gegentheile bei einer nächsten Gelegenheit Stückes gesetzt: wir müssen einfach gut sein. Der Heldin
1502 266 2490 358 des Stückes wird im Grunde nichts vorenthalten, was
550 291 936 365 feststellen zu können.
629 328 2487 377 Was uns aber schon heute befriedigt, ist die Zu¬ nach dem Gesetze und nach dem Herkommen erwartet
534 374 2482 457 rückhaltung in Bezug auf grelle Contraste von Farben werden kann. Aber es fehlt bei allem das Entscheidende,
549 415 2494 484 und Rhythmen wie auch die Unterlassung aller tech= das jede Gabe und jedes Verhältniß allein menschen¬
548 488 2291 557 nischen Bizarrerien, die gleich schädlichen Vakterien an der würdig macht — die Herzlichkeit und Güte.
1594 504 2495 579 Toni Weber ist durch mehrere Jahre die Geliebte
538 532 1527 605 Gesundheit der meisten neuen Tondichter zehren. Die
546 562 2491 648 Neigung zu orchestralen Einlagen oder sogenannten In= des jungen Doctor Jur. Hugo Losatti gewesen. Aus
544 635 2489 694 termezzi, wie sie die neuere Schule ereirte, erscheint nicht dem Verhältnisse entsprang ein Söhnlein, und von da
547 666 2497 733 nur wegen der Kürze der äußeren Scenenvorgänge, ab hat Hugo seine Geliebte als seine Braut betrachtet.
541 712 2496 783 sondern auch vom Standpunkte der Motivirung recht Aber ’er hat nicht den Muth, seiner Familie, insbeson¬
537 757 2500 822 wohl am Platze. Die Vogelstimmen der kleinen Wald= dere seinem Vater, dem Universitäts=Professor Adolf
543 806 2496 871 d ie Maliiusdusbt and Losatti, das Geheimniß zu verrathen, weil er weiß, daß
1517 857 2496 927 Alles daran gesetzt würde, es zu lösen. Er ist noch jung
1521 917 2499 971 und wartet die günstige Gelegenheit ab. Aber sein
1522 951 2496 1026 Schicksal will es anders. Er stürzt bei einem Spazier¬
1517 1003 2498 1067 eitte vom Pferde und wird bewußtlos nach Hause gebracht.
1513 1049 2500 1110 Da er wieder zum Bewußtsein kommt, fühlt er, daß es
1516 1102 2498 1178 zu Ende geht, und spricht seiner Mutter gegenüber den
1513 1144 2507 1209 dringenden Wunsch aus, daß Toni und ihr Knabe
1521 1186 2503 1258 Franz ins Haus genommen werden. Die Mutter hat es
1511 1248 2517 1302 ihm schon zugesagt, als der Professor nach Hause kommt
1511 1288 2510 1351 und Bedenken darin findet, die Geliebte und das Kind
1510 1341 2512 1411 des Haussohns so ohneweiters einzus ihren. Ihm bangt
1520 1387 2521 1453 insbesondere um die Moral seiner Tochter Franziska.
1525 1423 2511 1517 Um kein Aufsehen zu machen, holt er Toni selbst unter
1525 1496 2521 1557 dem Vorwande, daß sie als Wärterin verwendet werden
1528 1548 2512 1596 solle. Aber Franziska ist besser unterrichtet als ihr
1520 1577 2518 1649 Vater; sie hat den Bruder mit Toni und dem Kinde ge¬
1522 1652 2516 1707 sehen und nur vorsichtig geschwiegen. Toui kommt an
1531 1678 2520 1750 das Bett Hugo's und wird von ihm der Familie auf
1524 1725 2535 1789 das dringendste empfohlen — sie und ihr Kind. Man
1523 1784 2515 1854 sagt ihm die Gewährung seines Wunsches zu. Hugo will
1522 1817 2523 1895 noch seinen Sohn sehen; aber während Toni ihn zu
1529 1858 2538 1958 holen geht, haucht er seinen letzten Seufzer aus, und
1537 1914 2527 2004 der Knabe kommt nur zur Leiche des Vaters. Es wurd:
1537 1957 2525 2036 schon gesagt, daß der erste Act, dessen Handlung die
1542 2011 2532 2087 eben bezeichneten Vorgänge bilden, voll Leben und Be¬
1544 2079 2528 2157 vegung ist und die Theilnahme ungewöhnlich stark
1545 2130 1693 2208 anregt.
1622 2147 2530 2231 Toni lebt nun thatsächlich in dem Hause des Pro¬
1540 2211 2542 2286 fessor Losatti, und obgleich die Gesellschaft in verschiedener
1541 2266 2533 2347 Weise zu erkennen gibt, daß ihr die Aufnahme eines
1542 2307 2519 2378 solchen Mädchens in das angesehene Haus eines Uni¬
1533 2360 2529 2437 versitäts=Professors nicht gerade angemessen scheint, so
1533 2422 2536 2476 behält man sie doch, vor allem um des Kindes willen,
1548 2448 2535 2535 das nun einmal das Enkelkind des Professors ist. Es
1543 2501 2527 2590 vird viel Gewicht darauf gelegt, daß Toni einzig und
1547 2556 2543 2624 allein als Mutter des Knaben im Hause geduldet werde.
1535 2603 2539 2681 Augenehm wird ihr der Aufenthalt nicht gemacht, und sie
1535 2655 2538 2714 bekommt es genug zu hören, daß die vornehmen Leute
1317 2710 2530 2798 Dr. v. D. bas Haus seit ihrem Aufenthalte in demselben meiden.
640 2748 2532 2826 Ol Reues deutsches Theater. („Das Der eifrigste Verfechter der Sitte, ist Dr. Schmidt, der
584 2800 2537 2864 Vermächtniß.“ Schauspiel in drei Acten von Arthur als zukünftiger Bräntigam Franziska's das Recht in
581 2850 2536 2928 Schnitzler. Zum erstenmale aufgeführt am 18. Feber Anspruch nimmt, im Hause mitzureden, und sich gleich
588 2905 2543 2980 1899.) Ein neues Werk von Arthur Schnitzler nimmt dagegen verwahrt hat, daß Toni Hausgenossin seiner
581 2944 2538 3015 von vornherein das allgemeine Interesse in Anspruch. Braut werde. Doch hat Toni auch mild gesinnte Freun¬
581 2997 2549 3064 Schnitzler ist vielleicht der einzige Dichter, der das nebel= dinnen, so insbesondere die Tochter des Hauses Fran¬
585 3047 2552 3134 hafte Hindämmern der jungen Wiener Schule vollständig ziska und die Schwägerin des Professors Emma Winter,
587 3096 2549 3168 überwunden hat und mit Beibehaltung jenes geheimniß= die voll ehrlichen Mitgefühls sich Toni in aufrichtiger
586 3133 2558 3219 vollen Duftes, der so viele matte Seelen anlockt, zur Zuneigung angeschlossen hat. Die Position Toni's wird
585 3198 2544 3271 klaren Gestaltung durchgedrungen ist. Der soviel bewun= dadurch ins Schiefe gebracht, daß Dr. Schmidt als Haus¬
1563 3248 2550 3312 arzt ihres verstorbenen Vaters in Erinnerung bringt,
586 3256 1568 3312 derte „Anatol“, der in einer recht unangenehmen Er¬
1563 3293 2557 3375 daß ihr Vater mit Toni nichts zu thun haben
589 3300 1570 3359 breiterung des Don Inan=Bewußiseins seinen höchsten
1575 3346 2552 3403 wollte. Toni rechtfertigt sich damit, daß ihr Vater
600 3359 1569 3415 Vorzug sucht und die Sinnlichkeit ganz im Geiste jenes
1578 3368 2559 3463 das Verhältniß verziehen hätte und sie ins Haus
602 3407 1571 3475 fin de siécle schildert, dessen Evangelium von dem
592 3434 2546 3512 kranken Paris herübergekommen ist, hat lange aufgehört, aufnehmen wollte, wenn sie das Kind nicht mitbringe,
592 3491 2549 3551 für Schnitzler das wesentlich bezeichnende Werk zu sein. und da sich Toni dazu nicht verstehen mochte, brach der
596 3533 2565 3602 Mit der „Liebelei“ hat sich Schnitzler mit einem kühnen Vater alle Beziehungen ab. Während das verhandelt
602 3581 2552 3658 Schritt auf den Boden der wahren Dichtung gestellt, wird, fällt es Toni plötzlich ein, daß ihr Bub schon seit
604 3631 2557 3712 die nicht durch dunkle Winkelzüge einen Flitterschein von einigen Tagen überreizt ist. Sie stürzt ängstlich in das
1584 3670 2563 3751 Zimmer, in das der Knabe gebracht wurde. Sie fürchtet,
604 3704 1578 3760 Mitgefühl erzeugen will, sondern unmittelbar warm an
608 3723 2567 3816 das Herz herantritt. Das Schicksal des „süßen Mädels“, den Knaben zu verlieren. Das Schreckliche geschieht:
600 3768 2557 3868 das in dem genannten Stücke in so ergreifender Weise der Knabe stirbt. Nun ist erst Toni auf dem Punkte
605 3820 2582 3905 dargestellt ist, bildet auch den Mittelpunkt der Handlung zu erkennen, welches ihre Lage ist. Professor Losatti ver¬
611 3881 1614 3973 im neuen Stücke. Das hat genügt, um allerorten den
