3436 4480
716 232 887 300 Pmä
190 231 1849 348 10. Das Ve, #schtnis box 16/3
456 1404 1833 1502 abgesehen von ganz geringfügigen Zidischensallen, rahlg # —
452 1412 2889 1564 Die Lage ist nach wie vor unklar. Zwar sind verschiedene An= spalten sei. Ein sektirerischer Geist sei zum politischen Dogma er¬
147 1448 449 1540 nnt wie heute.
150 1505 448 1573 und wenn nun
1675 1530 2902 1615 unter giebt sich hier eine innere Verwandtschaft mit dem jungen
462 1564 1677 1653 dichterisch bedeutenden ersten Akte finden sich Ansätze von Theaterei,
1677 1569 2902 1663 Hirschfeld, dem Dichter der „Mütter“ und der „Agnes Jordan“, kund.
1680 1603 2897 1684 Jede Gestalt, vor Allen der den nur mundliberalen Typus revrä¬
469 1608 1680 1688 dann aber siegt der Künstler, der Dichter Schnitzler. In weichen
1669 1650 2898 1730 sentirende Professor, ist eine vollendete, abgerundete Schöpfung. Eine
466 1641 1683 1727 Halbtönen schildert er seine Menschen, er kennt die Strömungen
1676 1682 2899 1782 Fülle feiner Beobachtung giebt sich in Allem kund. Oft erklingt ein
466 1682 1679 1774 ihrer Unterseele, er weiß, wie leicht sich die Grenzen verwischen
1672 1723 2902 1798 Wort, das ganze Gedankenreihen abschließt, so wenn Toni aus
462 1721 1685 1813 zwischen dem, was man konventionell Tugend nennt und Laster.
1674 1763 2896 1845 dumpfem Brüten plötzlich mit der Frage auffährt: nicht wahr, ich
459 1761 1683 1830 ! Er weiß, wie die Sehnsucht nach Glück in Allen lebt — er hat das
161 1766 462 1844 spiel=Dichtung
1685 1795 2908 1883 bin nicht Schuld, daß das Kind todt ist — anderen Müttern sterben
158 1818 458 1877 iit des Theater¬
457 1799 1683 1901 in seiner „Liebelei“ schlicht und herzlich den alten Musikus aus¬
468 1837 1676 1936 sprechen lassen und hier ist es eine hochherzige Frau, die den Eiferern
158 1855 465 1912 diesem Stand¬
1677 1869 1999 1937 ja auch Kinder.
1746 1874 2909 1947 Das schöne, reife Dichterwerk hat starken Erfolg gehabt und er¬
154 1889 472 1956 nz minimal ist:
464 1886 1686 1970 entgegnet, daß der Schauer eines Frühlingstages, ein Blick, der im
185 1930 466 1988 erhält sterbend
469 1910 1684 1996 rechten Moment üher uns gleitet, all die ängstlich gehüteten Grenzen der
1683 1917 2916 2012 greifende Wirtung ausgeübt. Wir haben, was sehr erfreulich, bereits
476 1956 1684 2038 Konvention für uns verwischt. Und dem liberalisirenden, bequem mit dem
163 1973 464 2035 r Geliebten und
1685 1953 2908 2032 eine Schnitzler=Gemeinde, aber nicht nur diese rief wiederholt den
477 1995 1684 2078 breiten Strom der Mehrheit schwimmenden Professor, der sich rühmt,
166 2015 464 2067 den Beiden ein
1690 1999 2915 2072 Dichter. Auch darstellerisch war es ein Ehrenabend des „Deutschen
1689 2031 2921 2109 Theaters“; ganz vollendete Leistungen gaben Reicher, Sauer,
162 2053 473 2111 ses Vermächtniß,
475 2035 1689 2120 der armen Toni verziehen zu haben, erwidert sie das schöne Wort:
154 2085 462 2145 ben sie die Ge¬
1693 2077 2847 2146 Rittner, Else Lehmann und Luise Dumont und d
472 2069 1695 2153 was hat ein Mensch dem andern zu verzeihen? Strafen dürfen wir
1695 2105 2921 2192 Darsteller der übrigen Partien schufen ein einheitliches künstlerisches
474 2113 1686 2192 und rächen meinethalben, damit bleiben wir unter uns — aber zum
149 2126 469 2185 Berlich gewaltsam,
2644 2156 2849 2210 Ph. St.
159 2163 480 2227 stelnden Worten
475 2176 1235 2255 Verzeihen ist doch Keiner gut genug ...
1691 2183 1910 2250 Ensemble.
160 2207 485 2269 Besitzenden, sich
550 2178 1698 2280 Die Professorenfamilie hat eben beständig das Gefühl, daß sie
2102 2225 2487 2303 Schiller=Theater.
171 2247 475 2308 Geld. Das ist
479 2243 1699 2328 verzeihend der armen Toni Gnaden erweise — erst als Toni, von
1767 2245 2907 2352 * Philipp Langmanns „Bartel Turaser“ hat am Sonnabend
161 2276 487 2342 itzlers, und der
481 2276 1698 2361 der Familie ihres Geliebten brutalisirt, in den Tod geht, erkennt
173 2319 498 2384 machen, daß er
1698 2299 2921 2384 im Schiller=Theater unter beifallsfreudiger Theilnahme des
174 2315 1701 2405 durch Verwicke= diese, daß sie das Vermächtniß des Sohnes erst erfüllt hätte, wenn
1705 2338 2921 2422 Publikums seine Auferstehung gefeiert. Es ist ein gutes Zeichen
489 2353 1697 2436 sie zu Toni einfach gut gewesen wäre. Diese Güte mangelt aber
159 2391 491 2461 fr den Dichter
1695 2383 2919 2458 für den Geschmack des östlichen Publikums, daß es die herbe
484 2390 1702 2471 der Familie — die egoistische Freude, in dem Knahen ihres Sohnes
156 2433 493 2493 liker ersetzt sehen
1701 2424 2931 2500 Komödiemt vollem Verständniß aufnahm. Das Stück wurde aller¬
489 2432 1700 2520 Ersatz für den Verstorbenen zu finden, ist es allein, was
1698 2465 2921 2537 dings auch in einem Stil vorgeführt, der mustergiltig genannt
158 2478 487 2541 daß er hier, wenn
495 2470 1697 2551 ihnen die Uebernahme des Vermächtnisses und die übernommene
151 2513 500 2577 gat ein Theater¬
1701 2504 2918 2579 werden könnte, wenn nicht kleine Geschmacklosigkeiten und Ueber¬
499 2505 1704 2597 Pflicht erleichtert. Nach dem Tode des Kindes macht sich sofort alles
1701 2538 2918 2608 treibungen den Gesammteindruck störten. Sehr gut gelungen war die
151 2553 498 2612 iben. Ich glaube
490 2547 1702 2634 Kleinliche in ihnen wieder geltend und die Rücksicht auf die Gesell¬
160 2591 497 2657 aller dichterischen
1707 2583 2931 2653 Volksscene im 2. Akt; aus der bewegten Masse traten die einzelnen
493 2586 1703 2666 schaft siegt endlich. Unterstützt wird dieser Rückfall in Gewöhnlich¬
150 2631 479 2697 ien der „Liebelei“
1704 2619 2931 2713 Charaktere deutlich vor, jede Aeußerung der Masse war individuell
492 2628 1702 2711 keit durch die Beredsamkeit des jungen Hausarztes, der um die
156 2678 491 2738 nd seiner grund¬
1711 2658 2931 2741 gegliedert und doch einheitlich zusammengefaßt. Nur mit dem
494 2661 1708 2761 Tochter wirbt — diese Figur mag erlebt, mag durchaus wahr sein,
152 2705 501 2778 tlich ein Bühnen¬
1716 2696 2936 2772 Schreien könnte man etwas sparsamer umgehen. Die Titelrolle, die
497 2701 1711 2792 aber sie wirkt nicht ganz wahrscheinlich, wie fein auch Schnitzler durch
1519 2738 1724 2797 nicht der
154 2747 507 2811 n. Der Tod des
1707 2729 2941 2825 Max Pategg spielte, war sehr wuchtig angelegt, infolge dessen
501 2748 1475 2824 Beionung der freudlosen Jugend dieses Fanatikers
158 2786 499 2841 bel gelegt worden
1706 2780 2938 2839 erschien der äußere Ausdruck der Seelenkämpfe etwas übertrieben.
494 2784 1711 2854 Sittlichkeit, sondern unserer Sitten — ihn vielfach erklärt. Alle
158 2829 501 2890 e Beziehungen der
1711 2813 2940 2890 ]Therese Leitner gab das Ebeweib Turasers mit viel Geschick,
505 2825 1719 2918 anderen Gestalten, in denen immer das Für und Wider
1721 2851 2938 2927 die Vertheidigung ihres Mannes und die Zankscene mit Anna Zeller
172 2869 504 2925 Sohnes, ihre all¬
504 2860 1710 2950 gegeneinander kämpft, sind dem Dichter vorzüglich geglückt: sie
1716 2890 2935 2965 (Grete Meyer) war eine Leistung ersten Ranges. Allen anderen
176 2909 502 2972 gegen Toni noch
502 2892 1719 3000 sind wirklich lebende Menschen, gesehen und geschildert ohne Haß,
1721 2944 2893 3023 Darstellern kann in Bausch und Bogen ein Lob ertheilt werden.
501 2935 1721 3022 1 aber vielfach mit warmer Liebe. Die Heldin wurzelt diesmal nicht
2737 2968 2906 3040 F. B.
153 2969 512 3048 wöhnlichen Sinne
155 2987 1717 3090 itert — gescheitert] wie in der „Liebelei“ auf Wiener Boden, wie denn überhaupt Schnitzler
157 3015 1723 3138 gmerhin auch schon diesmal nicht mehr von lokalen Vorbedingungen ausgeht — mit¬
