3436 4256
1353 201 1832 300 box 16/2
169 218 1232 314 10. Das Vermaechtnis
1955 1270 3158 1352 kündigt. Frau Losatti selbst ist gut, aber — flau, während
769 1287 1957 1370 kommende Vater gehen auf den Wunsch des Sohnes ein,
1943 1323 3138 1405 Emma Winter, ihre verwitwete Schwägerin, an dem An¬
764 1347 1963 1423 die Mutter von Herzen, der Vater scheinbar bereitwillig,
1955 1383 3143 1438 denken ihres verstorbenen Vetters, dessen Vertraute und
774 1382 1969 1452 aber eigentlich nur ungern. Der alte Losatti, Professor der
1949 1436 3144 1496 Beichtmutter sie auch in seinem Verhältnisse zu Toni gewesen,
770 1442 1958 1510 National=Oekonomie und Abgeordneter, ist eine unliebens¬
1958 1467 3157 1538 mit Zärtlichkeit hängt. Als Frau Emma sieht, daß sie bei
765 1477 1967 1558 würdige Natur, nach Bedarf voll edler Redensarten, aber
1961 1521 3156 1602 Losailis damit umgehen, die arme Toni aus ihrer Familie
761 1517 1960 1596 ohne Gesinnung und Charakter. Er ist im besten Falle
1961 1569 3145 1635 fortzuschicken, erklärt sie, bereit zu sein, die Verfolgte,
763 1577 1962 1643 ein „gerechter Kammmacher“, wie er bei Gottfried Keller
1954 1620 3164 1671 selbst auf die Gefahr hin, mit ihren Schwägern vollständig
778 1629 1958 1685 im Buche steht. Gleichfalls Einer von seinem Schlage, nur
115 1643 524 1740 lleton.,
1959 1660 3158 1732 zu brechen, in ihr eigenes Haus aufzunehmen. Unvermuthet
782 1655 1959 1743 härter gehämmert, ist der Arzt Dr. Ferdinand Schmidt, der
1957 1708 3153 1770 findet sie an ihrer eigenen Tochter die entschiedenste Gegnerin¬
771 1715 1967 1793 Bräutigam von Losatti's Tochter Francisca. Die Anwesen¬
411 1712 761 1819 Neur he
122 1742 404 1830 gtheater.
1958 1759 3157 1819 ihres Planes, den sie nun aufzugeben gezwungen ist. Diese
777 1766 1962 1843 heit der Toni Weber im Hause Losatti ist Beiden ein
1960 1802 3167 1868 Tochter hat nämlich ihren Vetter Hugo, ohne natürlich von
135 1802 794 1878 in drei Aufzügen von Arthur Schnitzler.)
780 1816 1972 1879 Dorn im Auge, während die weiblichen Mitglieder der Fa¬
1956 1843 3170 1924 seinem Verhältnisse zu Toni zu wissen, schwärmerisch geliebt
787 1861 1961 1930 milie, zumal Francisca und die verwitwete Schwägerin der
108 1857 788 1939 ter den Dichtern ist Arthur
1954 1899 3142 1978 und ihn in ihren Mädchenträumen als künftigen Gatten ge¬
779 1918 1956 1976 Hausfrau, Emma Winter, an Toni zärtlich hängen. Sein
119 1920 789 1991 me, die er sich zu stellen pflegt,
1955 1939 3162 2022 sehen. Sie trägt die Liebe für den Verstorbenen auf sein
782 1963 1963 2022 Enkel freilich, der Franzel, wenn auch schon nicht legitim,
123 1969 782 2017 leme. Zwar in jener pikanten
1954 1993 3153 2054 Kind über, und ein Strahl dieser Liebe trifft auch die Mutter
781 2013 1961 2077 ist dem sonst so schnöden Professor ans Herz gewachsen.
126 2014 789 2078 dem Namen Anatol zusammen¬
1968 2045 3164 2112 des Kindes; aber nach dem Tode des Kindes ist ihr die
787 2044 1964 2127 „Er ist mein Blut,“ sagt er, nicht bedenkend, daß er
131 2064 789 2113 Problemen noch wenig zu ver¬
1962 2102 3154 2165 Mutter ein unerträglicher Anblick. .. So stehen die Dinge
778 2091 1973 2165 auch Toni's Blut ist. Ja, er hat mit Franzel große Dinge
111 2111 792 2168 bsichtslos, zu naiv, möchte man
1955 2135 3158 2205 in der Familie Losatti. Toni Weber sieht das Unhaltbare
787 2148 1964 2214 vor; der Enkel soll einst wirklich werden, was der eigene
111 2151 793 2214 ändliche Verderbniß, worin diese
1963 2194 3158 2268 ihrer Lage ein, und im Gefühl ihrer Verlassenheit geht sie
796 2188 1973 2258 Sohn hätte werden sollen. Aber der Kleine stirbt, und damit
123 2186 793 2263 n, als naiv bezeichnet werden
1956 2230 2256 2310 in den Tod.
779 2224 1964 2299 ist auch das Verhältniß zu Toni verschoben. Das natürliche
127 2253 786 2313 „Anatol's Hochzeitsmorgen“ wird
2051 2258 3154 2342 Daß in diesem Schauspiel ein Problem vorliegt, das,
792 2287 1969 2358 Band, das Toni mit der Familie Losatti verknüpft, ist ent¬
122 2286 795 2359 ein wüster Abschied genommen.
1957 2324 3160 2383 wenn nicht gelöst, dessen Lösung aber angedeutet werden soll,
793 2335 1963 2406 zweigeschnitten, Toni lebt in der Familie wie ein immer¬
135 2346 794 2409 Theaterboden betritt, tritt auch
1964 2378 3156 2441 geht aus der Absichtlichkeit, mit der die Handlung geführt
783 2380 1964 2451 währender Vorwurf. Man zeigt mit dem Finger auf sie, sie
113 2386 794 2460 . Es ist das Problem der ledigen
2045 2413 3163 2483 genug hervor. Sterben und Verderben haben darin
787 2427 1971 2496 ist das Stadtgespräch, um ihretwillen werden die Losattis
118 2436 791 2495 n Stücken, die das Burgtheater
1970 2467 3162 2529 nicht den gewöhnlichen Sinn. Die drei Personen, die in dem
782 2484 1966 2539 von der Gesellschaft gemieden. In der Familie selbst bilden
127 2482 789 2545 hiedener Weise angefaßt und das
1970 2501 3158 2570 Schauspiel zu Grunde gehen, sterben nicht eines natürlichen
787 2530 1964 2596 sich Parteiungen. Professor Losatti ist für eine sofortige Ent¬
110 2534 798 2596 Abschluß, das anderemal einem
1962 2546 3165 2625 Todes, sie sterben an dem Stück, an r Absicht des Dichters.
787 2574 1971 2643 fernung des unbequemen Gastes und beweist, wie er meint,
121 2582 798 2645 hat. Das eine Stück ist „Liebelei“
1964 2602 3163 2658 Einem Gedanken zuliebe stürzt ein Reiter vom Pferde, stirbt
788 2622 1972 2683 seinen herzlichen Antheil an Toni dadurch, daß er sie
116 2638 783 2690 tniß“. An Klarheit der künstleri¬
1961 2653 3167 2716 ein Kind an den Fraisen, geht ein Mädchen ins Wasser.
789 2677 1973 2733 mit Geld abfinden will. Er wird von dem Bräutigam
125 2676 780 2735 Werthe steht das „Vermächtniß“
1971 2698 3163 2779 Und dieser Gedanke, dieses Problem, was ist es? Mehr
795 2711 1975 2777 seiner Tochter, dem Arzt Dr. Schmidt, der aus einer
157 2717 797 2791 es auch wieder seine eigenen
1973 2752 3165 2815 oder weniger eingestanden: die freie Liebe. Die freie Liebe
793 2766 1969 2828 harten Jugend ein dürres Herz und eine tiefe Ver¬
1963 2793 3158 2872 ist, wie heute die Dinge stehen und wol immer stehen
789 2802 1974 2878 ehrung für alles Conventionelle heraufgebracht, in seinem
123 2791 786 2879 Vermächtniß“ in recht unerquick¬
1960 2844 3159 2915 werden, eine verpönte Sache, die nur in einzelnen Fällen
795 2855 1979 2922 Vorhaben nachdrücklich bestärkt. Allein gerade seine Braut
131 2849 797 2928 Der Schauplatz ist Wien. Hugo
1970 2898 3173 2960 unumgänglich, aber stets unter der verantwortlichen Kappe
787 2904 1971 2978 tritt ihm aufs entschiedenste entgegen. Der Bräutigam meint,
118 2901 795 2977 ierritt im Prater verunglückt und
1974 2942 3162 3002 des Betreffenden stehen wird. Nur ist es merkwürdig, daß
789 2931 1974 3016 es sei im höchsten Grade unschicklich für sie, mit dieser Toni
128 2959 802 3022 Hause gebracht. Der an seinem
1972 2985 3171 3048 in Schnitzler's Schauspiel ein Anlaß zu freier Liebe kaum
791 2998 1968 3078 so intim zu verkehren, sich mit ihr öffentlich zu zeigen. Das
118 2999 802 3063 er gesteht er, daß er ein Kind
1975 3042 3170 3101 gegeben ist. Hugo Losatti, der Geliebte Toni Weber's, lebt
785 3044 1969 3125 gute Mädchen ist empört über die Haltung ihres Bräuti¬
113 3050 801 3124 Digst, seine Geliebte, Toni Weber,
1957 3081 3176 3152 in Familienverhältnissen, die ein außereheliches Verhältniß zu#
787 3091 1982 3161 gams und läßt sich von der Begeisterung für die Geliebte
127 3111 805 3171 chen Franzel nach seinem Tode
161 3143 3159 3236 Die Mutter und der hinzu= ihres Bruders so weit hinreißen, daß sie ihm die Liebe] seinem Schatz nicht eigentlich zu fordern scheinen. Die Eltern
