3436 4384
737 235 817 289 M
1368 220 1834 308 box 16/5
187 232 1230 332 10. Das
1071 992 1478 1092 Telephon 12.801.
522 1147 1272 1236 „ODSERVEN
404 1222 1473 1283 1. österr. beh. konz. Unternehmen für Zeitungs¬
580 1276 1270 1333 Ausschnitte und Bibliographie.
537 1318 1326 1411 Wien, I., Conoordiaplatx 4.
770 1398 1091 1465 Vertretungen
369 1439 1478 1495 in Berlin, Brüssel, Budapest, Chicago, Cleveland, Christiania,
373 1487 1470 1538 Genf, Kopenhagen, London, Madrid, Mailand, Minneapolis,
384 1526 1470 1577 New-York, Paris, Rom, San Francisco, Stockholm, St. Peters¬
773 1568 1085 1620 burg, Toronto.
718 1602 1129 1668 Quellenangabe ohne Dewühr.)
364 1658 770 1741 Ausschnitt aus:
714 1709 1526 1843 Berliner Allgemeine- Zeitung
377 1779 933 1886 zem
1020 1799 1203 1889 Berlin
1212 1947 2090 2005 Robert Müller und Sladek gaben die
455 1964 1072 2047 Neues Volks-Theate“.
1221 2000 2086 2049 beiden Moralpharisäer mit kräftiger Tharakte¬
1222 2045 2080 2091 ristik; Hedwig von Loree, Martha Angerstein
488 2028 1052 2105 Schnitzlers „Vermächtnis“.
1229 2086 2093 2126 und die jungmädchenhafte Annalise Wagner
382 2075 1203 2133 Dieses Schnihlersche Drama ist ganz er¬
1223 2115 2084 2163 vertraten die weichere und doch in den An¬
326 2122 1201 2178 füllt von einer Tragik, die noch mehr an die
1231 2160 2091 2205 schauungskreis ihrer Atmosphäre festgebannte
320 2168 1204 2216 Nerben, als an die Herzen greift. Die Hand¬
1229 2187 2087 2246 Weiblichkeit. Einen sympathischen Tod starb
332 2203 1196 2247 lung ist mit ziemlicher Oekonomie entwickelt:
1214 2229 2091 2283 Johannes Riemann, ohne deshalb eine Kranken¬
325 2243 1204 2290 jeder der drei Akte schließt mit einem Todes¬
1214 2280 2083 2317 hausstudie zu geben. Freisler brachte die ganz
321 2284 1200 2334 fall. Jeder verklingt in das gleiche traurige
1218 2305 2100 2371 nebensächliche Rolle eines namenlosen Arztes
330 2331 1200 2370 Finale. Der Vorhang senkt sich zu drei Malen
1949 2346 2052 2413 My.
1218 2348 1667 2408 zu vornehmer Wirkung.
322 2352 1202 2413 über aufschluchzende Frauen. Die Trauer auf
317 2398 1208 2454 der Bühne teilte sich dem Publikum mit, und so
1286 2408 2101 2477 Eine Entgegnung Jagows auf Rein¬
321 2433 1212 2482 breitete sich auch über das Parkett die Fried¬
1222 2470 2114 2524 hardts Anklagen. Wir veroffentlichten gestern
331 2483 1206 2526 hofsstimmung des Stückes, die durch keinen
1228 2505 2103 2566 anläßlich des Verbotes der Orestie=Aufführun¬
335 2502 1206 2566 Sonnenstrahl, durch keinen befreienden Ausblick
1234 2548 2104 2597 gen auszugsweise ein Telegramm Direktor
330 2554 610 2610 erhellt wurde.
390 2577 1210 2635 Die Handlung bringt eigentlich eine ein¬
1219 2577 2092 2644 Reinhards an den Berliner Polizeipräsidenten,
1229 2625 2100 2672 in dem gegen die Berliner Polizei der schwere
325 2623 1210 2671 fache Geschichte: ein junger Mann stirbt an
1225 2665 2101 2711 Vorwurf erhoben wurde, daß sie dem künstleri¬
331 2667 1208 2710 einem schweren Sturz, und vertraut vor seinem
1233 2704 2105 2772 schen Wirken Reinhardts seit Jahren Schwierig¬
331 2702 1213 2755 Tode seine Geliebte und sein Kind den Eltern
1231 2744 1717 2810 keiten in den Weg lege.
328 2745 1213 2795 und der Schwester an. Als das kleine Wesen aber
321 2782 1213 2826 dem Vater ins Grab folgt, glaubte man sich an
1277 2768 2101 2842 Hierzu erhalten wir vom Berliner Polizei¬
321 2824 1207 2878 das Vermächtnis des Verstorbenen nicht mehr
1228 2832 1930 2894 präsidium die folgende Entgegnung:
331 2860 1203 2914 gebunden, und die Hartherzigkeit und die
1284 2856 2092 2926 In der Presse wird ein von der Direktion
327 2902 1206 2948 Schwäche der Bürgerfamilie treiben das von
1237 2917 2098 2965 des Deutschen Theaters an den Polizeipräsi¬
328 2937 1211 2988 allen verlassene junge Ding in Verzweiflung
1235 2954 2110 3009 denten gerichtetes Telegramm veröffentlicht, in
334 2970 1213 3034 und Tod. Gerade die Tatsache, daß die Dinge
1231 2993 2102 3037 welchem der Direktor Professor Reinhardt dar¬
330 3023 1203 3063 so ganz im Alltäglichen steckenbleiben, macht
1241 3039 2104 3082 über Klage führt, „daß er täglich mit der Will¬
332 3059 1216 3104 das Bild erschütternd, echt und wahr. In der
1234 3069 2105 3116 kür eines untergeordneten Polizeiorgans zu
336 3099 1217 3156 Gegenüberstellung der beiden Weltanschauungen,
1236 3100 2109 3158 kämpfen habe, die unverkennbar nach dem gegen
327 3131 1209 3194 deren Evangelium auf der einen Seite das Ich,
1244 3151 2114 3195 den Polizeileutnant Schmidtke eingeleiteten
340 3176 1217 3223 die harte, heuchlerische Gesellschaftsmoral und
1249 3183 1785 3235 Beleidigungsprozeß einsetzte.“
326 3207 1216 3260 auf der anderen Güte, Liebe, Verstehen ist,
1286 3228 1872 3297 Demgegenüber ist festzustellen:
336 3247 972 3303 zeigt sich Schnitzlers große Kunst.
1298 3267 2120 3335 Die Maßnahmen des genannten Revier¬
396 3267 1222 3327 Das Ensemble des Neuen Volks=Theaters
1230 3320 2115 3362 vorstehers erfolgen in Ausführung der von der
334 3318 1224 3381 hat rasch einen Stil gefunden; hier ist die
1241 3358 2116 3407 vorgesetzten Dienststelle erlassenen Anordnun¬
352 3347 1214 3413 Regie wirklich ein Wille, die Darsteller und
1242 3396 2115 3456 gen. Sie sind darauf gerichtet, zu verhindern,
345 3403 1227 3455 Szene in Harmonie zwingt. Die Aufführung
1246 3436 2108 3476 daß die häufigen Ordnungswidrigkeiten, welche
347 3439 1228 3478 war sehr fein in ihrem gedämpften Realismus.
1244 3487 2110 3526 im Betrieb des Deutschen Theaters sich ereigne¬
351 3477 1226 3521 man vergaß völlig, daß man nur Theater¬
1233 3510 2128 3561 ten und bereits zu einer Reihe schwerer Un¬
338 3523 1230 3565 schmerzen, nur Bühnentränen, vor sich hatte.
2905 1868 2999 1938 K
2106 1935 2988 2008 fälle auf der Bühne geführt haben, nicht auch
2099 1978 2974 2049 das Publikum einer ernsten Gefahr in feuer¬
2100 2026 2946 2085 und sicherheitspolizeilicher Hinsicht aussetzen.
2178 2060 2994 2143 Eine Entgegnung Reinhardts dürfte hierauf
2107 2111 2443 2181 nicht ausbleiben.
2160 2133 2980 2205 Die erste Aufführung der Orestie im Zirkus
2115 2187 2987 2246 Schumann wird nun doch, wie wir gestern an¬
2118 2227 2998 2296 genommen hatten, am „Freitag den 13. Oktober
2111 2277 2330 2331 stattfinden.
