3392 4384
165 238 1209 345 10. Das Vernaechtnis
1305 252 1824 341 box 16/4
897 1245 1714 1362 Theater und Mulik.!
741 1365 1743 1412 St. Petersburger Gesellschaft von Liebhabern dra¬
618 1413 1729 1459 matischer Literatur. Am 15. November, 4. Leseaufführung:
634 1448 1743 1500 „Das Vermächtnis“, Schauspiel in 3 Akten von Arthur
611 1487 1732 1538 Schnitzler. — Das Schnitzlersche Schauspiel, dessen Be¬
828 1523 1744 1583 unser deutscher dramatisch=literarischer Verein
596 1548 635 1590 4
615 1568 1739 1616 uns gestern vermittelt hat, ist gerade für eine Lese¬
612 1595 1742 1665 aufführung vorzüglich geeignet. Das didaktische Element
623 1645 1745 1697 überwiegt in dem Drama, es ist alles mehr Vortrag als
620 1679 1744 1728 lebendige Handlung oder unmittelbare Gefühlsäußerung.
633 1720 1742 1773 Die Personen des Stückes sprechen mehr über das, was sie
616 1768 1729 1816 tun, als daß sie selbst handeln und leiden. Jede Handlung
622 1804 1735 1859 ist von einer Erklärung irgend eines der Raisonneure des
629 1838 1743 1890 Stückes — bald ist es der Professor Losatti, bald Dr. Ferdi¬
626 1880 1739 1934 nand Schmidt, bald der Ministerialkonzipist Gustav Brander
691 1920 1747 1973 begleitet. Dramatisch ist diese Art der Vermittlung der
620 1963 1734 2010 Ideen des Autors nicht, aber in dem Vortrag eines Lese¬
616 1997 1744 2037 abends durchaus eindrucksvoll und zu ernstem Nachdenken
629 2035 1742 2092 anregend. — Ein Lebensproblem ist es, das der Verfasser
622 2092 1746 2130 den Zuhörern im Theater durch den Mund seiner Bühnen¬
629 2124 1735 2169 figuren auseinandersetzt. In freier, außerehelicher Ver¬
626 2154 1739 2205 bindung haben sich zwei Menschen in Liebe zu ehelicher
620 2193 1743 2247 Gemeinschaft zusammengefunden. Es ist, wie der Verfasser
616 2230 1741 2290 es darlegt, eine wahre Ehe, obgleich ihr die kirchliche und
621 2269 1732 2325 gesellschaftliche Sanktion fehlt. Auf dem Sterbebett gesteht
622 2318 1742 2366 Hugo Losatti seinen Eltern, daß er schon seit vier Jahren
630 2350 1731 2407 mit einer Frau, die ihm in Liebe treu ergeben ist, in freier
629 2398 1733 2443 Ehe zu##mengelebt hat, daß ein Kind dieser illegitimen
618 2432 1737 2479 Verbindung entsprossen ist. Der Sterbende fleht seine
631 2464 1740 2515 Eltern an, sich nach seinem Tode der verlassenen Mutter
620 2510 1734 2563 und des Kindes anzunehmen. Das ist sein Vermächtnis.
621 2554 1742 2597 Der Wunsch eines Sterbenden ist heilig, und die Eltern
620 2578 1748 2652 geloben ihm die Erfüllung seines letzten Willens. Die ver¬
622 2629 1746 2679 lassene Geliebte des Verstorbenen und das illegitime Kind
626 2675 1746 2724 finden Aufnahme in der Familie. Nun schildert der Ver¬
624 2706 1739 2756 fasser mit überzeugender, dem Leben, wie es ist, ent¬
630 2734 1749 2799 nommener Argumentation die Folgen eines solchen den
632 2794 1742 2835 Usancen der Gesellschaft strikt zuwiderlaufenden Familien¬
631 2832 1743 2878 verhältnisses, das sich aus dem Zusammenleben der
632 2854 1747 2922 illegitimen Frau und ihres Kindes mit der Familie
628 2907 1743 2957 des Verstorbenen ergibt. Der gesellschaftliche Verkehr
622 2943 1733 2992 mit der Familie, die gegen die Satzungen der gesellschaft¬
627 2981 1745 3034 lichen Moral verstoßen yat, wird diskret aber nachdrücklich
616 3028 1747 3075 abgebrochen. Auch wird die Verlobung der Tochter des
630 3065 1739 3111 Hauses mit dem prinzipienstarren, im Banne streng ge¬
631 3094 1746 3149 sellschaftlicher Korrektheit befangenen Dr. Ferdinand Schmidt
627 3136 1743 3200 durch die geschaffene Situation in Frage gestellt. Auch der
630 3175 1750 3230 sonst in Sachen der bürgerlichen Moral liberal denkende
632 3221 1739 3271 Familienvater Professor Losatti wird in seinen Grund¬
628 3260 1737 3306 sätzen schwankend, besonders als das Band, das die Fa¬
621 3305 1749 3351 milie mit der Geliebten des Verstorbenen verband, durch
630 3341 1746 3390 den Tod des Kindes zerrissen wird. Durch eine weitere Ver¬
626 3377 1750 3433 kettung von Umständen wird — was der Autor psycho¬
620 3411 1750 3467 logisch überzeugend zu motivieren weiß — die Lage in der
618 3460 1745 3501 Familie zum Schluß soweit zugespitzt, daß es der illegetimen
630 3492 1757 3566 Frau des Haussohnes nahegelegt wird, das ihr nach dem
1766 1216 2871 1278 Tode ihres Geliebten gebotene Heim zu verlassen. Die
1762 1262 2866 1315 Einsame, nach dem Tode ihres Mannes und ihres Kindes
1760 1300 2868 1352 nun ganz Vereinsamte sieht jetzt keinen anderen Ausweg,
1764 1340 2867 1389 als dem Leben, das für sie, die Heimatlose, jeden Wert ver¬
1761 1391 2864 1433 loren hat, ein jähes Ende zu machen. Mit Selbstvor¬
1765 1417 2872 1470 würfen der Frau und der Tochter des Hauses, die sich der
1766 1462 2877 1509 Lieblosigkeit gegen die Frau des Verstorbenen anklagen,
1762 1509 2876 1549 schließt das Drama. Die beiden Frauen fühlen es, daß sie
1766 1536 2866 1587 das „Vermächtnis“ des teuren Toten nicht erfüllt haben.
1766 1585 2873 1630 Mit feinem seelischen Verständnis für die Frauenpsychologie
1766 1617 2877 1668 hat der Verfasser in diesen beiden Frauen das Ueberwiegen
1762 1653 2872 1706 des natürlichen Gefühls über die Forderungen der gesell¬
1758 1697 2563 1753 schaftlichen Moral zum Ausdruck gebracht.
1817 1737 2879 1789 Das Vortragsdrama, in dem alles die psychologische
1763 1773 2881 1829 Anschauung, der Antrieb zu jeweiligem Handeln, der
1771 1810 2882 1861 Dialog — vom Autor ausgeht, nicht von den handelnden
1768 1860 2873 1904 Menschen auf der Bühne, wurde — wie immer — von den
1765 1890 2882 1943 Damen und Herren, die in der Leseaufführung tätig waren,
1762 1928 2875 1977 einwandsfrei zum Vortrag gebracht. Im ersten Akt war
1769 1967 2874 2025 das Ensemble noch nicht ganz sicher und fehlerfrei, im
1771 2008 2879 2063 weiteren Verlauf des Stückes wurde aber alles fließend
1758 2054 2872 2096 und natürlich zur Darstellung gebracht, sowohl von den
1764 2085 2888 2147 geübten Darstellern und Darstellern des Vereins, als auch¬
1769 2145 2880 2180 von einer Dame der Gesellschaft, die zum erstenmal an den
1769 2175 2879 2217 Böhnenvorträgen mit sicherer Anpassung an das Spiel der
1762 2208 2875 2258 übrigen teilnahm. Ein näheres Eingehen auf die einzelnen
1771 2245 2881 2300 schauspielerischen Leistungen verbietet sich durch den
2388 2274 2872 2337 Soviel sei aber auch
1767 2300 2361 2342 Charakter der Leseaufführung.
1762 2314 2876 2367 diesesmal wieder anerkennend hervorgehoben, daß nicht'nur
1764 2359 2875 2413 der Vortrag der Rollen, sondern auch die Charakteristik der
1763 2408 2877 2454 Personen des Schauspiels den Liebhabern dramatischer
1763 2450 2881 2496 Literatur so zutreffend gelang, daß sie in den Hauptzügen
1770 2489 2885 2542 zu keinerlei kritischen Ausstellungen; solbst als öffentliche
1761 2520 2608 2591 Theateraufführung betrachtet — Anlaß gibt.
2534 2556 2842 2606 A. Stürzwage.
