3484 4256
412 83 1834 155 I. österr. behördl. concess. Bureau für Zeitungsberichte und Personalnachrichten
682 132 1547 240 Wien, IX/1 Türkenstrasse 17.
621 220 1600 309 — Filiale in Budapest: „Figyeiö“, VIII. Josefsring 31a. —
366 365 1571 477 Ausschnitt aus: ösidentsche Rundschat
384 474 599 575 vom “0
602 488 831 596 3.40
597 707 1607 778 Ungereimtes von der Woche. Seitdem du, Wien,
883 771 1595 820 — Der Jüd' erst recht am Ruder ist;
513 762 869 832 verchristlicht bist,
586 804 1607 866 Im Handel, Wandel, Kunst, Theater — Der Schmul
1128 849 1595 916 Wer heut' in's „Borg¬
523 856 1046 922 ist Macher und Berather!
888 889 1572 964 Vor lauter Judendichtern steht: —
517 902 812 958 theater“ geht,
1323 934 1589 998 Sein „Erbe“
523 942 1250 1004 Philippi ist ein Halbgott dort,
528 986 932 1053 lebt unsterblich fort,
927 972 1611 1040 — Und seiner Dichtkunst als Beleg
1444 1023 1605 1078 Herrn
580 1027 1260 1082 Dient der Tantiémen-„Dornenweg“
518 1060 1605 1135 Hirschfeld von dem Strand der Spree — Schmückt
1102 1101 1599 1174 Die „Neie Freie" voll
526 1111 1022 1175 auch das Dichterportépée!
1453 1144 1601 1206 Man
528 1146 1394 1218 Extase — Preist seine schillergleiche Nase,
529 1204 1605 1261 sieht dem auserwählten Mann — Den „Dichter“ an der
845 1236 1603 1308 * Einst schlug die Juden dort in Bann
513 1248 765 1309 Nase an
590 1276 1604 1337 Athenisch Leo Ebermann — Doch kläglich von
524 1311 1615 1365 der „ersten“ Bühne — Schwand Leo's Kalle, seine
817 1360 1615 1431 Jetzt preist man Schnitzlerals¬
518 1365 722 1430 Phryne,
837 1409 1566 1479 Der das Vermächtniß“ angetreten! —
530 1413 841 1477 Propheten.—
523 1443 1613 1516 In allen Sätteln stets gerecht — Ist Ludwig Fulda,
529 1510 1609 1567 Zions Knecht. — Er schmiedet Schwänke, schwere Reime:
1383 1536 1613 1593 Erwuchsen
601 1543 1308 1601 Still in der Brust verborg'ne Keime
530 1572 1610 1653 tragisch aus der Saat — Zum Götterdrama „Herostrat“
1370 1621 1610 1678 Und alles
595 1629 1285 1682 Die Muse hat den Mann geweiht,
522 1680 1605 1739 Volk er stets erfreut — Aus seiner Dichtung Bundes¬
536 1709 1603 1772 lade: — Schlagsahne, Syrup, Limonade . . . — Held
532 1746 1606 1809 Schlenther schmunzelt an der Kasse: — „Du bist's,
539 1794 1619 1860 auf die ich mich verlasse! — So lang die Juden laufen
878 1835 1608 1898 kosch're Kunst hier froh ge¬
534 1842 800 1904 'nein — So
791 1876 1618 1932 So lange jüdisch noch die Presse, — Auf
398 1872 496 1944 Für
493 1878 800 1946 5 deih'n!! —
1323 1908 1717 1990 Mit Grausen ind
480 1929 1196 1989 10 „uns're Lait'“ ich nie vergesse.
471 1948 1609 2034 20 denk' ich jetzt der Zeit, — Da mit der Feder kampf¬
466 2008 1587 2078 50 bereit — Ich für die deutsche Kunst, die wahre —
418 2045 542 2103 " 100
1319 2046 1607 2108 Jetzt trag' ich
904 2052 1196 2113 für Honorare
543 2054 822 2113 Zu Felde zog
548 2067 1652 2161 vor dem Mund ein Schloß, — Vorbei dein Frohndienst, ge
397 2113 552 2188 Tboum
930 2127 1713 2198 Jetzt kann fest angestellt ieht
553 2143 870 2205 „Tante Voß“!
385 2173 543 2243 Abonm
540 2188 1597 2242 ich ruh'n, — Bin Herr Direktor, brauch' nichts thun, —
1593 2182 1759 2261 deri
532 2225 1610 2295 Als nur den dichtenden Semiten — Erfreut die off nen
531 2259 1621 2332 Hände bieten; — Ich thu's mit holder Gönnermiene —
541 2308 1346 2374 Und froh gedeiht die „erste“ Bühne!“ —
539 2343 1628 2405 Goethe nennt sich ein Verein, — Da soll es auch
536 2395 1616 2470 sehr arisch ein! — Es sprach dort jüngst Herr Justus
800 2445 1561 2500 Die Presse lobt ihn voll Geschrei; —
551 2446 726 2503 Frey,
532 2480 1614 2555 Warum? Weil er mit Frey verschämt — Den Namen
1289 2519 1626 2587 Herr Neckeles,
809 2528 1112 2596 2 S verbrämt
526 2574 1628 2638 Herr Jeitteles — Sind Goethe-sehr gescheiteles! —
1319 2604 1628 2674 Sie nicht als
539 2612 1256 2677 Ob die Kohnkordia zu Prag
540 2648 1622 2706 Ehrenglieder mag? — Dir, Wilhelm Jordan,
535 2689 1628 2754 deutscher Mann, — Hat frech die Schmat) man ange¬
763 2731 1614 2797 Jüngst mußt' ich's lesen zornentbrannt: —
535 2744 770 2800 than! —
1278 2773 1629 2837 Von der Kohn¬
540 2768 1219 2837 Du bist zum Ehrenglied ernannt
544 2829 1571 2876 kordia, koscher süß, — Der Jüden Prager Paradies; —
540 2861 1627 2931 Der Karpeles, der Teweles, — Der Pinkeles, der
792 2904 1622 2964 Wie die Mischpoche selig grient, — Das
537 2910 770 2981 Löweles,
540 2942 1622 3004 hast du, Jordan, nicht verdient! — Ein teutscher
545 3006 1626 3053 Recke, ragend stolz, — Von echtem Kern, aus Eichen¬
1384 3027 1616 3088 — Nun
546 3030 1356 3091 holz, — Deß Bardensang so kraftgestählt,
1308 3069 1633 3134 — Warum denn
541 3071 1229 3144 der Kohnkordia zugezählt!! —
550 3129 1619 3178 nahmst du, deutscher Mann, — Das Ehr'geschenk der
550 3176 1609 3222 Koschern an? — Wer achtzig Jahre deutsch gelebt, —
545 3209 1617 3271 Nach Knoblauchkränzen doch nicht strebt? — Wer von
974 3243 1626 3306 — So trefflich seinen Sang uns
546 3243 980 3309 der Nibelungen Noth
727 3299 1563 3344 Der braucht zu seinem Ruhm fürwahr —
547 3290 676 3349 bot,
545 3330 1638 3401 Nicht Kohn, nicht Adler und nicht Klaar!
979 3381 1532 3433 ger, im Regierungsschoß
1224 3411 1625 3479 — „Zwar war der
548 3423 1216 3481 Ließ jüngst man einen Ukas los:
552 3458 1618 3515 Bismarck wohl es werth, — Daß ihn der Preuße
551 3507 1633 3557 schätzt und ehrt, — Doch hier ward seinem Ruhm die
556 3543 1617 3607 Schranke: — Das ist der öst'reich'sche Gedanke! —
1432 3577 1628 3640 Weil es
547 3593 1357 3646 Darum sein Denkmal sei verpönt,
556 3630 1650 3687 loyale Seelen höhnt, — Weil man mit Hochverräther¬
1331 3673 1636 3725 — Darum be¬
556 3679 1335 3725 lippe — Verletzt die klerikale Sippe!
561 3720 1629 3770 stivimen Wir allein: — Der Denkstein darf kein Denk¬
1070 3754 1629 3815 sei, Regierung, doch so gut,
546 3756 849 3822 stein sein!!!“
603 3798 1628 3852 — Nenn' Einen uns aus frommer Brut, — Dem wir,
555 3851 1631 3890 dem Staatswohl zum Ergetzen, — Statt Bismarck einen
1019 3876 1618 3942 Wir kennen einen „großen“
551 3882 902 3941 Denkstein setzen?
552 3916 1645 3973 Mann, — Der hält uns All' in Zauberbann, — Den
555 3962 1622 4018 Alle wir nach Volkesrechten — Bald ausgehauen
561 4009 1577 4060 sehen möchten!! — O, sorget, die Ihr uns regiert, —
1445 4049 1643 4109 Teut-—
555 4051 1290 4133 Daß ER bekommt, was ihm gebührt!
2323 935 2680 1020 Telefon 12801.
3010 1030 3237 1102 Ausschnitt
2012 1023 2959 1106 Unternehmen für Zeitungs-Ausschnitte.
1721 1064 1911 1181 0•5
2169 1081 3229 1212 „OBSERVER“ N. 27
1771 1204 3242 1264 I. österr. behördl. concess. Bureau für Zeitungsberichte und Personalnachrichten
2069 1263 2937 1369 Wien, IX/1 Türkenstrasse 17.
2015 1359 2989 1446 Filiale in Budapest: „Figyelö“, VIII. Josefsring 31a. —
1759 1467 3275 1555 Ausschnitt aus Arenend Wanr
2413 1547 2682 1641 Oaler
1704 1612 2210 1713 vo 2/270
2246 1749 2723 1828 Wiener Bühnen.
1943 1801 3148 1898 Burgtheater. Das dreiactige Schauspiel „Das Vermächtniss“
1823 1868 3146 1941 von Arthur Schnifzler hat zur Heldin ein armes Mädchen aus dem
1837 1916 3148 1989 Voike, das in illegitimer Ehe mit dem ältesten Sohne einer reichen und
1832 1962 3153 2032 angesehenen Professorsfamilie lebt. Ihr Geliebter stirbt und sie kommt
1836 2016 3154 2080 als Vermächtniss mit ihrem kleinen Buben in sein Elternhaus, wo sie
1832 2076 3153 2134 die Frauen für, die Männer gegen sich hat. Es stirbt das Kind und es
1831 2128 3147 2186 kemmt zu Conflicten, denen das Mädchen in den Tod entflieht. An¬
1845 2173 3153 2242 erkennenswerth ist der Muth und die Wärme, mit welcher sich der
1846 2204 3143 2279 Antor seiner Schutzbefohlenen annimmt und das Problem zu lösen sucht;
1843 2258 3151 2333 in dieser Hinsicht gehören ihm gewiss die Sympathien eines jeden
1836 2297 3148 2372 rechtlich Denkenden. Aber er construirte zuerst das Problem und erfand
1845 2345 3149 2417 dazu die Menschen, und so macht das Ganze einen unnatürlichen Eindruck.
1839 2388 3157 2476 Hässlich und abstossend wirkte es auch, dass er während fast des ganzen
1837 2441 3149 2522 ersten Actes den jungen Doctor sterben lässt. Die Damen Schratt,
1837 2494 3149 2562 Hohenfels, Schmittlein, die Herren Hartmann, Tressler,
1850 2556 3160 2609 Devrient spielten vorzüglich. — Eine Tendenzarbeit roheren Calibers ist
1824 2614 3143 2670 Philippi's Vieracter „Das Erbe“, der in Deutschland dadurch locales
1831 2658 3145 2706 Aufsehen erregte, weil hier der Conflict zwischen dem alten Bismarck
1828 2730 3151 2782 und dem jungen Kaiser in sehr durchsichtiger Veränderung auf die
1835 2761 3147 2830 Bühne gebracht wurde. Der alte Commerzienrath Sartorius hat vor
1830 2799 3151 2869 35 Jahren unter dem alten Baron Larun ein riesiges Etablissement für
1830 2855 3147 2930 Gewehrlieferungen u. s. w. gegründet und seither geleitet; der junge
1826 2912 3149 2984 Baron, aufgestachelt durch einen ehrgeizigen und schuftigen Beamten,
1843 2958 3143 3031 will sich die Bevormundung nicht mehr gefallen lassen; es kommt zum
1833 3001 3143 3068 jähen Bruch, der alte Sartorius bleibt wohl moralisch der Sieger, zieht
1823 3045 3193 3119 sich aber freiwillig in den Ruhestand zurück. Philippi ist ein routinirter
1829 3102 3146 3151 dramatischer Handwerker, er kennt alle Kniffe und Eflecte, arbeitet
1829 3147 3210 3219 Faber dabei mit scheinbar modernem Realismus, durch den er die innere jus
1821 3190 3144 3249 Leere und Nichtigkeit seines Opus gut zu maskiren weiss. Das Stück
1823 3221 3240 3293 list insofern sehenswerth, als unser lieber, alter Baumeister (Sartorius) das
3138 3279 3230 3349 det.
1808 3291 3141 3352 Adarin eine sogenannte „Bombenrolle“ hat, die ihn durch alle vier Atte
1809 3339 3137 3399 Afast unausgesetzt auf oflener Scene höchstanstrengend beschäftigt. Heir
1812 3380 3142 3448 Baumeister war von grossartiger Ausdauer, Jugendlichkeit und Kraft.
