3436 4384
168 236 1831 345 10. Das Vernaechtnis box 16/5
1034 1252 1446 1341 Telephon 12.801.
484 1394 1238 1502 „OBSENVEN
331 1485 1437 1559 1. österr. beh. konz. Unternehmen für Zeitungs¬
539 1535 1234 1595 Ausschnitte und Bibliographie.
506 1574 1285 1665 Wien, I., Concordiaplatz 4.
743 1650 1059 1720 Vertretungen
333 1704 1434 1771 in Berlin, Brüssel, Budapest, Chicago, Cleveland, Christiania,
343 1752 1434 1795 Genf, Kopenhagen, London, Madrid, Mailand, Minneapolis,
329 1777 1445 1853 New-Vork, Paris, Rom, San Francisco, Stockholm, St. Peters¬
730 1824 1036 1876 burg, Toronto.
686 1855 1101 1917 (Quellenangabe ohne Gewähr.)
332 1907 1477 2058 Ausschnitt ausDeutsche Warte. Berlin
532 1996 832 2086 410K119|1
337 2045 514 2095 vom:
644 2154 1138 2238 Neues Volks=Theater.
373 2212 1480 2282 Im Neuen Volks=Theater (Neue Freie Volksbühne) ist
296 2247 1505 2331 Arthur Schnitzlers dreiaktiges Schauspiel „Das
305 2287 1490 2376 Vermächtnis“ zur Aufführung gelangt. Vor dreizehn
306 2335 1491 2425 Jahren wurde es zum ersten Male im Deutschen Theater ge¬
294 2372 1513 2493 geben, konnte aber dort keine tieferen Wurzeln schlagen. Es
310 2492 1494 2550 fehlt dem Stück der dramatische Nerv, der es lebensfähig macht.
303 2533 1488 2584 Stimmungsmalerei schafft den Inhalt der drei Aufzüge, in
310 2548 1517 2627 denen das Bächlein der Tränen nicht versiegt und ein naives
313 2638 1505 2687 Publikum in sein Wässerlein hineinzieht. Wie sollte auch ein
299 2654 1524 2733 zur Rührung geneigter Mensch nicht erschüttert werden durch
312 2698 1496 2762 das traurige Geschick der drei Sierbenden — jeder der drei
302 2742 1507 2817 Akte bringt eine Leiche — des mit dem Pferde verunglückten
314 2786 1498 2863 Dr. Hugo Losatti, des Lieblings seiner Familie, dann seines
310 2825 1494 2905 „süßen Buben“ und am Ende seiner Geliebten, die, nach dem
311 2872 1499 2939 Tode des kleinen Engels, nicht mehr als „Vermächtnis“ be¬
309 2907 1498 2975 trachtet, sondern hochmütig behandelt und beiseite geschoben
301 2956 1505 3027 wird und darum ein freiwilliges Ende sucht. Diese in ähn¬
316 3002 1504 3055 licher Gestalt schon so häufig erzählte Geschichte erhält ihre
313 3054 1506 3103 Würze durch die Gegenüberstellung von Menschen warmer
311 3097 1505 3146 Herzensgüte und Vertretern einer kalten Klassen= und Ver¬
318 3139 1510 3200 standes=,Moral“. Einige Personen der Handlung schwanken
320 3175 1510 3249 zwischen diesen Extremen hin und her. Die Darstellung, die
313 3215 1508 3277 vor eine schwere Aufgabe gestellt war, konnte befriedigen; nur
317 3266 1514 3325 hätte sie die Pein der larmoyanten und sentimentalen Szenen
314 3307 1465 3397 durch ein rascheres Tempo etaws abkürzen sollen. H. Th.
2420 1335 2817 1424 Telephon 12.801.
1856 1405 2619 1578 „OBSERVER
1707 1548 2800 1628 I. österr. beh. konz. Unternehmen für Zeitunge¬
1915 1607 2599 1681 Ausschnitte und Bibliographie.
1881 1658 2669 1735 Wien, I., Conoordiaplatz 4.
2108 1726 2455 1796 Vertretungen
1718 1766 2824 1840 in Berlin, Brüssel, Budapest, Chicago, Cleveland, Christianla.
1736 1825 2824 1876 Genf, Kopenhagen, London, Madrid, Mailand, Minnespolte.
1739 1862 2835 1923 New-Vork, Paris, Rom, San Francisco, Stockholm, St. Pesese¬
2122 1905 2428 1958 burg, Toronto.
2075 1950 2486 2011 (Quellenangabe olmne Gewähr.)
1705 1998 2062 2090 Ausschnitt au
2062 2012 2797 2121 Gasischs Zeitung, Serl
1712 2107 2235 2225 gem: 112101
2078 2200 2529 2279 Neues Volks=Theater.
1720 2244 2905 2313 Die Neue freie Volksbühne hat mit der Aufführung von Arthur
1710 2303 2897 2355 Schnitzlers Drama „Das Vermächtuis“ ihren Mitgliedern die
1703 2345 2903 2407 Renntnis—eines-Werkes vermittelt, das zwar manche der oft an¬
1708 2372 2904 2431 erkannten Vorzüge des Wiener Dichters aufweist, sich aber doch die
1706 2410 2912 2478 Bühne nicht dauernd erobern konnte, als es vor Jahren, auch in
1715 2471 2901 2510 Berlin, zuerst gegeben wurde. Den Eindruck, den das Drama
1709 2490 2904 2549 damals hervorrief, hat es auch am Montag Abend hinterlassen.
1706 2537 2908 2602 Die tiefste Wirkung bringt der erste Akt hervor mit seiner nerven¬
1712 2565 2908 2632 und herzzerreißenden Exposition. In den beiden letzten Akten erwartet
1713 2608 2902 2666 der Zuschauer die eigentliche Handlung, erhält aber austatt dessen nur eine
1706 2653 2904 2714 Reihe von gut beobachteten Familienszenen, die nach der starken Tragik des
1710 2683 2907 2751 ersten Aktes me## peinlich und quälend als erschütternd wirken.
1711 2726 2903 2793 Die Künstler des Neuen Volks=Theaters hatten sämtlich ihr Bestes
1720 2757 2912 2820 an die Durchführung ihrer Rollen gesetzt. So verlieh Robert
1705 2791 2926 2874 Müller dem selbstsüchtigen, aufgeblasenen Vater kräftige Züge der
1719 2842 2914 2905 Wirklichkeit. Johannes Riemann erschütterte die Horer in der
1714 2876 2904 2942 Sterbeszeue des ersten Aktes. Jella Wagner gab die unglückliche
1710 2902 2964 2992 Geliebte und verwaiste Mutter mit rührender Einfachheit. Annalise
1735 3004 2949 3050 Wagners Eigenart in der Wiedergabe des um ihre Liebe be¬
1732 3048 2944 3104 raubten jungen Mädchens trat abermals in sympathischer Weise
1724 3076 2951 3134 hervor. Maximilian Sladek als Dr. Schmidt, Martha Auger¬
1737 3117 2948 3171 stein als Franziska, Hermann Pfanz=Brander, Hedwig Loréc,
1736 3159 2965 3201 Elisabeth Huch, alle fügten sich dank der ausgezeichneten Regie.
1732 3196 2899 3261 Adolf Edgar Lichos dem Zusammenspiel trefflich ein. Eln#
