3436 4256
1463 156 1901 249 box 16/3
255 154 1300 256 10. Das Vermagchinig
194 629 702 683 inrichs Reise hat en Een
965 662 1407 733 Antanft der Rosaten,
213 663 887 739 lgemeinen hier anzunehmen geneigt
966 717 1901 770 widerspräche, da jede Gesandtschaft nur ernje#
214 733 886 783 überdies persönlich auf alle, ohne
972 753 1902 813 Soldaten zu ihrem Schutze sollte kommen lassen.
200 764 876 827 n, einen vorzüglichen Eindruck ge¬
1050 806 2046 858 Die öffentliche Ankündigung, der Kaiser werde
200 817 878 870 tschland eines mächtigen und weit¬
965 839 2048 899 Sonnabend zum Tempel des „langen Lebens“ pilgern
207 854 879 920 China für lange hinaus sicher sein.“
962 892 2048 951 und dort ein feierliches Opfer für die Erhaltung seines
210 897 698 957 ite wird uns geschrieben:
966 929 2052 990 Lebens darbringen, ist natürlich ohne jede Bedeutung
196 941 888 999 gen Tagen konnte ich Ihnen auf
984 989 2061 1033 und beweist keineswegs, daß Knang=ßü noch am Leben,
204 984 898 1039 ationen melden, daß Lord Salisbury
1401 1031 1532 1104 GRRRRE
1109 1032 1373 1102 Warer Nn
1873 1029 2107 1105 Sn
1058 1101 2048 1152 Dieser erste jkt ist der beste des Stückes und von
209 1099 882 1164 nicht hinausstrebend, der künstige
972 1140 2058 1200 großer dichterischer Schönheit. Alle hohen Regungen der
210 1145 890 1210 ädchens, Dr. Schmidt, ein Mann,
966 1199 2050 1248 Menschennatur werden geweckt, die edelsten Empfindungen
204 1202 882 1254 it Hugo's Hofmeister gewesen und
989 1232 2058 1289 in Schwingung versetzt. Das Natürliche, Reinmenschliche
203 1252 891 1300 nz sich heraufgehungert und ge¬
968 1278 2052 1329 wird zum Klingen gebracht. Die Vorurtheile fallen, die
201 1293 889 1333 ssie alle sind mit fester Hand vor
976 1317 2054 1368 Gegensätze erscheinen ausgeglichen. Nur das große, un¬
206 1324 890 1381 diesen Kreis wird nun der sterbende
977 1369 2055 1415 endliche Mitteld durchdringt die Herzen, und das Ver¬
216 1368 882 1425 als ein Vermächtniß übergiebt er
980 1405 2056 1460 löschen dieses jungen, hoffnungsfrohen Lebens entzündet
221 1410 882 1476 ihnen seinen nnehelichen Sohn und
962 1460 2064 1511 mit einem letzten Emporflackern noch die heilige Flamme
199 1457 895 1518 eber. Er hat sie über alles geliebt,
967 1498 2065 1553 der Liebe. Aeußerst stimmungsvoll endet so der erste
201 1501 889 1558 Blück seines Lebens gewesen in an¬
974 1541 2062 1586 Akt, der so abgeschlossen, fest gefügt und von einheitlicher
215 1548 891 1605 Hingebung und Treue. Das junge,
972 1578 2065 1635 Wirkung ist, daß er als ein Ganzes gelten könnte, nicht nur
223 1592 890 1646 der zarte Knabe werden an das
961 1646 2051 1682 als Exposition. Ein erschütterndes, einaktiges Stimmungs¬
217 1639 900 1682 und mit seinem letzten Seufzer
979 1678 2060 1721 bild, etwa unter dem Titel: „In der Todesstunde.“ An diese
219 1676 894 1735 Fürsorge seiner Angehörigen, bei
984 1708 2072 1776 Todesstunde aber knüpft das Leben und seine Ansprüche
207 1720 892 1776 Heimath sein von Mutter und Kind.
976 1777 2068 1814 wieder an, und das füllt die beiden folgenden Akte.
228 1765 892 1827 den ganzen ersten Akt. Um die
979 1805 2058 1860 Aber nicht das starke, gesunde, quellende Leben ist es,
218 1807 890 1867 r Familie gruppiren sich noch einige
974 1846 2070 1903 was da in der Familie Losatti wieder emporblüht. Mit
221 1856 894 1913 Emma Winter, eine Schwägerin
982 1898 2057 1943 Hugo scheint es begraben. Man liebt sein Vermächtniß,
205 1900 891 1948 d ihre Tochter Dora, die für Hugo,
986 1928 2067 1992 das Kind, man umgiebt es mit Zärtlichkeit, man ist
219 1939 890 1998 gegolten hotte, eine schwärmerische
973 1981 2071 2032 freundlich gegen die Mutter. Tapfer kämpft man an
219 1982 897 2060 Freund des Verunglückten, Gustav
964 2015 2067 2071 gegen die Anschauungen der Welt, der man zugehört hat.
999 2064 2060 2120 Anschauungen, von denen sie selbst sich niemals frei¬
199 2067 896 2127 ich eingetretene Ereigniß auf diese
984 2101 2063 2168 gemacht hätten ohne die Katastrophe. Aber das Kind ist
194 2113 892 2175 teten Personen einwirkt, ist wunder¬
992 2161 2073 2209 kränklich. Es kann nicht Wurzel fassen in der fremden
196 2159 886 2217 nd mit kräftigen Strichen wieder¬
984 2197 2067 2252 Erde. Es siecht dahin, und mit ihm siechen die Gefühle
193 2203 890 2265 kelne zeigt seine innerste Natur bis in
983 2250 2073 2301 in den Herzen seiner neuen Verwandten. Die ganze
191 2251 900 2307 Die Rathlosigkeit und Verwirrung des
980 2278 2065 2341 Atmosphäre des Hauses hat etwas Kränkliches, Un¬
204 2294 891 2349 Egoismus und selbstgefällige Schön¬
984 2331 2064 2383 natürliches. Physisch und psychisch. Und der kleine Hans
203 2349 906 2394 en schweren Moment hinweghilft, die
989 2373 2063 2438 stirbt am Schlusse des zweiten Aktes. Toni Weber hat
201 2393 901 2445 correcte Haitung der Mutter, die
989 2420 2077 2474 nun alles verloren. Die Familie stößt sie von sich nach
204 2423 905 2482 wester, das Mitleid und die Antheil¬
989 2457 2076 2517 dem Tode des Kindes. Nicht hart und böse, denn sie
210 2480 894 2528 en und Freunde sind mit in imster
978 2500 2078 2560 wollen für sie sorgen und glauben damit ihre Pflicht
214 2516 893 2580 r Wesenheit vorgeführt und mit
979 2560 2076 2617 zu erfüllen. Ihre Freunde wollen sie bleiben, jeder¬
200 2549 894 2625 gen der Gesühle, die in diesem
997 2607 2078 2653 zeit kann sie zu ihnen kommen, nur nicht mit
206 2596 892 2663 Augenblicke im Herzen des jungen
986 2648 2073 2706 ihnen leben, das ist unmöglich. Nicht hart und böse, aber
211 2648 893 2715 Diese „süßen Mädel“ sind ein
986 2688 2084 2742 grausam und klein, klein bis zur Gemeinheit. Wo soll
199 2688 905 2755 tles mit echt poetischem Sinn
978 2718 2072 2782 das arme Geschöpf hin, das den Geliebten verloren und
798 2737 903 2787 Sie
213 2746 769 2800 Llteratur eingeführt hat.
988 2768 2083 2835 das Kind? „Solche Mädchen finden sich zurück und zu¬
199 2776 898 2845 n directer Linie vom „Gretchen“ ab,
981 2808 2077 2869 recht“ meint im Familienrath Dr. Schmidt, der Bräutigam
196 2828 905 2884 Merkmale unserer Zeit und verstehen
986 2867 2068 2911 der Tochter, und erklärt sich bereit, ihr die Sache „schonend“
196 2867 908 2921 er einer Generation, die das Faustische
980 2904 2083 2968 beizubringen. Der Dichter aber meint, daß diese „süßen
211 2909 908 2983 als man es von deutscher Art je
979 2947 2082 3005 Mädel“ sich nicht zurückfinden und in den Tod gehen.
2124 783 2738 859 Nür weit die ##e1 L....
2136 821 3238 900 wendige Verzögerungen grämt? Mit einem sentimentaten
2143 883 3219 933 Deutschthum ist auf portugiesischem Gebiet und im Be¬
2139 931 3228 995 reich der sehr nüchternen und selbstsüchtigen Buren
2130 985 3229 1030 wahehaftig nichts gethan. Wir haben vor allem zu be¬
2140 1090 3226 1148 Das thut auch Toni Weber. Franziska Losatti aber reift
2144 1136 3242 1198 an den Ereignissen zum Weibe. Sie wird nun wohl eine
2136 1187 3221 1233 alte Jungfer werden, denn sie jagt den Bräutigam davon,
2154 1227 3226 1279 durch dessen Einflüsterungen ihre Familie des toten Bruders
2142 1266 3222 1332 letzten Willen nicht erfüllt hat. Es war nicht wahr, daß
2137 1323 3236 1366 nur das Kindzsein Vermächtniß war. Alle drei gehören
2137 1369 3190 1422 sie zusammen. Und jetzt sind sie wohl alle vereint —
2140 1400 3228 1457 „jetzt tritt sie vielleicht zu ihm hin“, ruft sie wie in
2137 1458 3239 1513 wachen Träumen, und dann sich diesen metaphysischen
2143 1494 3236 1542 Vorstellungen entreißend, fügt sie stark hinzu: „Gnaden
2152 1532 3234 1585 wollten wir ihr erweisen, und wir hätten gut sein
3155 1575 3230 1628 sie
2305 1578 2473 1633 Das
2159 1580 2306 1636 müssen.“
2556 1571 3035 1632 die Wirklichkeit, in
2152 1614 3238 1671 zurückkehrt, dies Erkenntniß, die sie gewonnen. „Wir
2151 1666 2460 1724 müssen gut sein“
2505 1664 3230 1727 ergreifend klingt das Stück damit
2137 1707 3237 1767 aus. Stürmischer Beifall rief den Autor nach jedem Akt
2141 1753 3226 1803 wiederholt und vielmals am Schluß vor den Vorhang.
2146 1795 3236 1843 Die Darstellung war ausgezeichnet. Ganz besonders that
2152 1838 3228 1898 sich Emannel Reicher als Professor Losatti hervor. Diesen
2159 1882 3233 1935 liberalisirenden, wackeren Ehrenmann wird man in Berlin
2148 1926 3236 1990 gesehen haben müssen, denn man wird über ihn sprechen
2148 1973 3244 2031 in allen schöngeistigen Kreisen. Und wie der Künstler
2140 2015 3241 2065 diese echt wienerische Figur bis in die kleinsten
2129 2057 2958 2120 Details nachempfand, st wahrhaft köstlich.
2230 2098 3234 2158 Das Königliche Schauspielhaus aber läßt zu gleicher
2148 2148 3241 2203 Zeit die alte Garde nicht aussterben und sorgt dafür, daß nicht
2147 2189 3235 2242 die Lorbeeren der Modernen in den Himmel wachsen. nur
2151 2235 3228 2284 Es hält seine Pforten offen für die Lustspiele, die ander¬
2144 2283 3230 2337 wärts nicht mehr ziehen wollen. Diese Pietät ist rührend.
2153 2317 3241 2383 Sie hat Herrn Thomas ins Königliche gezogen und ihm
2165 2368 3244 2426 Gelegenheit gegeben, im Blumenthal=Kadelburg'schen
2162 2414 3243 2471 Genre sich hervorzuthun. Dieses Genre gehört sonst nicht
2154 2464 3233 2512 zum langweiligen, aber in ihrem neuesten dreiaktigen
2162 2487 3236 2552 Lustspiel „Auf der Sonnenseite“ zeigen die Autoren eine
2156 2541 3248 2600 starke Neigung zum Verbotenen. Das Stück ist herzlich
2157 2588 3239 2643 langweili So nahm es das Publikum auf, trotz der
2161 2634 3245 2695 tüchtigen Darstellung, um die neben Thomas die ersten
2157 2675 2806 2751 Kräfte e Bühne bemüht waren.
2832 2706 3167 2785 Ulrich Frank.
