<?xml version="1.0" encoding="UTF-8" standalone="yes"?>
<PcGts xmlns="http://schema.primaresearch.org/PAGE/gts/pagecontent/2013-07-15" xmlns:xsi="http://www.w3.org/2001/XMLSchema-instance" xsi:schemaLocation="http://schema.primaresearch.org/PAGE/gts/pagecontent/2013-07-15 http://schema.primaresearch.org/PAGE/gts/pagecontent/2013-07-15/pagecontent.xsd">
    <Metadata>
        <Creator>prov=University of Rostock/Institute of Mathematics/CITlab/Gundram Leifert/gundram.leifert@uni-rostock.de:name=ONB_Newseye_GT_M1+(htr_id=10810)::::v=2.4.2
prov=University of Rostock/Institute of Mathematics/CITlab/Tobias Gruening/tobias.gruening@uni-rostock.de:name=de.uros.citlab.module.baseline2polygon.B2PSeamMultiOriented:v=2.4.2
prov=University of Rostock/Institute of Mathematics/CITlab/Tobias Gruening/tobias.gruening@uni-rostock.de:name=/mnt/transkribus/LA/DEA/URO/LA_news_onb_att.pb:de.uros.citlab.segmentation.CITlab_LA_ML:v=2.4.2
Transkribus</Creator>
        <Created>2019-10-07T11:35:29.582+02:00</Created>
        <LastChange>2019-10-08T19:40:25.097+02:00</LastChange>
        <TranskribusMetadata docId="223986" pageId="9500988" pageNr="330" tsid="16608036" status="IN_PROGRESS" userId="40391" imgUrl="https://files.transkribus.eu/Get?id=SWKCPSZBRLUEMYDDWWNRPXCD&amp;fileType=view" xmlUrl="https://files.transkribus.eu/Get?id=ZWTGANMLRWKXNFIFRMQOAUXB" imageId="6191210"/>
    </Metadata>
    <Page imageFilename="223986_0330.jpeg" imageWidth="3436" imageHeight="4384">
        <ReadingOrder>
            <OrderedGroup id="ro_1711447922867" caption="Regions reading order">
                <RegionRefIndexed index="0" regionRef="r1"/>
                <RegionRefIndexed index="1" regionRef="r2"/>
            </OrderedGroup>
        </ReadingOrder>
        <TextRegion orientation="0.0" id="r1" custom="readingOrder {index:0;}">
            <Coords points="178,182 178,4162 1819,4162 1819,182"/>
            <TextLine id="r1l1" custom="readingOrder {index:0;}">
                <Coords points="1369,217 1747,224 1826,203 1826,173 1736,147 1703,163 1620,151 1588,178 1471,151 1369,156"/>
                <Baseline points="1375,204 1401,204 1427,204 1453,204 1479,204 1505,204 1531,205 1557,205 1583,205 1610,205 1636,206 1662,206 1688,205 1714,205 1740,205 1766,204 1792,203 1819,202"/>
                <TextEquiv>
                    <Unicode>box 16/6</Unicode>
                </TextEquiv>
            </TextLine>
            <TextLine id="r1l2" custom="readingOrder {index:1;}">
                <Coords points="778,214 791,214 807,220 820,218 823,221 827,218 835,220 842,213 859,218 859,163 828,167 810,177 802,174 788,180 778,177"/>
                <Baseline points="785,209 818,209 851,209"/>
                <TextEquiv>
                    <Unicode>d</Unicode>
                </TextEquiv>
            </TextLine>
            <TextLine id="r1l3" custom="readingOrder {index:2;}">
                <Coords points="171,238 1214,239 1214,189 1117,159 950,159 859,220 603,220 442,164 350,210 254,164 171,174"/>
                <Baseline points="178,218 229,223 280,228 332,230 383,233 435,235 486,236 538,236 589,236 641,236 692,236 743,235 795,233 846,233 898,231 949,230 1001,229 1052,228 1104,228 1155,228 1207,228"/>
                <TextEquiv>
                    <Unicode>10. baschtnis</Unicode>
                </TextEquiv>
            </TextLine>
            <TextLine id="r1l4" custom="readingOrder {index:3;}">
                <Coords points="1601,587 1619,587 1636,572 1673,580 1710,576 1707,512 1694,511 1688,519 1677,520 1633,495 1626,501 1597,500"/>
                <Baseline points="1607,558 1638,556 1670,553 1702,555"/>
                <TextEquiv>
                    <Unicode>22</Unicode>
                </TextEquiv>
            </TextLine>
            <TextLine id="r1l5" custom="readingOrder {index:4;}">
                <Coords points="927,569 1084,604 1122,632 1317,651 1349,678 1504,713 1534,632 1450,613 1303,527 1170,559 1138,532 1073,538 1009,485 947,486"/>
                <Baseline points="935,565 963,570 992,576 1021,582 1050,588 1078,595 1107,601 1136,608 1165,615 1193,622 1222,629 1251,637 1280,645 1308,652 1337,659 1366,666 1395,673 1423,681 1452,688 1481,695 1510,701"/>
                <TextEquiv>
                    <Unicode>Doeren Zeilung,</Unicode>
                </TextEquiv>
            </TextLine>
            <TextLine id="r1l6" custom="readingOrder {index:5;}">
                <Coords points="1237,759 1251,761 1269,746 1288,758 1310,755 1313,683 1284,680 1274,690 1267,685 1250,700 1239,701"/>
                <Baseline points="1244,739 1274,739 1304,741"/>
                <TextEquiv>
                    <Unicode></Unicode>
                </TextEquiv>
            </TextLine>
            <TextLine id="r1l7" custom="readingOrder {index:6;}">
                <Coords points="1144,797 1248,810 1341,791 1410,807 1501,773 1549,794 1600,771 1584,705 1535,722 1462,703 1407,724 1352,712 1292,759 1269,746 1248,762 1201,729 1140,754"/>
                <Baseline points="1151,795 1176,793 1202,791 1228,791 1254,789 1280,788 1306,787 1332,785 1358,783 1383,782 1409,780 1435,777 1461,775 1487,772 1513,768 1539,764 1565,758 1591,752"/>
                <TextEquiv>
                    <Unicode> S</Unicode>
                </TextEquiv>
            </TextLine>
            <TextLine id="r1l8" custom="readingOrder {index:7;}">
                <Coords points="953,1102 1149,1107 1181,1124 1221,1098 1301,1115 1418,1103 1461,1120 1517,1101 1518,1052 1296,1019 1232,1034 1151,1014 1121,1040 1089,1016 954,1031"/>
                <Baseline points="960,1090 987,1092 1015,1093 1042,1094 1070,1095 1097,1097 1125,1097 1152,1099 1180,1099 1207,1100 1235,1101 1262,1101 1290,1102 1317,1102 1345,1102 1372,1102 1400,1102 1427,1101 1455,1100 1482,1100 1510,1098"/>
                <TextEquiv>
                    <Unicode>Wiener Theater.</Unicode>
                </TextEquiv>
            </TextLine>
            <TextLine id="r1l9" custom="readingOrder {index:8;}">
                <Coords points="767,1169 1619,1184 1768,1173 1769,1115 1454,1116 1408,1144 1296,1109 768,1120"/>
                <Baseline points="775,1148 824,1149 873,1151 923,1153 972,1155 1021,1156 1071,1157 1120,1158 1169,1159 1219,1160 1268,1161 1317,1161 1367,1162 1416,1162 1465,1161 1515,1161 1564,1160 1613,1160 1663,1159 1712,1157 1762,1156"/>
                <TextEquiv>
                    <Unicode>Aus Wien schreibt uns unser L. F.=Korrespondent:</Unicode>
                </TextEquiv>
            </TextLine>
            <TextLine id="r1l10" custom="readingOrder {index:9;}">
                <Coords points="774,1208 1738,1208 1738,1181 1648,1169 775,1161"/>
                <Baseline points="781,1198 828,1199 876,1200 923,1201 971,1201 1018,1203 1066,1204 1113,1205 1161,1206 1208,1206 1256,1207 1303,1208 1351,1209 1398,1209 1446,1209 1493,1209 1541,1208 1588,1208 1636,1206 1683,1205 1731,1203"/>
                <TextEquiv>
                    <Unicode>Das Thermometer steigt wie die fremde Valuta —</Unicode>
                </TextEquiv>
            </TextLine>
            <TextLine id="r1l11" custom="readingOrder {index:10;}">
                <Coords points="699,1243 1566,1274 1758,1255 1770,1216 700,1212"/>
                <Baseline points="707,1238 759,1239 812,1239 865,1240 918,1241 971,1242 1023,1242 1076,1243 1129,1244 1182,1245 1235,1245 1287,1246 1340,1247 1393,1247 1446,1247 1499,1247 1551,1246 1604,1246 1657,1245 1710,1243 1763,1242"/>
                <TextEquiv>
                    <Unicode>stürmisch nennt das der poetische Jargon des Tages — aber</Unicode>
                </TextEquiv>
            </TextLine>
            <TextLine id="r1l12" custom="readingOrder {index:11;}">
                <Coords points="692,1280 1784,1278 1765,1249 692,1243"/>
                <Baseline points="699,1276 755,1277 812,1277 869,1278 926,1279 982,1280 1039,1281 1096,1282 1153,1284 1210,1285 1266,1286 1323,1286 1380,1287 1437,1287 1494,1287 1550,1286 1607,1285 1664,1284 1721,1282 1778,1279"/>
                <TextEquiv>
                    <Unicode>die Theatersaissn yerliert nicht an Intexesse. Im Gegen¬</Unicode>
                </TextEquiv>
            </TextLine>
            <TextLine id="r1l13" custom="readingOrder {index:12;}">
                <Coords points="688,1303 749,1331 1604,1340 1741,1338 1782,1289 688,1294"/>
                <Baseline points="695,1318 751,1318 808,1318 865,1319 922,1319 978,1320 1035,1321 1092,1321 1149,1322 1206,1323 1262,1323 1319,1324 1376,1324 1433,1324 1490,1324 1546,1324 1603,1324 1660,1323 1717,1322 1774,1321"/>
                <TextEquiv>
                    <Unicode>teil; sie hatssich füt diese spckten Tageein paar Pikanterien</Unicode>
                </TextEquiv>
            </TextLine>
            <TextLine id="r1l14" custom="readingOrder {index:13;}">
                <Coords points="682,1367 1772,1366 1709,1327 682,1331"/>
                <Baseline points="689,1357 742,1357 796,1358 850,1358 904,1358 958,1359 1012,1360 1065,1360 1119,1361 1173,1361 1227,1362 1281,1362 1335,1362 1389,1362 1442,1362 1496,1362 1550,1362 1604,1362 1658,1361 1712,1360 1766,1359"/>
                <TextEquiv>
                    <Unicode>aufgespart, (die dench## wrste werden. So vor allem</Unicode>
                </TextEquiv>
            </TextLine>
            <TextLine id="r1l15" custom="readingOrder {index:14;}">
                <Coords points="686,1396 1619,1418 1780,1412 1781,1367 686,1365"/>
                <Baseline points="693,1397 747,1397 801,1397 855,1398 909,1398 963,1399 1017,1399 1071,1400 1125,1400 1179,1401 1233,1401 1287,1401 1341,1402 1395,1402 1449,1402 1503,1402 1557,1402 1611,1402 1665,1402 1719,1401 1774,1401"/>
                <TextEquiv>
                    <Unicode>die „Kiki7 dex Flau Hathe Dorsch, die hier ihr</Unicode>
                </TextEquiv>
            </TextLine>
            <TextLine id="r1l16" custom="readingOrder {index:15;}">
                <Coords points="690,1440 1771,1449 1771,1409 1699,1402 690,1396"/>
                <Baseline points="697,1439 750,1437 803,1436 857,1435 910,1435 963,1435 1017,1436 1070,1436 1123,1437 1177,1438 1230,1439 1283,1440 1337,1441 1390,1442 1443,1442 1497,1443 1550,1442 1603,1441 1657,1440 1710,1438 1764,1436"/>
                <TextEquiv>
                    <Unicode>Publikum ebonsg bezaubert wie in Berlin und von dieser</Unicode>
                </TextEquiv>
            </TextLine>
            <TextLine id="r1l17" custom="readingOrder {index:16;}">
                <Coords points="688,1472 1777,1490 1750,1443 688,1446"/>
                <Baseline points="695,1477 748,1476 802,1475 856,1475 910,1474 964,1475 1017,1475 1071,1475 1125,1476 1179,1477 1233,1477 1286,1478 1340,1479 1394,1479 1448,1479 1502,1479 1555,1479 1609,1478 1663,1478 1717,1476 1771,1474"/>
                <TextEquiv>
                    <Unicode>enthusiastischen, Empfänglichkeit vermutlich ebenso bezaubert</Unicode>
                </TextEquiv>
            </TextLine>
            <TextLine id="r1l18" custom="readingOrder {index:17;}">
                <Coords points="686,1523 1779,1508 686,1480"/>
                <Baseline points="692,1514 746,1513 800,1513 854,1513 908,1513 962,1513 1016,1514 1070,1514 1124,1515 1178,1515 1232,1516 1286,1516 1340,1517 1394,1517 1448,1518 1502,1518 1556,1518 1610,1518 1664,1517 1718,1517 1773,1516"/>
                <TextEquiv>
                    <Unicode>ist wie in ihrer künstlerischen Heimat. Und dann die sehr</Unicode>
                </TextEquiv>
            </TextLine>
            <TextLine id="r1l19" custom="readingOrder {index:18;}">
                <Coords points="694,1566 1778,1562 1717,1521 694,1516"/>
                <Baseline points="701,1554 754,1553 808,1552 861,1552 915,1552 968,1552 1022,1552 1075,1552 1129,1553 1182,1553 1236,1553 1289,1554 1343,1554 1396,1555 1450,1555 1503,1555 1557,1555 1610,1554 1664,1553 1717,1552 1771,1551"/>
                <TextEquiv>
                    <Unicode>geschätzten Mitbringgeschenke ihrer Berliner Kollegen, die</Unicode>
                </TextEquiv>
            </TextLine>
            <TextLine id="r1l20" custom="readingOrder {index:19;}">
                <Coords points="698,1598 1734,1607 1773,1570 698,1565"/>
                <Baseline points="705,1593 758,1592 811,1591 864,1591 917,1591 970,1591 1023,1591 1076,1592 1129,1592 1182,1593 1235,1593 1288,1594 1341,1594 1394,1595 1447,1595 1500,1596 1553,1595 1606,1595 1659,1595 1712,1594 1766,1592"/>
                <TextEquiv>
                    <Unicode>jetzt in Wien gastlich zusammen kamen und sich jede Woche</Unicode>
                </TextEquiv>
            </TextLine>
            <TextLine id="r1l21" custom="readingOrder {index:20;}">
                <Coords points="695,1628 1779,1641 1779,1604 1654,1595 695,1601"/>
                <Baseline points="701,1629 754,1629 808,1629 861,1629 915,1629 968,1630 1022,1630 1075,1631 1129,1631 1182,1631 1236,1632 1289,1632 1343,1633 1396,1633 1450,1633 1503,1633 1557,1633 1610,1633 1664,1632 1717,1631 1771,1630"/>
                <TextEquiv>
                    <Unicode>in einer neuen Rolle zeigen: Max Gulstorff, Ernst</Unicode>
                </TextEquiv>
            </TextLine>
            <TextLine id="r1l22" custom="readingOrder {index:21;}">
                <Coords points="690,1666 1772,1681 1732,1636 690,1628"/>
                <Baseline points="696,1663 749,1664 803,1665 856,1665 910,1666 963,1667 1017,1667 1070,1668 1124,1669 1177,1669 1231,1670 1284,1670 1338,1670 1391,1671 1445,1671 1498,1671 1552,1671 1605,1671 1659,1671 1712,1671 1766,1671"/>
                <TextEquiv>
                    <Unicode>Stahl=Nachbaur und vor allem Moissi, Moissi,</Unicode>
                </TextEquiv>
            </TextLine>
            <TextLine id="r1l23" custom="readingOrder {index:22;}">
                <Coords points="694,1702 1776,1724 1776,1682 1626,1671 694,1673"/>
                <Baseline points="701,1705 754,1704 807,1704 861,1704 914,1704 968,1704 1021,1705 1074,1705 1128,1706 1181,1706 1235,1707 1288,1708 1341,1709 1395,1709 1448,1710 1502,1710 1555,1711 1608,1711 1662,1711 1715,1710 1769,1710"/>
                <TextEquiv>
                    <Unicode>Moissi! Er macht derzeit halb Wien verrückt, sämtliche</Unicode>
                </TextEquiv>
            </TextLine>
            <TextLine id="r1l24" custom="readingOrder {index:23;}">
                <Coords points="694,1745 1782,1768 1783,1724 1664,1712 695,1709"/>
                <Baseline points="701,1742 754,1743 808,1743 862,1744 916,1744 969,1744 1023,1745 1077,1745 1131,1745 1184,1746 1238,1746 1292,1746 1346,1747 1399,1747 1453,1747 1507,1748 1561,1748 1614,1749 1668,1749 1722,1750 1776,1750"/>
                <TextEquiv>
                    <Unicode>Wienerinnen und einen genügenden Teil der Wiener-</Unicode>
                </TextEquiv>
            </TextLine>
            <TextLine id="r1l25" custom="readingOrder {index:24;}">
                <Coords points="690,1792 715,1795 722,1790 735,1801 748,1801 757,1808 776,1793 808,1787 822,1794 833,1786 843,1788 843,1759 826,1759 808,1747 765,1746 753,1753 725,1744 691,1749"/>
                <Baseline points="697,1780 724,1779 752,1780 780,1780 808,1781 836,1779"/>
                <TextEquiv>
                    <Unicode>Kritik.</Unicode>
                </TextEquiv>
            </TextLine>
            <TextLine id="r1l26" custom="readingOrder {index:25;}">
                <Coords points="762,1824 1779,1817 1759,1788 1184,1797 1001,1762 917,1799 866,1771 763,1792"/>
                <Baseline points="769,1822 819,1821 869,1822 919,1822 969,1822 1019,1822 1069,1823 1120,1823 1170,1824 1220,1824 1270,1825 1320,1826 1370,1826 1420,1826 1471,1827 1521,1827 1571,1828 1621,1828 1671,1828 1721,1828 1772,1827"/>
                <TextEquiv>
                    <Unicode>Dann gab es noch eine Pikanterie: Luise</Unicode>
                </TextEquiv>
            </TextLine>
            <TextLine id="r1l27" custom="readingOrder {index:26;}">
                <Coords points="684,1862 1772,1873 1734,1830 684,1838"/>
                <Baseline points="691,1858 744,1859 798,1860 852,1861 905,1862 959,1863 1013,1863 1066,1864 1120,1864 1174,1865 1228,1865 1281,1865 1335,1866 1389,1866 1442,1866 1496,1866 1550,1867 1603,1867 1657,1867 1711,1868 1765,1868"/>
                <TextEquiv>
                    <Unicode>Kartousch, die beliebteste Wiener Operettensoubrette, ist</Unicode>
                </TextEquiv>
            </TextLine>
            <TextLine id="r1l28" custom="readingOrder {index:27;}">
                <Coords points="691,1911 917,1919 970,1897 1027,1917 1219,1917 1219,1881 1129,1870 764,1871 747,1858 691,1874"/>
                <Baseline points="698,1899 723,1899 749,1899 775,1900 800,1900 826,1901 852,1901 877,1902 903,1902 929,1903 955,1903 980,1903 1006,1903 1032,1903 1057,1904 1083,1904 1109,1903 1134,1903 1160,1903 1186,1903 1212,1902"/>
                <TextEquiv>
                    <Unicode>im Schauspiel aufgetreten.</Unicode>
                </TextEquiv>
            </TextLine>
            <TextLine id="r1l29" custom="readingOrder {index:28;}">
                <Coords points="774,1940 1700,1968 1775,1934 1720,1907 1617,1932 1532,1904 1436,1930 1251,1901 774,1916"/>
                <Baseline points="780,1945 829,1946 878,1947 928,1948 977,1949 1027,1950 1076,1951 1125,1952 1175,1953 1224,1954 1274,1955 1323,1956 1372,1956 1422,1957 1471,1957 1521,1957 1570,1957 1619,1957 1669,1957 1718,1956 1768,1955"/>
                <TextEquiv>
                    <Unicode>Das Umgekehrte haben wir in Wien in diesem Spiel¬</Unicode>
                </TextEquiv>
            </TextLine>
            <TextLine id="r1l30" custom="readingOrder {index:29;}">
                <Coords points="681,1996 1696,2010 1787,1999 1788,1967 682,1950"/>
                <Baseline points="689,1987 743,1987 798,1986 852,1986 907,1987 961,1988 1016,1989 1070,1990 1125,1991 1179,1992 1234,1993 1289,1994 1343,1995 1398,1996 1452,1997 1507,1997 1561,1997 1616,1997 1670,1996 1725,1994 1780,1992"/>
                <TextEquiv>
                    <Unicode>fahr öfters erlebt; Künstler der ernsten Schauspielbühnen</Unicode>
                </TextEquiv>
            </TextLine>
            <TextLine id="r1l31" custom="readingOrder {index:30;}">
                <Coords points="690,2037 1626,2050 1778,2038 1779,1995 690,1998"/>
                <Baseline points="697,2029 750,2027 804,2027 858,2026 912,2026 965,2027 1019,2028 1073,2029 1127,2031 1180,2032 1234,2034 1288,2035 1342,2036 1395,2037 1449,2038 1503,2038 1557,2037 1610,2036 1664,2035 1718,2031 1772,2028"/>
                <TextEquiv>
                    <Unicode>gastierten in der Operette. Denn bei der großen Zahl der</Unicode>
                </TextEquiv>
            </TextLine>
            <TextLine id="r1l32" custom="readingOrder {index:31;}">
                <Coords points="685,2075 1750,2078 1782,2038 685,2039"/>
                <Baseline points="692,2065 746,2065 800,2065 854,2065 908,2066 962,2067 1016,2068 1071,2069 1125,2070 1179,2072 1233,2073 1287,2074 1341,2075 1395,2075 1450,2076 1504,2076 1558,2075 1612,2074 1666,2072 1720,2071 1775,2068"/>
                <TextEquiv>
                    <Unicode>Operettentheater ergeben sich immer wieder Lücken in der</Unicode>
                </TextEquiv>
            </TextLine>
            <TextLine id="r1l33" custom="readingOrder {index:32;}">
                <Coords points="684,2102 1765,2121 1784,2059 685,2075"/>
                <Baseline points="692,2102 746,2103 800,2104 854,2105 908,2105 963,2107 1017,2107 1071,2108 1125,2109 1179,2110 1234,2111 1288,2111 1342,2112 1396,2112 1450,2112 1505,2112 1559,2112 1613,2112 1667,2111 1721,2110 1776,2109"/>
                <TextEquiv>
                    <Unicode>Besetzung, zumal wenn eine hervorragende Novität in allem</Unicode>
                </TextEquiv>
            </TextLine>
            <TextLine id="r1l34" custom="readingOrder {index:33;}">
                <Coords points="692,2155 1789,2157 1789,2117 1743,2111 693,2117"/>
                <Baseline points="699,2141 753,2142 807,2143 861,2144 915,2145 969,2145 1023,2146 1078,2146 1132,2147 1186,2148 1240,2148 1294,2148 1348,2149 1402,2149 1457,2149 1511,2149 1565,2149 1619,2150 1673,2150 1727,2150 1782,2150"/>
                <TextEquiv>
                    <Unicode>erreichbaren Glanz der Darstellung in Szene gehen soll.</Unicode>
                </TextEquiv>
            </TextLine>
            <TextLine id="r1l35" custom="readingOrder {index:34;}">
                <Coords points="686,2170 1775,2188 1775,2156 1683,2147 686,2155"/>
                <Baseline points="693,2179 746,2180 800,2181 854,2181 908,2182 961,2183 1015,2184 1069,2185 1123,2185 1176,2186 1230,2187 1284,2187 1338,2188 1391,2188 1445,2188 1499,2188 1553,2188 1606,2188 1660,2187 1714,2186 1768,2185"/>
                <TextEquiv>
                    <Unicode>So waren denn heuer die Namen Otto Treßler,</Unicode>
                </TextEquiv>
            </TextLine>
            <TextLine id="r1l36" custom="readingOrder {index:35;}">
                <Coords points="677,2223 1779,2227 1724,2190 677,2195"/>
                <Baseline points="684,2222 738,2222 792,2222 847,2222 901,2222 956,2222 1010,2223 1064,2223 1119,2224 1173,2225 1228,2225 1282,2226 1336,2226 1391,2227 1445,2227 1500,2227 1554,2227 1608,2227 1663,2227 1717,2226 1772,2225"/>
                <TextEquiv>
                    <Unicode>Hans Thimig, Kurt Ehrle und andere, bei Schiller</Unicode>
                </TextEquiv>
            </TextLine>
            <TextLine id="r1l37" custom="readingOrder {index:36;}">
                <Coords points="692,2268 1783,2269 1783,2237 1709,2228 693,2224"/>
                <Baseline points="699,2262 752,2261 806,2260 860,2260 914,2260 968,2261 1022,2261 1075,2262 1129,2263 1183,2263 1237,2264 1291,2265 1345,2265 1399,2266 1452,2266 1506,2266 1560,2266 1614,2265 1668,2265 1722,2264 1776,2262"/>
                <TextEquiv>
                    <Unicode>und Goethe zu ziemlichen Ehren gekommene Kunstgenossen</Unicode>
                </TextEquiv>
            </TextLine>
            <TextLine id="r1l38" custom="readingOrder {index:37;}">
                <Coords points="686,2308 1783,2298 1665,2267 686,2268"/>
                <Baseline points="693,2302 747,2301 801,2300 855,2299 909,2299 963,2299 1017,2300 1072,2300 1126,2300 1180,2301 1234,2302 1288,2302 1342,2303 1396,2303 1451,2304 1505,2304 1559,2304 1613,2303 1667,2302 1721,2301 1776,2300"/>
                <TextEquiv>
                    <Unicode>auf den Theaterzetteln unserer Operettenbühnen zu lesen.</Unicode>
                </TextEquiv>
            </TextLine>
            <TextLine id="r1l39" custom="readingOrder {index:38;}">
                <Coords points="688,2336 1637,2358 1744,2353 1791,2307 688,2309"/>
                <Baseline points="695,2341 749,2340 803,2340 858,2340 912,2340 967,2340 1021,2340 1076,2341 1130,2341 1185,2342 1239,2342 1293,2343 1348,2343 1402,2343 1457,2343 1511,2343 1566,2342 1620,2341 1675,2339 1729,2337 1784,2335"/>
                <TextEquiv>
                    <Unicode>Die Schauspieler lockte die operettenmäßige Höhe des</Unicode>
                </TextEquiv>
            </TextLine>
            <TextLine id="r1l40" custom="readingOrder {index:39;}">
                <Coords points="691,2366 1783,2387 1783,2353 1697,2337 691,2336"/>
                <Baseline points="698,2379 751,2379 805,2379 859,2379 913,2379 967,2380 1021,2380 1075,2380 1129,2381 1183,2381 1237,2382 1290,2382 1344,2382 1398,2382 1452,2382 1506,2382 1560,2381 1614,2381 1668,2380 1722,2379 1776,2377"/>
                <TextEquiv>
                    <Unicode>Honorars; im übrigen hatten sie das Gefühl, mit diesen,</Unicode>
                </TextEquiv>
            </TextLine>
            <TextLine id="r1l41" custom="readingOrder {index:40;}">
                <Coords points="682,2410 1785,2427 1785,2384 682,2366"/>
                <Baseline points="689,2418 743,2418 797,2418 852,2417 906,2418 961,2418 1015,2418 1070,2419 1124,2419 1179,2420 1233,2420 1287,2420 1342,2421 1396,2421 1451,2421 1505,2421 1560,2421 1614,2420 1669,2420 1723,2419 1778,2417"/>
                <TextEquiv>
                    <Unicode>so tief unter ihrem gewohnten Niveau stehenden Aufgaben</Unicode>
                </TextEquiv>
            </TextLine>
            <TextLine id="r1l42" custom="readingOrder {index:41;}">
                <Coords points="679,2469 1787,2458 1746,2421 680,2409"/>
                <Baseline points="686,2460 740,2459 795,2457 850,2456 904,2456 959,2456 1014,2456 1068,2456 1123,2457 1178,2458 1233,2458 1287,2459 1342,2459 1397,2460 1451,2460 1506,2460 1561,2460 1615,2460 1670,2459 1725,2458 1780,2456"/>
                <TextEquiv>
                    <Unicode>im Handumdrehen fertig werden zu können. Aber es kam</Unicode>
                </TextEquiv>
            </TextLine>
            <TextLine id="r1l43" custom="readingOrder {index:42;}">
                <Coords points="691,2498 1667,2508 1776,2501 1776,2465 691,2469"/>
                <Baseline points="697,2496 750,2495 804,2495 857,2495 911,2495 965,2495 1018,2495 1072,2496 1125,2496 1179,2497 1233,2497 1286,2498 1340,2498 1393,2498 1447,2498 1501,2498 1554,2497 1608,2496 1661,2495 1715,2493 1769,2490"/>
                <TextEquiv>
                    <Unicode>nun etwas, das für den Theaterkenner sehr interessant war:</Unicode>
                </TextEquiv>
            </TextLine>
            <TextLine id="r1l44" custom="readingOrder {index:43;}">
                <Coords points="683,2536 1796,2555 1796,2500 683,2500"/>
                <Baseline points="690,2536 747,2534 805,2534 863,2534 921,2534 979,2534 1037,2535 1094,2535 1152,2536 1210,2537 1268,2537 1326,2537 1384,2537 1441,2537 1499,2536 1557,2534 1615,2532 1673,2529 1731,2525 1789,2520"/>
                <TextEquiv>
                    <Unicode>diese ausgezeichneten Schauspieler drehten und drehten ihre</Unicode>
                </TextEquiv>
            </TextLine>
            <TextLine id="r1l45" custom="readingOrder {index:44;}">
                <Coords points="690,2569 1784,2577 1784,2542 1679,2534 690,2536"/>
                <Baseline points="697,2571 751,2572 805,2572 859,2573 913,2573 967,2573 1021,2574 1075,2574 1129,2574 1183,2574 1237,2574 1291,2574 1345,2574 1399,2574 1453,2574 1507,2573 1561,2572 1615,2572 1669,2571 1723,2569 1777,2568"/>
                <TextEquiv>
                    <Unicode>erfahrenen Hände und wurden nicht fertig mit ihren</Unicode>
                </TextEquiv>
            </TextLine>
            <TextLine id="r1l46" custom="readingOrder {index:45;}">
                <Coords points="682,2614 1742,2622 1781,2575 682,2578"/>
                <Baseline points="688,2609 742,2610 796,2611 850,2611 905,2611 959,2612 1013,2612 1068,2612 1122,2612 1176,2612 1231,2611 1285,2611 1339,2611 1393,2611 1448,2610 1502,2610 1556,2610 1611,2610 1665,2610 1719,2610 1774,2610"/>
                <TextEquiv>
                    <Unicode>Rollen. Das heißt, sie erreichten nicht dieselbe Wirkung</Unicode>
                </TextEquiv>
            </TextLine>
            <TextLine id="r1l47" custom="readingOrder {index:46;}">
                <Coords points="675,2654 1781,2662 1780,2614 674,2613"/>
                <Baseline points="681,2648 735,2648 790,2649 844,2649 899,2649 954,2650 1008,2650 1063,2650 1118,2650 1172,2651 1227,2651 1282,2651 1336,2651 1391,2650 1446,2650 1500,2649 1555,2649 1610,2647 1664,2646 1719,2645 1774,2643"/>
                <TextEquiv>
                    <Unicode>wie ihre — mit einem leisen ironischen Lächeln betrachteten</Unicode>
                </TextEquiv>
            </TextLine>
            <TextLine id="r1l48" custom="readingOrder {index:47;}">
                <Coords points="761,2690 1792,2683 1731,2648 761,2657"/>
                <Baseline points="768,2684 818,2685 869,2687 920,2688 971,2688 1022,2689 1073,2689 1123,2689 1174,2689 1225,2689 1276,2688 1327,2688 1378,2687 1429,2687 1479,2686 1530,2686 1581,2686 1632,2685 1683,2685 1734,2685 1785,2686"/>
                <TextEquiv>
                    <Unicode>Kollegen von der Operette. Ob sie gerade ihr</Unicode>
                </TextEquiv>
            </TextLine>
            <TextLine id="r1l49" custom="readingOrder {index:48;}">
                <Coords points="683,2734 1728,2734 1789,2693 683,2700"/>
                <Baseline points="689,2730 743,2728 798,2728 852,2727 907,2727 962,2726 1016,2726 1071,2726 1126,2726 1180,2726 1235,2726 1290,2726 1344,2726 1399,2726 1454,2726 1508,2725 1563,2725 1618,2725 1672,2725 1727,2724 1782,2723"/>
                <TextEquiv>
                    <Unicode>kultivierterer Geschmack hemmte, ihre strengere schauspieleri¬</Unicode>
                </TextEquiv>
            </TextLine>
            <TextLine id="r1l50" custom="readingOrder {index:49;}">
                <Coords points="690,2769 1568,2785 1752,2773 1779,2730 690,2732"/>
                <Baseline points="697,2768 750,2767 804,2767 858,2766 912,2766 965,2765 1019,2765 1073,2765 1127,2765 1180,2765 1234,2765 1288,2765 1342,2765 1395,2765 1449,2765 1503,2765 1557,2765 1610,2765 1664,2764 1718,2764 1772,2763"/>
                <TextEquiv>
                    <Unicode>sche Disziplin, ihre künstlerische Scheu vor dem Parkett, das</Unicode>
                </TextEquiv>
            </TextLine>
            <TextLine id="r1l51" custom="readingOrder {index:50;}">
                <Coords points="692,2809 1787,2815 1786,2757 691,2774"/>
                <Baseline points="699,2805 753,2805 807,2805 861,2805 915,2804 969,2804 1023,2804 1077,2804 1131,2803 1185,2803 1239,2803 1293,2803 1347,2802 1401,2802 1455,2802 1509,2802 1563,2802 1617,2802 1671,2802 1725,2803 1780,2803"/>
                <TextEquiv>
                    <Unicode>die Kunst des Schauspiels wegleugnet und die Kunst der</Unicode>
                </TextEquiv>
            </TextLine>
            <TextLine id="r1l52" custom="readingOrder {index:51;}">
                <Coords points="691,2841 1667,2861 1773,2854 1773,2805 690,2808"/>
                <Baseline points="697,2843 750,2843 803,2843 857,2843 910,2843 964,2843 1017,2843 1071,2843 1124,2843 1178,2843 1231,2843 1284,2843 1338,2842 1391,2842 1445,2842 1498,2842 1552,2842 1605,2841 1659,2841 1712,2841 1766,2841"/>
                <TextEquiv>
                    <Unicode>Operette charmant umschmeichelt? Eins ist gewiß: es sind</Unicode>
                </TextEquiv>
            </TextLine>
            <TextLine id="r1l53" custom="readingOrder {index:52;}">
                <Coords points="688,2882 1614,2907 1785,2861 687,2838"/>
                <Baseline points="694,2884 748,2884 802,2883 856,2883 910,2882 965,2882 1019,2882 1073,2882 1127,2882 1181,2881 1236,2881 1290,2881 1344,2881 1398,2881 1452,2881 1507,2881 1561,2880 1615,2880 1669,2879 1723,2878 1778,2878"/>
                <TextEquiv>
                    <Unicode>zwei ganz verschiedene Techniken, die Darstellung des</Unicode>
                </TextEquiv>
            </TextLine>
            <TextLine id="r1l54" custom="readingOrder {index:53;}">
                <Coords points="683,2922 746,2938 1003,2919 1213,2936 1249,2921 1204,2887 683,2884"/>
                <Baseline points="690,2919 717,2920 745,2921 772,2921 800,2921 828,2921 855,2922 883,2921 911,2921 938,2921 966,2921 994,2921 1021,2921 1049,2920 1077,2920 1104,2920 1132,2920 1160,2921 1187,2921 1215,2922 1243,2922"/>
                <TextEquiv>
                    <Unicode>Schauspiels und der Operette.</Unicode>
                </TextEquiv>
            </TextLine>
            <TextLine id="r1l55" custom="readingOrder {index:54;}">
                <Coords points="762,2971 1753,2970 1774,2918 762,2931"/>
                <Baseline points="769,2959 818,2959 868,2959 918,2960 968,2960 1018,2960 1068,2960 1118,2961 1168,2961 1218,2962 1268,2962 1317,2962 1367,2962 1417,2962 1467,2962 1517,2961 1567,2961 1617,2960 1667,2959 1717,2958 1767,2956"/>
                <TextEquiv>
                    <Unicode>Nun hat also Fraulein Luise Kartousch einmal den</Unicode>
                </TextEquiv>
            </TextLine>
            <TextLine id="r1l56" custom="readingOrder {index:55;}">
                <Coords points="681,3001 1778,3004 1778,2966 681,2975"/>
                <Baseline points="687,2999 741,2998 795,2998 849,2998 904,2998 958,2998 1012,2998 1066,2999 1121,2999 1175,3000 1229,3000 1283,3001 1338,3001 1392,3001 1446,3001 1500,3001 1555,3001 1609,3000 1663,2999 1717,2998 1772,2996"/>
                <TextEquiv>
                    <Unicode>umgekehrten Weg versucht. Das ist kein Novum. Käthe</Unicode>
                </TextEquiv>
            </TextLine>
            <TextLine id="r1l57" custom="readingOrder {index:56;}">
                <Coords points="691,3053 1667,3048 1779,3013 690,3004"/>
                <Baseline points="698,3039 751,3038 805,3037 859,3037 912,3036 966,3037 1020,3037 1073,3037 1127,3038 1181,3038 1235,3039 1288,3039 1342,3039 1396,3039 1449,3039 1503,3038 1557,3038 1610,3036 1664,3034 1718,3032 1772,3028"/>
                <TextEquiv>
                    <Unicode>Dorsch ist ja ein höchst lebendiges Beispiel für die Zweck¬</Unicode>
                </TextEquiv>
            </TextLine>
            <TextLine id="r1l58" custom="readingOrder {index:57;}">
                <Coords points="691,3081 1501,3096 1743,3077 1782,3033 691,3053"/>
                <Baseline points="698,3078 751,3076 805,3076 859,3075 913,3075 967,3075 1021,3075 1074,3075 1128,3076 1182,3076 1236,3077 1290,3077 1344,3077 1398,3077 1451,3077 1505,3076 1559,3076 1613,3074 1667,3073 1721,3071 1775,3068"/>
                <TextEquiv>
                    <Unicode>mäßigkeit dieser Wegrichtung, ebenso Max Pallenberg und</Unicode>
                </TextEquiv>
            </TextLine>
            <TextLine id="r1l59" custom="readingOrder {index:58;}">
                <Coords points="683,3122 1779,3128 1779,3083 1737,3072 683,3087"/>
                <Baseline points="689,3115 743,3115 797,3115 851,3115 905,3115 959,3116 1013,3116 1068,3116 1122,3116 1176,3115 1230,3115 1284,3115 1338,3115 1392,3114 1447,3114 1501,3113 1555,3112 1609,3111 1663,3110 1717,3109 1772,3108"/>
                <TextEquiv>
                    <Unicode>Willi Thaller. Der kleine Ausflug ins Sittliche ist</Unicode>
                </TextEquiv>
            </TextLine>
            <TextLine id="r1l60" custom="readingOrder {index:59;}">
                <Coords points="678,3164 1685,3166 1779,3129 677,3125"/>
                <Baseline points="685,3155 739,3154 793,3154 848,3154 902,3154 956,3154 1011,3154 1065,3154 1119,3154 1174,3154 1228,3154 1282,3153 1337,3153 1391,3153 1445,3152 1500,3151 1554,3150 1608,3149 1663,3147 1717,3146 1772,3144"/>
                <TextEquiv>
                    <Unicode>Fräulein Kartousch sehr gut bekommen. Er fand gelegent¬</Unicode>
                </TextEquiv>
            </TextLine>
            <TextLine id="r1l61" custom="readingOrder {index:60;}">
                <Coords points="690,3188 1450,3208 1716,3198 1771,3159 690,3165"/>
                <Baseline points="696,3193 749,3193 802,3193 856,3193 909,3193 963,3193 1016,3193 1069,3193 1123,3193 1176,3193 1230,3193 1283,3192 1336,3192 1390,3192 1443,3191 1497,3191 1550,3190 1603,3189 1657,3188 1710,3187 1764,3186"/>
                <TextEquiv>
                    <Unicode>lich der von Dr. Beer im Raimundtheater be¬</Unicode>
                </TextEquiv>
            </TextLine>
            <TextLine id="r1l62" custom="readingOrder {index:61;}">
                <Coords points="688,3250 1783,3239 1783,3193 1683,3188 688,3193"/>
                <Baseline points="695,3233 749,3232 803,3232 857,3232 911,3232 965,3232 1019,3232 1073,3232 1127,3232 1181,3231 1235,3231 1289,3231 1343,3231 1397,3230 1451,3230 1505,3229 1559,3228 1613,3227 1667,3226 1721,3224 1776,3223"/>
                <TextEquiv>
                    <Unicode>sorgten Neuinszenierung von Arthur Schnitzlers</Unicode>
                </TextEquiv>
            </TextLine>
            <TextLine id="r1l63" custom="readingOrder {index:62;}">
                <Coords points="696,3274 1759,3274 1781,3237 695,3248"/>
                <Baseline points="702,3276 755,3274 809,3273 862,3272 916,3271 970,3271 1023,3270 1077,3270 1130,3270 1184,3270 1238,3270 1291,3269 1345,3269 1398,3269 1452,3269 1506,3268 1559,3268 1613,3267 1666,3266 1720,3264 1774,3263"/>
                <TextEquiv>
                    <Unicode>Schauspiel „Das Vermächtnis statt, die einen</Unicode>
                </TextEquiv>
            </TextLine>
            <TextLine id="r1l64" custom="readingOrder {index:63;}">
                <Coords points="693,3324 1755,3314 1786,3263 692,3276"/>
                <Baseline points="700,3315 756,3314 813,3312 870,3311 927,3310 983,3310 1040,3309 1097,3309 1154,3309 1211,3308 1267,3308 1324,3308 1381,3308 1438,3307 1495,3307 1551,3306 1608,3305 1665,3304 1722,3303 1779,3302"/>
                <TextEquiv>
                    <Unicode>Nachtrag zur Feier von Schnitzlers sechzigstem Geburtstag</Unicode>
                </TextEquiv>
            </TextLine>
            <TextLine id="r1l65" custom="readingOrder {index:64;}">
                <Coords points="689,3361 1782,3352 1731,3306 689,3326"/>
                <Baseline points="696,3352 750,3352 804,3351 858,3351 912,3350 966,3350 1020,3349 1074,3349 1128,3348 1182,3348 1236,3347 1290,3347 1344,3346 1398,3346 1452,3345 1506,3345 1560,3345 1614,3344 1668,3344 1722,3344 1776,3344"/>
                <TextEquiv>
                    <Unicode>bedeutete. Das Stück ist ein Jugendwerk des Dichters, sein</Unicode>
                </TextEquiv>
            </TextLine>
            <TextLine id="r1l66" custom="readingOrder {index:65;}">
                <Coords points="693,3388 1510,3402 1758,3391 1781,3350 693,3373"/>
                <Baseline points="700,3392 753,3390 807,3389 861,3388 914,3388 968,3387 1022,3387 1075,3386 1129,3386 1183,3385 1237,3385 1290,3385 1344,3384 1398,3384 1451,3384 1505,3383 1559,3383 1612,3382 1666,3382 1720,3381 1774,3380"/>
                <TextEquiv>
                    <Unicode>zweiter Erfolg am Burgtheater. Der Sohn eines vor¬</Unicode>
                </TextEquiv>
            </TextLine>
            <TextLine id="r1l67" custom="readingOrder {index:66;}">
                <Coords points="680,3426 1670,3435 1772,3428 1772,3386 680,3394"/>
                <Baseline points="687,3429 740,3428 794,3426 848,3425 902,3424 956,3424 1010,3424 1064,3424 1118,3424 1172,3424 1226,3424 1279,3424 1333,3424 1387,3423 1441,3423 1495,3423 1549,3422 1603,3421 1657,3419 1711,3417 1765,3415"/>
                <TextEquiv>
                    <Unicode>nehmen Bürgerhauses bittet sterbend seine Eltern, seine</Unicode>
                </TextEquiv>
            </TextLine>
            <TextLine id="r1l68" custom="readingOrder {index:67;}">
                <Coords points="686,3461 1600,3474 1750,3467 1774,3435 686,3437"/>
                <Baseline points="693,3463 746,3463 800,3463 854,3463 907,3463 961,3463 1015,3463 1068,3463 1122,3463 1176,3463 1230,3463 1283,3462 1337,3462 1391,3462 1444,3461 1498,3460 1552,3459 1605,3458 1659,3456 1713,3455 1767,3453"/>
                <TextEquiv>
                    <Unicode>Geliebte und sein Kind in ihr Haus aufzunehmen. Das</Unicode>
                </TextEquiv>
            </TextLine>
            <TextLine id="r1l69" custom="readingOrder {index:68;}">
                <Coords points="687,3508 1788,3509 1787,3448 687,3485"/>
                <Baseline points="695,3501 749,3501 803,3501 857,3501 912,3501 966,3501 1020,3501 1075,3501 1129,3501 1183,3500 1238,3500 1292,3500 1346,3499 1400,3498 1455,3498 1509,3497 1563,3496 1618,3494 1672,3493 1726,3491 1781,3490"/>
                <TextEquiv>
                    <Unicode>geschieht mit wortreicher Humanität und tiefem, innerem</Unicode>
                </TextEquiv>
            </TextLine>
            <TextLine id="r1l70" custom="readingOrder {index:69;}">
                <Coords points="690,3550 1781,3544 1742,3499 690,3508"/>
                <Baseline points="697,3539 750,3539 804,3539 858,3539 912,3539 966,3539 1020,3539 1073,3539 1127,3538 1181,3538 1235,3537 1289,3537 1343,3537 1397,3536 1450,3536 1504,3535 1558,3535 1612,3534 1666,3534 1720,3534 1774,3534"/>
                <TextEquiv>
                    <Unicode>Widerwillen. Dieser bricht vollends durch, als das Kind</Unicode>
                </TextEquiv>
            </TextLine>
            <TextLine id="r1l71" custom="readingOrder {index:70;}">
                <Coords points="688,3584 1783,3585 1734,3536 688,3553"/>
                <Baseline points="695,3581 749,3582 803,3582 857,3581 911,3581 965,3580 1019,3580 1073,3579 1127,3578 1181,3577 1235,3576 1289,3576 1343,3575 1397,3575 1451,3575 1505,3575 1559,3575 1613,3576 1667,3577 1721,3578 1776,3580"/>
                <TextEquiv>
                    <Unicode>stirbt; der Mutter des Kindes weist man die Tür. Die ganz</Unicode>
                </TextEquiv>
            </TextLine>
            <TextLine id="r1l72" custom="readingOrder {index:71;}">
                <Coords points="695,3632 1490,3627 1543,3614 1543,3586 694,3586"/>
                <Baseline points="702,3620 743,3620 785,3620 827,3619 868,3619 910,3619 952,3619 993,3618 1035,3618 1077,3617 1119,3617 1160,3616 1202,3616 1244,3615 1285,3615 1327,3614 1369,3614 1410,3613 1452,3613 1494,3613 1536,3613"/>
                <TextEquiv>
                    <Unicode>Vereinsamte folgt dem Geliebten in den Tod.</Unicode>
                </TextEquiv>
            </TextLine>
            <TextLine id="r1l73" custom="readingOrder {index:72;}">
                <Coords points="773,3666 1669,3667 1769,3623 772,3626"/>
                <Baseline points="780,3658 829,3658 878,3657 927,3657 976,3657 1025,3657 1074,3656 1124,3656 1173,3656 1222,3655 1271,3655 1320,3655 1369,3654 1418,3654 1468,3654 1517,3653 1566,3653 1615,3652 1664,3652 1713,3651 1763,3651"/>
                <TextEquiv>
                    <Unicode>Das in kurzen Worten der Inhalt. Man fühlt die Zu¬</Unicode>
                </TextEquiv>
            </TextLine>
            <TextLine id="r1l74" custom="readingOrder {index:73;}">
                <Coords points="688,3705 1781,3697 1780,3660 1740,3656 688,3672"/>
                <Baseline points="695,3700 748,3699 802,3698 856,3697 910,3697 964,3696 1018,3696 1072,3696 1126,3695 1180,3695 1234,3695 1287,3695 1341,3695 1395,3695 1449,3694 1503,3694 1557,3694 1611,3693 1665,3693 1719,3692 1773,3691"/>
                <TextEquiv>
                    <Unicode>sammengehörigkeit mit Schnitzlers frühen Werken; der</Unicode>
                </TextEquiv>
            </TextLine>
            <TextLine id="r1l75" custom="readingOrder {index:74;}">
                <Coords points="696,3754 1788,3735 1787,3697 1695,3689 695,3710"/>
                <Baseline points="702,3739 755,3737 809,3736 863,3735 917,3735 971,3734 1025,3734 1079,3734 1133,3734 1187,3734 1241,3734 1294,3734 1348,3733 1402,3733 1456,3733 1510,3732 1564,3732 1618,3731 1672,3730 1726,3728 1780,3727"/>
                <TextEquiv>
                    <Unicode>Protest gegen die Enge bürgerlicher Moralbegriffe, die Ver¬</Unicode>
                </TextEquiv>
            </TextLine>
            <TextLine id="r1l76" custom="readingOrder {index:75;}">
                <Coords points="688,3774 1682,3781 1774,3768 1774,3740 687,3748"/>
                <Baseline points="694,3778 747,3776 801,3775 855,3774 908,3774 962,3773 1016,3773 1069,3773 1123,3772 1177,3772 1231,3772 1284,3772 1338,3772 1392,3772 1445,3771 1499,3771 1553,3771 1606,3770 1660,3769 1714,3768 1768,3767"/>
                <TextEquiv>
                    <Unicode>klärung der freien Liebe — zugegeben, daß das alles heute</Unicode>
                </TextEquiv>
            </TextLine>
            <TextLine id="r1l77" custom="readingOrder {index:76;}">
                <Coords points="695,3822 1776,3802 1728,3768 694,3800"/>
                <Baseline points="702,3817 755,3816 808,3814 861,3813 915,3812 968,3812 1021,3811 1075,3810 1128,3810 1181,3810 1235,3809 1288,3809 1341,3809 1394,3808 1448,3808 1501,3808 1554,3807 1608,3807 1661,3806 1714,3805 1768,3804"/>
                <TextEquiv>
                    <Unicode>schon ein bißchen antiquiert wirkt, ein bißchen gar zu selbst¬</Unicode>
                </TextEquiv>
            </TextLine>
            <TextLine id="r1l78" custom="readingOrder {index:77;}">
                <Coords points="695,3858 1757,3854 1787,3817 695,3821"/>
                <Baseline points="702,3855 758,3854 815,3854 872,3853 929,3853 985,3852 1042,3851 1099,3850 1156,3849 1213,3849 1269,3848 1326,3847 1383,3846 1440,3846 1497,3845 1553,3845 1610,3845 1667,3845 1724,3845 1781,3845"/>
                <TextEquiv>
                    <Unicode>verständlich, zu evident, man darf nur nicht vergessen, daß</Unicode>
                </TextEquiv>
            </TextLine>
            <TextLine id="r1l79" custom="readingOrder {index:78;}">
                <Coords points="687,3892 1630,3896 1760,3884 1779,3842 687,3864"/>
                <Baseline points="694,3894 747,3894 801,3893 855,3892 909,3892 963,3891 1017,3890 1071,3890 1125,3889 1179,3888 1233,3888 1286,3887 1340,3886 1394,3885 1448,3884 1502,3884 1556,3882 1610,3881 1664,3880 1718,3879 1772,3878"/>
                <TextEquiv>
                    <Unicode>es ja auch Schnitzlers Verdienst ist, dieser natürlicheren Auf¬</Unicode>
                </TextEquiv>
            </TextLine>
            <TextLine id="r1l80" custom="readingOrder {index:79;}">
                <Coords points="699,3950 1788,3916 1753,3880 698,3902"/>
                <Baseline points="705,3936 758,3935 812,3933 866,3932 920,3931 974,3930 1027,3929 1081,3928 1135,3927 1189,3926 1243,3925 1296,3924 1350,3924 1404,3923 1458,3922 1512,3922 1565,3921 1619,3921 1673,3920 1727,3919 1781,3919"/>
                <TextEquiv>
                    <Unicode>fassung zur Geltung geholfen zu haben. Auch künstlerisch</Unicode>
                </TextEquiv>
            </TextLine>
            <TextLine id="r1l81" custom="readingOrder {index:80;}">
                <Coords points="698,3988 1783,3965 1782,3932 1683,3923 697,3952"/>
                <Baseline points="705,3974 758,3973 812,3972 865,3970 919,3969 972,3968 1026,3967 1079,3966 1133,3965 1186,3964 1240,3963 1293,3963 1347,3962 1400,3961 1454,3961 1507,3960 1561,3960 1614,3959 1668,3959 1721,3958 1775,3957"/>
                <TextEquiv>
                    <Unicode>gehört das Stück nicht zu Schnitzlers besten, gewiß nicht zu</Unicode>
                </TextEquiv>
            </TextLine>
            <TextLine id="r1l82" custom="readingOrder {index:81;}">
                <Coords points="687,4020 1781,3983 687,3988"/>
                <Baseline points="695,4014 751,4011 808,4009 865,4008 922,4006 978,4005 1035,4004 1092,4003 1149,4002 1206,4002 1262,4001 1319,4001 1376,4000 1433,4000 1490,3999 1546,3998 1603,3997 1660,3996 1717,3994 1774,3993"/>
                <TextEquiv>
                    <Unicode>seinen lebendigsten Werken. Aber der Geschmack des künst¬</Unicode>
                </TextEquiv>
            </TextLine>
            <TextLine id="r1l83" custom="readingOrder {index:82;}">
                <Coords points="692,4060 1777,4045 1777,3988 692,4022"/>
                <Baseline points="699,4048 752,4047 806,4046 859,4045 913,4044 966,4044 1020,4043 1073,4042 1127,4042 1180,4041 1234,4040 1288,4040 1341,4039 1395,4038 1448,4038 1502,4036 1555,4036 1609,4035 1662,4033 1716,4032 1770,4031"/>
                <TextEquiv>
                    <Unicode>lerischen Vortrags und die warme Menschlichkeit seines</Unicode>
                </TextEquiv>
            </TextLine>
            <TextLine id="r1l84" custom="readingOrder {index:83;}">
                <Coords points="690,4084 1767,4091 1779,4044 689,4062"/>
                <Baseline points="696,4085 749,4085 803,4084 857,4084 911,4083 965,4083 1018,4082 1072,4082 1126,4081 1180,4081 1234,4080 1287,4079 1341,4078 1395,4078 1449,4076 1503,4076 1556,4074 1610,4073 1664,4071 1718,4070 1772,4068"/>
                <TextEquiv>
                    <Unicode>Gefühls sichern ihm auch heute noch die Teilnahme eines</Unicode>
                </TextEquiv>
            </TextLine>
            <TextLine id="r1l85" custom="readingOrder {index:84;}">
                <Coords points="700,4142 1781,4110 1681,4076 699,4099"/>
                <Baseline points="706,4121 759,4121 812,4122 866,4122 919,4122 972,4122 1026,4122 1079,4122 1132,4121 1186,4120 1239,4120 1292,4119 1346,4118 1399,4118 1452,4117 1506,4116 1559,4115 1612,4114 1666,4113 1719,4112 1773,4111"/>
                <TextEquiv>
                    <Unicode>denkenden Publikums. In Wien war diese Teilnahme,</Unicode>
                </TextEquiv>
            </TextLine>
            <TextLine id="r1l86" custom="readingOrder {index:85;}">
                <Coords points="1716,4140 1723,4139 1725,4136 1730,4139 1731,4141 1733,4141 1738,4134 1746,4135 1743,4115 1734,4117 1732,4115 1727,4116 1726,4118 1723,4117 1720,4120 1713,4121"/>
                <Baseline points="1723,4143 1740,4141"/>
                <TextEquiv>
                    <Unicode>L</Unicode>
                </TextEquiv>
            </TextLine>
            <TextLine id="r1l87" custom="readingOrder {index:86;}">
                <Coords points="1336,4161 1353,4162 1371,4142 1384,4144 1393,4141 1408,4145 1406,4118 1391,4120 1385,4124 1378,4122 1374,4124 1370,4120 1359,4123 1350,4116 1344,4120 1331,4120"/>
                <Baseline points="1342,4152 1372,4144 1402,4144"/>
                <TextEquiv>
                    <Unicode>Ur</Unicode>
                </TextEquiv>
            </TextLine>
            <TextEquiv>
                <Unicode>box 16/6
d
10. baschtnis
22
Doeren Zeilung,

 S
Wiener Theater.
Aus Wien schreibt uns unser L. F.=Korrespondent:
Das Thermometer steigt wie die fremde Valuta —
stürmisch nennt das der poetische Jargon des Tages — aber
die Theatersaissn yerliert nicht an Intexesse. Im Gegen¬
teil; sie hatssich füt diese spckten Tageein paar Pikanterien
aufgespart, (die dench## wrste werden. So vor allem
die „Kiki7 dex Flau Hathe Dorsch, die hier ihr
Publikum ebonsg bezaubert wie in Berlin und von dieser
enthusiastischen, Empfänglichkeit vermutlich ebenso bezaubert
ist wie in ihrer künstlerischen Heimat. Und dann die sehr
geschätzten Mitbringgeschenke ihrer Berliner Kollegen, die
jetzt in Wien gastlich zusammen kamen und sich jede Woche
in einer neuen Rolle zeigen: Max Gulstorff, Ernst
Stahl=Nachbaur und vor allem Moissi, Moissi,
Moissi! Er macht derzeit halb Wien verrückt, sämtliche
Wienerinnen und einen genügenden Teil der Wiener-
Kritik.
Dann gab es noch eine Pikanterie: Luise
Kartousch, die beliebteste Wiener Operettensoubrette, ist
im Schauspiel aufgetreten.
Das Umgekehrte haben wir in Wien in diesem Spiel¬
fahr öfters erlebt; Künstler der ernsten Schauspielbühnen
gastierten in der Operette. Denn bei der großen Zahl der
Operettentheater ergeben sich immer wieder Lücken in der
Besetzung, zumal wenn eine hervorragende Novität in allem
erreichbaren Glanz der Darstellung in Szene gehen soll.
So waren denn heuer die Namen Otto Treßler,
Hans Thimig, Kurt Ehrle und andere, bei Schiller
und Goethe zu ziemlichen Ehren gekommene Kunstgenossen
auf den Theaterzetteln unserer Operettenbühnen zu lesen.
Die Schauspieler lockte die operettenmäßige Höhe des
Honorars; im übrigen hatten sie das Gefühl, mit diesen,
so tief unter ihrem gewohnten Niveau stehenden Aufgaben
im Handumdrehen fertig werden zu können. Aber es kam
nun etwas, das für den Theaterkenner sehr interessant war:
diese ausgezeichneten Schauspieler drehten und drehten ihre
erfahrenen Hände und wurden nicht fertig mit ihren
Rollen. Das heißt, sie erreichten nicht dieselbe Wirkung
wie ihre — mit einem leisen ironischen Lächeln betrachteten
Kollegen von der Operette. Ob sie gerade ihr
kultivierterer Geschmack hemmte, ihre strengere schauspieleri¬
sche Disziplin, ihre künstlerische Scheu vor dem Parkett, das
die Kunst des Schauspiels wegleugnet und die Kunst der
Operette charmant umschmeichelt? Eins ist gewiß: es sind
zwei ganz verschiedene Techniken, die Darstellung des
Schauspiels und der Operette.
Nun hat also Fraulein Luise Kartousch einmal den
umgekehrten Weg versucht. Das ist kein Novum. Käthe
Dorsch ist ja ein höchst lebendiges Beispiel für die Zweck¬
mäßigkeit dieser Wegrichtung, ebenso Max Pallenberg und
Willi Thaller. Der kleine Ausflug ins Sittliche ist
Fräulein Kartousch sehr gut bekommen. Er fand gelegent¬
lich der von Dr. Beer im Raimundtheater be¬
sorgten Neuinszenierung von Arthur Schnitzlers
Schauspiel „Das Vermächtnis statt, die einen
Nachtrag zur Feier von Schnitzlers sechzigstem Geburtstag
bedeutete. Das Stück ist ein Jugendwerk des Dichters, sein
zweiter Erfolg am Burgtheater. Der Sohn eines vor¬
nehmen Bürgerhauses bittet sterbend seine Eltern, seine
Geliebte und sein Kind in ihr Haus aufzunehmen. Das
geschieht mit wortreicher Humanität und tiefem, innerem
Widerwillen. Dieser bricht vollends durch, als das Kind
stirbt; der Mutter des Kindes weist man die Tür. Die ganz
Vereinsamte folgt dem Geliebten in den Tod.
Das in kurzen Worten der Inhalt. Man fühlt die Zu¬
sammengehörigkeit mit Schnitzlers frühen Werken; der
Protest gegen die Enge bürgerlicher Moralbegriffe, die Ver¬
klärung der freien Liebe — zugegeben, daß das alles heute
schon ein bißchen antiquiert wirkt, ein bißchen gar zu selbst¬
verständlich, zu evident, man darf nur nicht vergessen, daß
es ja auch Schnitzlers Verdienst ist, dieser natürlicheren Auf¬
fassung zur Geltung geholfen zu haben. Auch künstlerisch
gehört das Stück nicht zu Schnitzlers besten, gewiß nicht zu
seinen lebendigsten Werken. Aber der Geschmack des künst¬
lerischen Vortrags und die warme Menschlichkeit seines
Gefühls sichern ihm auch heute noch die Teilnahme eines
denkenden Publikums. In Wien war diese Teilnahme,
L
Ur</Unicode>
            </TextEquiv>
        </TextRegion>
        <TextRegion orientation="0.0" id="r2" custom="readingOrder {index:1;}">
            <Coords points="1807,975 1807,1696 2912,1696 2912,975"/>
            <TextLine id="r2l1" custom="readingOrder {index:0;}">
                <Coords points="2001,1007 2723,1009 2723,973 2688,954 2496,975 2415,947 2001,937"/>
                <Baseline points="2008,995 2043,996 2078,997 2114,998 2149,999 2184,999 2220,1000 2255,1000 2290,1001 2326,1001 2361,1001 2396,1001 2432,1001 2467,1001 2502,1001 2538,1001 2573,1000 2608,1000 2644,1000 2679,1000 2715,1000"/>
                <TextEquiv>
                    <Unicode>—Prrre——</Unicode>
                </TextEquiv>
            </TextLine>
            <TextLine id="r2l2" custom="readingOrder {index:1;}">
                <Coords points="1822,1067 2907,1084 2907,1035 2851,1028 1822,1020"/>
                <Baseline points="1829,1060 1882,1061 1936,1063 1989,1063 2043,1064 2096,1064 2150,1065 2203,1065 2257,1065 2310,1065 2364,1065 2418,1065 2471,1065 2525,1065 2578,1065 2632,1065 2685,1065 2739,1066 2792,1066 2846,1067 2900,1068"/>
                <TextEquiv>
                    <Unicode>einem bereits tatsächlich erfolgten Abkommen beruht, in die</Unicode>
                </TextEquiv>
            </TextLine>
            <TextLine id="r2l3" custom="readingOrder {index:2;}">
                <Coords points="1820,1097 2899,1106 2811,1066 1820,1076"/>
                <Baseline points="1827,1100 1880,1100 1933,1101 1986,1101 2040,1102 2093,1103 2146,1103 2200,1104 2253,1104 2306,1105 2360,1105 2413,1105 2466,1106 2519,1106 2573,1105 2626,1105 2679,1104 2733,1104 2786,1103 2839,1101 2893,1100"/>
                <TextEquiv>
                    <Unicode>Erscheinung treten soll. Es dürfte sich, nach den Mit¬</Unicode>
                </TextEquiv>
            </TextLine>
            <TextLine id="r2l4" custom="readingOrder {index:3;}">
                <Coords points="1819,1146 2905,1139 2905,1103 1819,1099"/>
                <Baseline points="1825,1139 1878,1140 1932,1140 1985,1141 2039,1142 2093,1142 2146,1143 2200,1144 2254,1144 2307,1144 2361,1144 2415,1145 2468,1144 2522,1144 2576,1144 2629,1143 2683,1142 2737,1141 2790,1140 2844,1138 2898,1136"/>
                <TextEquiv>
                    <Unicode>teilungen Direktor Bernaus, um ein Austauschver¬</Unicode>
                </TextEquiv>
            </TextLine>
            <TextLine id="r2l5" custom="readingOrder {index:4;}">
                <Coords points="1813,1199 2874,1194 2893,1154 1813,1148"/>
                <Baseline points="1819,1176 1872,1177 1925,1178 1978,1179 2032,1180 2085,1181 2138,1181 2192,1181 2245,1182 2298,1182 2352,1182 2405,1182 2458,1182 2511,1182 2565,1182 2618,1182 2671,1181 2725,1181 2778,1181 2831,1181 2885,1181"/>
                <TextEquiv>
                    <Unicode>fahren handeln, das da wie dort den Spielplan beleben und</Unicode>
                </TextEquiv>
            </TextLine>
            <TextLine id="r2l6" custom="readingOrder {index:5;}">
                <Coords points="1819,1230 2896,1217 2896,1190 2801,1181 1819,1186"/>
                <Baseline points="1826,1214 1879,1216 1932,1217 1985,1218 2038,1219 2091,1220 2144,1221 2198,1221 2251,1221 2304,1222 2357,1222 2410,1222 2463,1222 2516,1222 2570,1222 2623,1222 2676,1221 2729,1221 2782,1221 2835,1222 2889,1222"/>
                <TextEquiv>
                    <Unicode>ergänzen soll. Aber nicht nur einzelne Schauspieler sollen</Unicode>
                </TextEquiv>
            </TextLine>
            <TextLine id="r2l7" custom="readingOrder {index:6;}">
                <Coords points="1804,1261 2890,1269 2890,1226 2759,1217 1805,1233"/>
                <Baseline points="1812,1254 1865,1255 1919,1255 1972,1256 2026,1256 2079,1257 2133,1258 2186,1258 2240,1259 2293,1259 2347,1260 2401,1260 2454,1260 2508,1260 2561,1261 2615,1261 2668,1260 2722,1260 2775,1260 2829,1259 2883,1258"/>
                <TextEquiv>
                    <Unicode>als Austauschprofessoren funktionieren; ganze Inszenie¬</Unicode>
                </TextEquiv>
            </TextLine>
            <TextLine id="r2l8" custom="readingOrder {index:7;}">
                <Coords points="1812,1295 2893,1316 2894,1269 1813,1270"/>
                <Baseline points="1820,1293 1873,1293 1926,1294 1979,1294 2033,1295 2086,1295 2139,1296 2193,1296 2246,1297 2299,1297 2353,1297 2406,1298 2459,1298 2512,1298 2566,1298 2619,1298 2672,1298 2726,1298 2779,1297 2832,1297 2886,1296"/>
                <TextEquiv>
                    <Unicode>rungen werden den Weg hinüber und herüber finden,</Unicode>
                </TextEquiv>
            </TextLine>
            <TextLine id="r2l9" custom="readingOrder {index:8;}">
                <Coords points="1825,1341 2893,1342 2851,1300 1825,1301"/>
                <Baseline points="1832,1330 1884,1331 1937,1332 1990,1333 2042,1334 2095,1334 2148,1335 2200,1335 2253,1336 2306,1336 2359,1336 2411,1337 2464,1337 2517,1337 2569,1337 2622,1337 2675,1337 2727,1337 2780,1337 2833,1336 2886,1336"/>
                <TextEquiv>
                    <Unicode>Direktor Bernau hat sich verpflichtet, einige Stücke in</Unicode>
                </TextEquiv>
            </TextLine>
            <TextLine id="r2l10" custom="readingOrder {index:9;}">
                <Coords points="1818,1374 2907,1378 2872,1338 1818,1338"/>
                <Baseline points="1825,1369 1878,1370 1932,1371 1986,1372 2040,1373 2093,1373 2147,1374 2201,1374 2255,1374 2308,1374 2362,1375 2416,1375 2470,1374 2523,1374 2577,1374 2631,1374 2685,1373 2738,1373 2792,1372 2846,1372 2900,1371"/>
                <TextEquiv>
                    <Unicode>Berlin zu inszenieren, Regisseure des Deutschen Theaters</Unicode>
                </TextEquiv>
            </TextLine>
            <TextLine id="r2l11" custom="readingOrder {index:10;}">
                <Coords points="1824,1422 2858,1424 2896,1382 1824,1385"/>
                <Baseline points="1831,1408 1883,1409 1936,1409 1989,1410 2042,1411 2095,1411 2148,1411 2201,1411 2254,1411 2307,1411 2360,1411 2412,1411 2465,1411 2518,1411 2571,1411 2624,1410 2677,1410 2730,1410 2783,1410 2836,1410 2889,1410"/>
                <TextEquiv>
                    <Unicode>werden bei uns zu Gaste sein, bis zur Geltung des Ver¬</Unicode>
                </TextEquiv>
            </TextLine>
            <TextLine id="r2l12" custom="readingOrder {index:11;}">
                <Coords points="1812,1460 2875,1467 2899,1432 1812,1420"/>
                <Baseline points="1819,1448 1872,1448 1926,1449 1979,1449 2033,1449 2087,1450 2140,1450 2194,1450 2247,1450 2301,1451 2355,1451 2408,1451 2462,1451 2515,1451 2569,1451 2623,1451 2676,1451 2730,1451 2783,1451 2837,1450 2891,1450"/>
                <TextEquiv>
                    <Unicode>trages, die am 1. Arpil 1923 beginnt, soll die beiden</Unicode>
                </TextEquiv>
            </TextLine>
            <TextLine id="r2l13" custom="readingOrder {index:12;}">
                <Coords points="1811,1491 2890,1489 2748,1449 1811,1462"/>
                <Baseline points="1817,1487 1870,1487 1923,1488 1977,1488 2030,1489 2083,1489 2137,1489 2190,1489 2243,1490 2297,1490 2350,1490 2403,1490 2457,1489 2510,1489 2563,1489 2617,1489 2670,1488 2723,1488 2777,1487 2830,1487 2884,1486"/>
                <TextEquiv>
                    <Unicode>Unternehmungen „ein amikales Verhältnis“ umschließen.</Unicode>
                </TextEquiv>
            </TextLine>
            <TextLine id="r2l14" custom="readingOrder {index:13;}">
                <Coords points="1818,1538 2864,1539 2905,1500 1818,1502"/>
                <Baseline points="1825,1525 1878,1526 1932,1526 1985,1527 2039,1527 2093,1528 2146,1528 2200,1528 2254,1529 2307,1529 2361,1529 2415,1529 2468,1529 2522,1528 2576,1528 2629,1528 2683,1528 2737,1528 2790,1527 2844,1527 2898,1526"/>
                <TextEquiv>
                    <Unicode>Klar ist es, daß diese Abmachungen für beide Theater</Unicode>
                </TextEquiv>
            </TextLine>
            <TextLine id="r2l15" custom="readingOrder {index:14;}">
                <Coords points="1816,1571 2850,1580 2901,1531 1816,1538"/>
                <Baseline points="1823,1564 1876,1564 1930,1564 1983,1565 2037,1565 2090,1565 2144,1566 2197,1566 2251,1566 2304,1567 2358,1567 2412,1567 2465,1567 2519,1567 2572,1568 2626,1568 2679,1567 2733,1567 2786,1567 2840,1567 2894,1566"/>
                <TextEquiv>
                    <Unicode>wesentliche materielle Vorteile mit sich bringen; denn der</Unicode>
                </TextEquiv>
            </TextLine>
            <TextLine id="r2l16" custom="readingOrder {index:15;}">
                <Coords points="1804,1608 2840,1619 2903,1605 2903,1565 1804,1577"/>
                <Baseline points="1811,1603 1865,1604 1919,1604 1973,1604 2028,1605 2082,1605 2136,1606 2190,1606 2245,1606 2299,1606 2353,1607 2407,1607 2462,1607 2516,1607 2570,1607 2624,1607 2679,1607 2733,1607 2787,1607 2841,1607 2896,1607"/>
                <TextEquiv>
                    <Unicode>Austausch unbeschäftigter Mitglieder entlastet das einzelne</Unicode>
                </TextEquiv>
            </TextLine>
            <TextLine id="r2l17" custom="readingOrder {index:16;}">
                <Coords points="1800,1636 2694,1671 2920,1644 2819,1609 1800,1611"/>
                <Baseline points="1807,1642 1862,1643 1917,1644 1972,1645 2028,1646 2083,1647 2138,1647 2193,1647 2249,1647 2304,1648 2359,1648 2414,1647 2470,1647 2525,1647 2580,1647 2635,1647 2691,1646 2746,1646 2801,1646 2856,1646 2912,1646"/>
                <TextEquiv>
                    <Unicode>Unternehmen von der Honorierung eines ihm momentan</Unicode>
                </TextEquiv>
            </TextLine>
            <TextLine id="r2l18" custom="readingOrder {index:17;}">
                <Coords points="1812,1690 1851,1688 1885,1707 1981,1687 1998,1700 2204,1694 2220,1689 2221,1656 2149,1645 1933,1658 1905,1646 1813,1664"/>
                <Baseline points="1820,1679 1846,1679 1872,1680 1898,1680 1925,1681 1951,1682 1977,1683 2003,1683 2030,1684 2056,1685 2082,1685 2108,1686 2135,1686 2161,1686 2187,1686 2214,1686"/>
                <TextEquiv>
                    <Unicode>unnützen Mitgliedes.</Unicode>
                </TextEquiv>
            </TextLine>
            <TextEquiv>
                <Unicode>—Prrre——
einem bereits tatsächlich erfolgten Abkommen beruht, in die
Erscheinung treten soll. Es dürfte sich, nach den Mit¬
teilungen Direktor Bernaus, um ein Austauschver¬
fahren handeln, das da wie dort den Spielplan beleben und
ergänzen soll. Aber nicht nur einzelne Schauspieler sollen
als Austauschprofessoren funktionieren; ganze Inszenie¬
rungen werden den Weg hinüber und herüber finden,
Direktor Bernau hat sich verpflichtet, einige Stücke in
Berlin zu inszenieren, Regisseure des Deutschen Theaters
werden bei uns zu Gaste sein, bis zur Geltung des Ver¬
trages, die am 1. Arpil 1923 beginnt, soll die beiden
Unternehmungen „ein amikales Verhältnis“ umschließen.
Klar ist es, daß diese Abmachungen für beide Theater
wesentliche materielle Vorteile mit sich bringen; denn der
Austausch unbeschäftigter Mitglieder entlastet das einzelne
Unternehmen von der Honorierung eines ihm momentan
unnützen Mitgliedes.</Unicode>
            </TextEquiv>
        </TextRegion>
    </Page>
</PcGts>
