3436 4320
1278 102 2318 146 dagegen Posen 2, Pommern 3, Westpreußen 2.
1035 100 1199 164 eben.
1280 143 2333 189 Stärker wird dieser Gegensatz noch, wenn wir noch
1041 162 1240 215 e. Kaum
1277 189 2323 232 die Verlagsorte mit mindestens zwei aber unter vier
1049 208 1246 265 das nicht
1275 229 2330 282 Zeitungen hinzunehmen. Von diesen entfallen nämlich auf
1027 253 1243 308 der über
1276 271 2324 318 Rheinland 57, auf Schlesien 43, auf Provinz Sachsen
1038 298 1243 353 chung an¬
1265 317 2323 357 34, auf Königreich Sachsen 45, dagegen auf Ost¬
1052 334 1245 395 in jeder
1279 355 2319 419 preußen 15, auf Posen 15, auf Pommern 18, auf
1025 380 1251 436 ist so ent¬
1269 402 2331 456 Westpreußen 13. Auf der anderen Seite ist interessant,
1026 421 1248 482 icht seiner
1264 448 2320 494 zu beobachten, wie im Gegensatz zu diesen mehr oder
1030 470 1234 538 igen durch
1267 486 2325 535 weniger bedeutenden Verlagszentren selbst ganz kleine
1266 526 2324 579 Orte eine eigene Zeitung haben. So besitzen von den
1026 545 1235 616 he Presse
1262 573 2321 622 1884 Zeitungsverlagsorten nicht weniger als 177 Orte
1028 599 1235 657 fast gänz¬
1261 630 2327 670 eine Einwohnerzahl, die die Höhe von 2000 nicht
1023 641 1240 701 geht eine
1267 661 2325 717 erreicht. Von ihnen entfallen nicht weniger als 53
1034 687 1248 738 über den
1266 714 2331 766 allein auf Bayern, 15 auf Schleswig=Holstein und 12
1026 729 1238 784 r jährlich
1267 751 1975 806 auf die thüringischen Fürstenthümer.
1036 774 1250 826 nchem der
1336 787 2320 838 Auch die Zahl der Einwohner im Verhältniß zu der
1037 818 1247 872 über den
1269 839 2331 891 Anzahl der Zeitungen ist in den einzelnen Staaten
1049 854 1234 916 sich sieht,
1276 880 2329 933 eine verschiedene. Durchschnittlich kommt, wie wir oben
1039 904 1250 961 utendsten
1274 914 2327 972 sahen, im Deutschen Reich eine Zeitung auf 15 354
1038 949 1238 998 inreichen
1276 970 2326 1021 Einwohner. Die Gebiete, welche am weitesten sich von
1045 993 1243 1048 Nenschen¬
1260 1014 2326 1057 diesem Durchschnitt entfernen, sind die folgenden: In
1043 1036 1245 1096 te Kerle,
1257 1061 2331 1112 Schleswig=Holstein kommt eine Zeitung bereits auf
1257 1105 2316 1159 10 126 Einwohner, in den thüringischen Staaten auf
1040 1115 1237 1175 abus um
1271 1141 2326 1190 10 341, in Mecklenburg sogar schon auf 9333, dagegen
1054 1167 1234 1220 Und die
1268 1189 2319 1243 in Ostpreußen erst auf 23 069, in Westpreußen auf
1045 1214 1239 1271 chäft zu
1260 1235 2321 1286 22 985 und in Elsaß=Lothringen gar erst auf 29 836.
1062 1254 1235 1311 aufrecht
1261 1280 2316 1322 Wahrscheinlich ist diese für Elsaß=Lothringen so un¬
1056 1300 1236 1358 ist dieses
1256 1319 2322 1396 günstige Zahl auf die Einfuhr französischer Zeitungen
1045 1340 1241 1403 nan fast
1267 1371 1855 1423 aus Frankreich zurückzuführen.
1082 1388 1237 1442 von so
1328 1408 2317 1453 Betrachten wir nunmehr die Häufigkeit ihres Er¬
1078 1431 1243 1488 erfolg¬
1267 1455 2325 1507 scheinens für die Woche. Die Zeitungen, die nur einmal
1043 1474 1246 1534 zeitungs¬
1256 1503 2321 1540 wöchentlich erscheinen, sind verhältnißmäßig stark ver¬
1095 1521 1245 1574 einem
1249 1538 2328 1601 treten in Schlesien mit 31 v. H., in Ostpreußen mit
1045 1555 1245 1620 die sich
1248 1573 2328 1639 21 v. H., in Posen mit 18 v. H., in Westpreußen
1035 1608 1237 1660 seits der
1260 1635 2325 1682 mit 21 v. H. und wiederum in den Reichslanden mit
1036 1648 1234 1709 igen Er¬
1255 1670 2335 1724 20 v. H. Auch die zweimal wöchentlich erscheinenden
1043 1687 1245 1752 erringert
1266 1719 2331 1764 Zeitungen sind in diesen Gebieten noch zahlreich vor¬
1091 1740 1232 1789 in der
1264 1759 2327 1804 handen, nämlich in Schlesien 30 v. H., in Ostpreußen
1038 1781 1236 1834 Ueberblick
1261 1808 2316 1855 27 v. H., in Posen 36 v. H., in Westpreußen 29 v. H.,
1040 1822 1242 1889 deutschen
1263 1855 2319 1905 in Elsaß=Lothringen 23 v. H.; ferner verzeichenen noch
1263 1896 2323 1943 zweimal wöchentlich erscheinende Zeitungen Hessen
1030 1895 1237 1968 n April¬
1266 1932 2323 1990 48 v. H. und Mecklenburg 36 v. H. Die sechsmal
1032 1954 1233 2012 National¬
1264 1983 2321 2043 und häufiger erscheinenden Zeitungen stellten dagegen
1034 2000 1239 2059 tikel die
1263 2033 2320 2083 in folgenden Gebieten beträchtliche Kontingente. Thürin¬
1035 2048 1238 2105 über die
1256 2067 2314 2109 gische Staaten 40 v. H., Baden 44 v. H., Württem¬
1041 2089 1245 2147 mmerhin
1261 2117 2321 2169 berg 38 v. H., Bayern 48 v. H., Pommern 47 v. H.
1045 2135 1234 2191 sammen¬
1256 2162 2325 2213 In den übrigen Gebieten vertheilt es sich mehr gleich¬
1047 2180 1245 2238 Angaben
1261 2199 2315 2259 mäßig. Natürlich sind in den großen Städten die häufig
1050 2223 1239 2296 sollen in
1266 2251 2317 2296 erscheinenden Zeitungen bei Weitem in der Mehrzahl.
1261 2296 2317 2341 So nehmen die sechs Mal und häufiger erscheinenden
1044 2295 1245 2376 gesammt
1267 2337 2317 2381 Blätter in Berlin allein 65 v. H. ein. Beinahe ein
1044 2356 1242 2411 ner eine
1263 2382 2315 2426 Vieriel der Berliner Zeitungen erscheinen sogar 12 oder
1040 2396 1233 2455 ien und
1257 2425 2314 2482 13 Mal in der Woche. In den freien Städten beträgt
1047 2445 1235 2506 niedrige
1252 2470 2312 2517 das Kontingent der sechs Mal und häufiger erscheinenden
1041 2491 1235 2545 nen eine
1265 2513 1765 2568 Zeitungen sogar 74 v. H.
1038 2531 1232 2589 hl zwölf
1331 2549 2315 2609 Wie das häufigste Erscheinen, so werden wir natür¬
1046 2575 1232 2634 hiernach
1264 2592 2323 2656 lich auch die höchsten Auflagen in den großen Städten
1054 2620 1237 2682 ier nicht
1259 2646 2317 2707 finden. So haben in Berlin 80 v. H. der dortigen
1080 2660 1233 2721 gleich¬
1259 2699 2309 2745 Zeitungen eine Auflage von mehr als 7000, 65 v. H.
1075 2714 1235 2772 e ganz
1261 2728 2315 2780 mehr als 15000 und 40 v. H. mehr als 30 000.*) In
1121 2759 1241 2809 ver¬
1257 2784 2317 2843 den freien Städten haben 60 v. H. über 7000 Abonnenten
1096 2800 1228 2856 ganze
1258 2819 1802 2870 und 40 v. H. über 15000.
1137 2843 1244 2894 der
1322 2855 2317 2905 Gegenüber diesen so hohen Auflageziffern fällt die
1062 2883 1230 2945 4 Ver¬
1251 2904 2307 2968 breite Masse der Zeitungsauflagen etwas niedriger aus,
1049 2919 1233 2983 n nicht
1262 2956 2309 3008 als der theoretische Durchschnitt. Beinahe die Hälfte
1079 2975 1132 3024 r
1127 2974 1240 3026 doch
1260 2992 2319 3045 aller Zeitungen bewegen sich in der Auflagehöhe zwischen
1069 3016 1229 3075 öchent¬
1250 3038 2309 3099 900 und 3000 Exemplaren. Beinahe ein Viertel aller
1059 3061 1231 3112 tal die
1264 3079 2316 3143 Zeitungen zeigen eine Auflagehöhe, die 900 noch nicht
1064 3103 1245 3161 ils drei
1262 3126 2314 3181 erreicht, so daß drei Viertel aller Zeitungen des
1070 3147 1230 3201 Berech¬
1258 3174 2317 3218 Deutschen Reiches in ihrer Auflagehöhe unter dem be¬
1064 3195 1238 3248 edurch¬
1249 3229 2314 3269 rechneten Durchschnitt bleiben. Dies giebt einen Aus¬
1076 3238 1241 3293 30 ist,
1253 3265 2316 3312 blick darauf, welch eine Macht die großen Zeitungen
1073 3280 1231 3335 aller
1264 3314 2315 3359 gegenüber den kleineren besitzen. Es belehrt gleichfalls
1060 3321 1227 3398 eträcht¬
1250 3350 2312 3403 darüber, wie schwer es ist, eine große Zeitung zu schaffen
1263 3392 1609 3449 und zu erhalten.
1069 3395 1237 3470 ild von
1333 3433 2311 3491 Schon aus unserer einfachen statistischen Betrachtung
1055 3460 1231 3513 werth,
1257 3490 2316 3538 ergeben sich einige zuverlässige Anhaltspunkte, die über
1059 3501 1240 3559 vir auf
1254 3528 2305 3572 den materiellen Stand des Zeitungswesens unterrichten.
1049 3546 1242 3618 hes be¬
1258 3567 2315 3627 Er lehrt aber ferner, daß die materielle Seite des
1259 3613 2313 3671 Zeitungswesens unlöslich verknüpft ist mit höheren geistigen
1041 3616 1233 3691 inzelnen
1262 3658 2310 3701 und wirthschaftlichen Interessen. Die Zeitung ist ein volks¬
1042 3680 1228 3733 Größen¬
1263 3704 2305 3754 wirthschaftliches Verkehrsmittel, das mit den sonstigen Ver¬
1085 3723 1239 3780 haben
1262 3740 2315 3803 kehrsverhältnissen übereinstimmen muß. Das ergiebt
1033 3762 1232 3824 Begenden
1262 3791 2317 3845 sich besonders aus den vergleichenden Angaben über die
1017 3804 1061 3857 1
1018 3853 1240 3909 rten auf
1383 3869 2317 3919 Es dürften hier freilich infolge des mangelhaften
1020 3897 1235 3953 z Sachsen
1271 3898 2309 3958 Materials über die Auflagehöhe der Berliner Zeitungen die
1029 3931 1905 4016 auf Ost= Ziffern etwas zu hoch gerathen sein.
2357 73 3405 148 ihren r n
2344 135 3417 174 haine des „Schauspielhauses“ gepflückt. Und
2356 172 3407 227 die königliche Bühne kam mit der Aufführung ihres drei¬
2353 225 3418 275 aktigen Lustspiels „Auf der Sonnenseite“ ohne
2352 257 3413 304 Frage dem Ziele des reinen Idealismus, von dem im
2356 308 3410 347 vorigen Winter der Kaiser sprach, um einen ent¬
2349 343 3441 406 scheidenden Schritt näher. Mit großem Vergnügen habe
2346 388 3409 448 ich denn auch in den Zeitungen gelesen, daß
2353 435 3415 480 einige unserer Klitiker gerade das idealistische Wesen der
2343 478 3408 524 Blumenthal =Kadelburgschen Poesie fein und tief her¬
2354 537 3406 581 ausfühlten und ihr jüngstes Werk dem ... natura¬
2347 569 3409 617 listischen Lustspiel gegenüber stellten, als Muster und
2341 621 3409 665 als Mahnung, welche deutsche Kunst wir am meisten
2346 656 3415 693 lieben. Es muß wohl in dem Tiefsinn unseres Volkes
2353 691 3397 743 begründet sein, daß wir stets „Idealismus“
2352 747 3404 796 sagen und steis das „weiße Rößl“ meinen.
2350 792 3411 845 Ließe man unsere Nation abstimmen, was
2345 825 3403 876 für eine Poesie sie für die höchste und edelste an¬
2354 869 3406 920 sieht, welche sie vor Allem sucht und verehrt, so würde
2358 917 3403 971 sicherlich die Mehrheit antworten: die ideale Poesie.
2360 964 3409 1015 Ebenso sicher ist aber auch, daß Blumenthal und Kadel¬
2344 998 3415 1056 burg die erfolgreichsten, die meist gespielten Dramatiker
2354 1047 3411 1112 der Gegenwart sind. Daran läßt sich nicht drehen und
2342 1097 3410 1148 nicht deuteln. Ihre Werke sind fast immer auf
2344 1132 2442 1182 der
2452 1133 3213 1191 Sonnenseite des Erfolges geboren
3249 1150 3286 1184 —
3284 1138 3442 1190 was
2341 1176 2447 1230 hilft
2466 1182 3411 1236 dagegen alle Betheuerung, daß sie auf
2340 1226 3411 1284 der Bomster Schattenseite der Kunst heran¬
2338 1268 3417 1319 gewachsen sind? Wenn die beiden verehrten
2346 1305 3417 1363 Herren diesmal nicht ganz so glänzend abschnitten, wie
2344 1351 3413 1399 das letzte Mal, so liegt das an ihrem „literarischen" Ehr¬
2347 1401 3413 1453 geiz. Der ist ein sehr thörichter Berather für einen
2345 1442 3416 1494 Theaterschriftsteller. Je weniger man davon besitzt,
2343 1486 3415 1538 desto sicherer kann man des Erfolges sein. Aber auch
2341 1526 3409 1578 Blumenthal und Kadelburg haben zuweilen einen
2347 1577 3421 1627 schlechten Einfall und dann setzen sie auf die Titelseite ihres
2341 1620 3419 1679 Werkes statt des Wortes „Schwank“ das Wort „Lust¬
2348 1659 3426 1712 spiel“. Das macht mich immer unruhig für sie. Sie
2350 1707 3421 1757 fühlen sich dann stets zum Höheren aufgelegt, un¬
2346 1747 3440 1792 versehens überfallen sie uns mit moralischen Ueber¬
2340 1793 3415 1837 zeugungen, sie glauben es sich schuldig zu sein, daß sie
2337 1831 3343 1872 dann und wann einmal ein ernstes Wort reden,
2343 1872 3425 1930 aber wir gehen doch ins Theater, um uns zu amüsiren,
2348 1923 3406 1967 um zu lachen, um Witze zu hören. Glücklicherweise sind
2342 1967 3413 2022 sie ja keine Moralerneuerer, und das söhnt dann wieder
2345 2010 3415 2052 mit ihnen aus. Arbeit schändet nicht — Arbeit ist des
2337 2066 3407 2113 Lebens Zier, sagen sie, und ebenso eigenartig und ungewöhn¬
2341 2100 3413 2154 lich ist das kleine Geschichtchen, welches sie uns erzählen.
2346 2146 3414 2195 Den braven Töpfermeister Wulkow, der durch seiner
2351 2187 3413 2238 Hände Arbeit ein kleiner Rothschild geworden ist und
2336 2236 3413 2293 ein großes Haus machen, mit echten Baronen umgehen
2339 2272 2441 2337 will
2494 2279 3405 2320 d. h. er wills eigentlich nicht, sondern muß
2345 2323 3418 2381 es, weil seine aufgeblasene Ehehälfte, Anna
2339 2359 3413 2411 Schramm, es will — sieht man um so lieber wieder,
2339 2405 3415 2457 je öfter man ihn schon begrüßt hat. Dargestellt von
2345 2451 3410 2497 Emil Thomas, spielt er noch immer dieselbe
2335 2496 3411 2560 komische Rolle, wie vor fünfzig Jahren, wenn er sich
2337 2544 3414 2582 vor seinem vornehmen Kammerdiener ängstigt und sich
2339 2597 3407 2645 nach der kleinen Weiße mit Kümmel sehnt, während er
2344 2637 3413 2687 Trüffelpastete essen muß. Man freut sich auch immer
2342 2686 3419 2739 wieder der heruntergekommenen Barone, die ihr Ver¬
2344 2718 3414 2766 mögen durchgebracht haben, und im Hause des Empor¬
2333 2760 3405 2811 kömmlings die Schmarotzerrolle spielen um dann
2330 2803 3410 2872 moralisch gebessert zu werden. Da ist der ganz schlimme
2334 2847 3407 2903 und leichtsinnige Freiherr von Brink, schon mehr
2330 2892 3404 2946 Hochstapler, den nur die feine Komik Vollmers
2333 2936 3411 2974 einigermaßen noch erträglich macht, und der tugendsamere
2336 2985 3397 3040 Baron von Sandorf, dem kein Mensch glaubt, daß er
2338 3028 3401 3072 jemals ein Durchgänger war. Der wird Ofenmodell¬
2334 3072 3411 3131 zeichner bei Wulkow und bekommt dafür dessen an¬
2339 3111 3399 3172 muthreiches Töchterchen zur Frau, nachdem er sich
2331 3161 3406 3206 energisch einen Akt lang gegen eine Geldheirath gewehrt
2338 3208 3408 3256 hat. Mit Blumenthalschen Wortwitzen und Kadelburg¬
2338 3248 3401 3290 schen Requisitenwitzen ausgestattet, ist das Ganze jeden¬
2338 3290 3406 3353 falls ein ausgezeichnetes Lustspiel, und wir verdienen
2334 3339 3401 3381 gewiß, daß es über alle deutschen Bühnen geht und
2337 3381 3359 3430 überall hundert Mal gespielt wird. Julius Hart.
2444 3423 3402 3467 Die zwei Strömungen, aus denen sich im Wesent¬
2341 3471 3403 3517 lichen die neuere Literaturbewegung zusammensetzt, fließen
2338 3515 3395 3572 noch immer, auch heute noch, nebeneinander hin. Auf
2341 3558 3386 3617 der einen Seite überwiegt das Stoffliche, die Tendenz,
2338 3596 3393 3654 das Problem; die Erörterung sozialer und ethischer
2335 3644 3395 3700 Zeitfragen bildet das Mark der Dichtung. Auf der
2341 3689 3396 3743 anderen schwelgt man in ästhetischem Formenspiel; man
2339 3741 3398 3791 sucht nach neuen Rhythmen und Wortgebilden, wenig
2329 3774 3385 3826 bekümmert um den Gehalt. Mit einer wahren Scheu geht
2329 3823 3389 3871 man hier dem „realen Ernst des Lebens“ aus dem Wege und
2337 3865 3395 3914 verzückt sich an phantastischen Stimmungen, in welche die
2328 3905 3394 3951 Wirklichkeit nur traumhaft hineinklingt. Mit seinem
2334 3956 3404 4020 neuesten Werke „Das Vermächtniß“, das am
