3436 4320
2558 464 2844 560 — 952 —
1119 550 3268 620 Sonnabend im „Deutschen Theater“ aufgeführt] freundlichsten Theilnahme würdig. Und so schließt sie bald
1111 617 2191 676 wurde, stellt sich Arthur Schnitzler noch entschiedener,
2194 617 3275 659 Freundschaft mit der Tochter und den Verwandten des
1114 649 2199 721 als mit seinen früheren Arbeiten, auf die Seite der
2206 662 3262 726 Hauses, unter denen besonders die Schwägerin ein
1118 708 2188 764 Zeitfragen=Dichter; sein Drama empfängt seine eigent¬
2208 703 3264 753 Typus gereifter, überlegener Menschlichkeit ist. Er¬
1112 747 2187 801 liche und innerste Bedeutung durch die Tendenz. Diese
2204 751 3271 810 leichtert wird diese allgemeine Verbrüderung und Ver¬
1125 800 2192 848 Tendenz bringt Schnitzler im großen Ganzen mit durch¬
2201 790 3271 863 schwisterung durch das Dasein des Kindes, in dem ja
1128 826 2197 895 aus künstlerischen Mitteln zur Darstellung, aber so stark
2209 831 3270 888 „das Blut“ des Verstorbenen fließt, und das selbst den
1114 874 2202 938 ist diese Kunst denn doch nicht, um der
2197 880 3262 927 Professor mit der „unerquicklichen" Lage versöhnt. Nur
2209 927 3263 980 Einer, der mit zum Hause zählt, der Hausarzt, der um
1113 934 2191 987 Tendenz das Gepräge einer gewissen Aufdringlich¬
2200 967 3267 1018 die Hand der Tochter wirbt, beehrt die Fremde mit in¬
1121 957 2193 1022 keit zu nehmen. In einer bestimmten Richtung be¬
2207 1008 3277 1056 brünstiger Feindschaft. Er hat sich aus den dürftigsten
1119 1009 2189 1054 deutet aber gerade die Schärfe und Entschiedenheit,
1125 1053 2193 1109 mit der Schnitzler diesmal sein Thema durchführt, einen
2202 1056 3274 1117 Verhältnissen heraufgearbeitet, und gerade deshalb ver¬
1121 1102 2199 1151 Fortschritt in der Entwicklung des Dichters. Bisher
2195 1096 3278 1160 tritt er die Grundsätze der Gesellschaft, in die
1122 1143 2192 1213 war Schnitzler, besonders in seinen Novellen, zu sehr
2203 1140 3268 1196 er mühevoll Eingang gefunden, mit äußerster
1184 1180 2193 1234 Wiener, d. h. es kam in seinen Dichtungen gerade
2442 1185 3273 1257 Es ergehi ihm, wie dem gemeinen
2211 1186 2445 1247 Strenge.
1124 1226 2199 1287 das am meisten zur Geltung, was der Wiener Kunst,
2209 1233 3270 1294 Soldaten, der besonders arg geschuriegelt wurde;
1127 1272 2200 1326 deren höchster und typischer Vertreter Grillparzer ist, an
2209 1252 3281 1340 sobald er Unteroffizier wird, wird er seinerseits
2206 1313 3276 1388 zum unerbittlichen Despoten. Lange wühlt der edle
1127 1326 2188 1375 Schwächen anhaftet. Wer diese Kunst auch nur ober¬
2206 1357 3276 1418 Doktor umsonst gegen den Eindringling. Aber da stirbt
1123 1357 2193 1416 flächlich betrachtet, wird als ihre kennzeichnenden Merk¬
2208 1408 3277 1478 das Kind, und dieser Tod lockert, wenigstens für den
1116 1405 2192 1472 male leicht die Lust an feiner Sinnlichkeit, an weichen,
2205 1446 3274 1507 Professor und die Professorin, das Band, das sie mit
1116 1450 2193 1504 zerfließenden Formen entdecken; der Zug ins Weibliche,
2202 1496 3285 1552 der Fremden verknüpft, mehr, als sie selbst sich ein¬
1133 1486 2209 1564 Schwelgende, leichtes Blut und wenig Mark, mehr
1453 1535 2106 1607 als „Aktivität“, das Alles
2210 1538 3275 1598 gestehen mögen. Ohne Schwierigkeit überredet der
1129 1541 1421 1597 „Rezeptivität“
2040 1566 2199 1652 stärker
1448 1576 2027 1649 Die Gemüthlichkeit tritt
2216 1588 3281 1639 Doktor jetzt die Beiden, daß sie das Vermächtniß des
1124 1584 1459 1648 unverkennbar.
2212 1622 3273 1676 Sohnes hinreichend erfüllt hätten; er habe seinem
1132 1626 2197 1681 hervor, als das Geistige, das Intime, Zarte, Stille
2212 1677 3279 1735 Kinde ein Heim schaffen wollen; nun dieses kein Heim
1118 1673 2201 1739 mehr, als das Heroische, und wenn in den niederen
2217 1717 3276 1771 mehr nöthig habe, falle jede Nöthigung fort, der
1134 1721 2203 1774 Gründen der Literatur sich leicht etwas Trottelhaftes
2220 1753 3271 1811 Fremden länger die Rechte einer Tochter zuzugestehen.
1124 1749 2207 1829 einmischt, so in den höheren oft eine gewisse Müdigkeit,
2216 1807 3275 1866 So entschließt man sich denn, die Verlassene mit Geld ab¬
1119 1798 2199 1859 eine Abspannung, die aber gern mit ihrer etwas kränk¬
2204 1854 3282 1902 zufinden und aus dem Hause zu entfernen. Sie aber wird
1134 1840 2210 1910 lichen Weise kokettirt. Ein solches Kokettiren mit deka¬
2220 1886 3285 1947 gerade jetzt durch diese Lieblosigkeit doppelt schwer ge¬
1124 1883 2204 1954 denten Stimmungen kommt auch in Schnitzlers früheren
2209 1927 3281 1985 troffen, denn sie bedarf in ihrer Vereinsamung mehr
1125 1933 2205 1989 Schöpfungen nur zu oft zum Vorschein. All sein Sinnen
2211 1967 3283 2039 als je der Theilnahme und ihr ganzes Empfinden
1124 1977 2200 2037 und Dichten drehte sich bislang um ein einziges Thema,
2208 2018 3291 2069 klammert sich an die Räume, wo sie Alles, was sie
1122 2018 2203 2085 um das sinnliche Verhältniß zwischen Mann und Weib,
2217 2061 3289 2123 liebte, in den Sarg hat legen sehen. Die Trennung
1133 2065 2200 2139 das aber durchweg mehr Liebelei, als Liebe war und
2205 2105 3288 2173 ist ihr unerträglich und so macht sie ihrem Leben ein
1122 2110 2208 2176 zumeist jenseits aller Ethik blieb. Auf den ersten
2220 2158 3287 2205 Ende. Der edle Doktor kommt aber um den Lohn
1131 2157 2212 2210 Blick könnte es scheinen, als ob Schnitzler
2217 2194 3281 2253 seiner Anstrengungen. Empört über seine Herzlosigkeit
1138 2206 2210 2258 auch in seinem jüngsten Drama von dem alten Thema
2226 2242 3293 2302 sagt sich die Tochter des Hauses, die er bereits Braut
1137 2240 2201 2302 nicht loskäme: Von der „Freien Liebe“ singt auch das
2216 2283 3291 2338 nennen durfte, für immer von ihm los. Mit dem
1135 2296 2205 2340 neueste Lied. Aber es handelt sich diesmal um Liebe
2218 2330 3282 2392 Worte: Wir haben sie (die Fremde) geduldet, aber wir
1141 2327 2203 2385 auf beiden Seiten, nicht um Liebelei, das sinnliche
2214 2371 3283 2432 hätten mehr thun, menschlich gut zu ihr sein
1133 2375 2203 2434 Element ist ganz bei Seite geschoben und eine tiefe
2214 2420 3273 2468 müssen — klingt das Drama ergreifend und be¬
1138 2421 2202 2473 Innerlichkeit an die Stelle getreten. Mit einer Herb¬
2537 2455 3288 2516 Seinen künstlerischen Werth empfängt
2213 2463 2523 2522 deutsam aus.
1141 2459 2203 2514 heit, die nahe an Erbitterung streift, führt der Dichter
2217 2503 3281 2562 das Werk vorwiegend durch die Charakteristik; besonders
1138 2505 2198 2557 sein Thema durch er nimmt energisch Partei, er offen¬
2212 2552 3292 2612 die beiden Männer, der Professor und der Doktor, sind
1139 2545 2212 2603 bart rückhaltlos sein Herz, während er früher seinen
2220 2595 3279 2660 meisterhaft gezeichnet. Eine Schwäche der Arbeit ist,
1140 2595 2215 2651 Gestalten und Stoffen entweder mit einer Art von
2218 2628 3293 2695 wie schon hervorgehoben, die Aufdringlichkeit der
1130 2643 2205 2714 ironischer Blasirtheit gegenüberstand oder sie allzu
2219 2679 3297 2744 Tendenz; sie verschuldet es auch, daß das Drama fast
1135 2681 2207 2758 empfindsam und wehmüthig behandelte. Schnitzler
2116 2735 2206 2784 ge¬
2219 2719 3294 2791 durchweg peinlich, mehr kraß als tragisch wirkt. Erst
1274 2734 2089 2788 wie es scheint, an Männlichkeit
1135 2734 1245 2793 ist,
2222 2774 3287 2825 im letzten Augenblick werden wir über das bloß Trost¬
1134 2760 2204 2826 wachsen, sein Schaffen ist nicht mehr so knochenlos,
2063 2815 2207 2873 :Die
2224 2816 3292 2866 lose hinweggehoben. Trotz jener Peinlichkeit aber war
1141 2821 2011 2875 wie es in einzelnen seiner Novellen sich zeigt
2230 2858 3298 2910 die Aufnahme des Werks eine fast begeisterte zu nennen;
1140 2838 2213 2916 „wilde" Liebschaft, auf der das Drama sich aufbaut,
2216 2906 3291 2953 der Beifall hatte etwas von der Art einer sozialethischen
1149 2904 2213 2957 spielt sich nicht, wie sonst bei Schnitzler, vor unseren
2227 2960 3297 3004 Kundgebung. Dauerhaft sind freilich solche theatralischen
1137 2950 2209 2998 Augen ab; sie ragt nur noch als Erinnerung in das
2228 2990 3295 3037 Eindrücke nicht; dieselben Leute, die sich mit kräftigem
1139 2988 2215 3051 Stück hinein. Gleich von Beginn an hat diese Liebe
2224 3033 3289 3084 Händeklatschen gegen die „gesellschaftlichen Vorurtheile“.
1145 3043 2212 3089 alles Irdische abgestreift und sich zur Treue verklärt.
2228 3083 3298 3131 ereifern, so lange die Theatervorstellung währt, werden eine
1149 3087 2211 3136 Das erleichtert die Wirkung der Tendenz aufs Publikum,
2239 3131 3295 3174 Stunde später im Leben, wenn sich die Gelegenheit
1145 3124 2221 3187 verschiebt sie und verflacht sie aber auch ein wenig.
2234 3165 3296 3223 bietet, jene Vorurtheile selbst rücksichtslos bethätigen.
1136 3178 2219 3232 Mit einem Todesereigniß hebt das Drama an, gipfelt
2229 3208 3297 3263 Und es kann auch gar nicht anders sein. Was beweist
1149 3212 2225 3271 es und schließt es. Jeder der drei Akte führt an ein
2227 3250 3289 3317 schließlich ein einzelner Fall, besonders wenn er aufs
1149 3250 2221 3307 Grab, und so ist es kein Wunder, daß durch das
2236 3293 3298 3350 Künstlichste zurechtgestutzt ist? ... Zu der erschütternden
1140 3299 2220 3352 ganze Werk die beklemmende Stimmung geht, die über
2220 3351 3295 3398 Wirkung des Stückes trug die Darstellung ihr redlich
1151 3343 2229 3404 ein Trauerhaus gebreitet erscheint. Kaum hat sich die
2236 3382 3301 3442 Theil bei. Das „Deutsche Theater“ bot wieder einmal
1154 3388 2226 3456 Szene eröffnet, so werden wir an ein Sterbebett ge¬
2237 3429 3297 3487 eine Aufführung, die harmonisch, ausgeglichen in jedem
1152 3432 2214 3490 leitet. Der Sohn des Hauses, ein Liebling aller
2227 3470 3284 3529 Zuge, als Ganzes einfach das Zeugniß „vollendet“
1148 3471 2221 3524 Welt, seiner Familie, seiner Freunde und nicht
2226 3515 3288 3579 verdient. Rittner hatte nur die Aufgabe zu sterben,
1146 3506 2219 3569 zuletzt der Frauen hat sich durch einen Sturz
2231 3541 3295 3619 aber er starb musterhaft. Else Lehmann ist in
1143 3560 2221 3616 vom Pferde derartige Verletzungen zugezogen, daß
2232 3605 3291 3661 der Rolle des freiliebenden Mädchens schon eine
1147 3601 2215 3676 alle ärztliche Hilfe vergeblich erscheint. Der Sterbende
2235 3656 3294 3711 Art „Spezialität“ geworden; sie ist ganz Hin¬
1151 3647 2227 3711 ergiebt sich mit Gleichmuth in sein Geschick, soweit es
2235 3684 3294 3758 gebung, ganz „Seele“ in jedem Zuge. Lotti
1147 3689 2222 3765 nur seine eigene Person betrifft. Aber der Tod ist ihm
2231 3734 3298 3796 Sarrow, spart ihre Kraft etwas einseitig für
1145 3738 2218 3797 deshalb entsetzlich, weil er eine Geliebte und ein Kind
2234 3782 3288 3845 die Hauptmomente auf, in der Zwischenzeit giebt sie sich
1145 3774 2218 3841 hinterläßt, die an ihm den einzigen Lebenshalt verlieren.
2241 3810 3292 3886 eigentlich zu schlicht und einfach; aber da, wo sie ihr
1149 3823 2225 3897 Daher beschwört er mit den letzten Worten, die er noch
2240 3868 3288 3927 ganzes Können entfaltet, wirkt sie stets groß und
1154 3862 2227 3931 hervorzustoßen vermag, die Mutter, die sich trostlosen
2241 3918 3292 3976 bedeutend. Die Gestalten des Professors und des
1146 3912 2222 3978 Herzens über ihn beugt, jene beiden Verlassenen in ihr
2229 3946 3297 4021 Doktors verkörperten Reicher und Sauer ebenso
1150 3953 2220 4014 Haus zu nehmen. Die alte Frau, obwohl sie alle Vor¬
2231 4003 3298 4056 unübertrefflich wie bewundernswerth; das Bild, das
1155 4002 2217 4059 urtheile ihrer Gesellschaftsklasse theilt, hat doch in
2239 4034 3290 4099 Reicher gab, war als Ganzes aus einem Guß und in
1154 4044 2219 4101 diesem Augenblick kein anderes Empfinden, als das rein
1432 4099 1557 4141 re
1201 4089 1365 4142 IBerlich
2004 4084 2223 4142 zu machen,
1674 4094 1845 4165 Ste
2551 4080 3295 4134 überraschend reich an allerlei kleinen
3283 549 3448 630 vorspiele
3273 614 3424 662 schon —
3278 648 3436 702 „Ja wo
3274 691 3432 738 hätte i
3284 726 3446 779 Schmeich
3281 766 3442 818 Ein ju
3283 847 3441 897 übunger
3275 885 3436 942 Brahms
3277 945 3445 1013 Brahms
3272 997 3436 1053 Zumuth
3275 1042 3426 1090 heftig
3284 1076 3438 1131 genossen
3292 1120 3441 1173 kalische
3283 1155 3439 1207 Frau d
3291 1192 3447 1247 von ihr
3275 1230 3437 1283 halten.
3286 1274 3435 1321 eins de
3280 1315 3440 1364 hingen
3289 1349 3442 1398 Wie es
3293 1384 3448 1443 hinblick
3288 1432 3435 1485 anderes
3289 1470 3447 1521 So h
3291 1502 3447 1555 wurde
3284 1545 3425 1595 Blut
3288 1585 3441 1637 Hermin
3287 1626 3437 1675 ob er
3293 1660 3440 1715 Klavier
3302 1702 3426 1753 suchte
3300 1743 3439 1790 sagte
3291 1770 3435 1831 nichts
3295 1821 3439 1869 er ein
3298 1853 3437 1909 legene
3291 1895 3435 1954 schrank
3290 1936 3447 1984 der bei
3292 1968 3442 2022 sie in i
3297 2013 3444 2069 Mozar
3295 2048 3441 2104 Sie ab
3290 2090 3434 2143 und in
3292 2136 3436 2184 hinzu:
3295 2165 3441 2228 wüscht
3292 2208 3446 2258 Seine
3295 2249 3442 2315 wieder
3287 2306 3448 2388 hatte
3349 2353 3437 2415 22 2
3288 2391 3445 2457 Köln
3301 2445 3440 2500 am bes
3298 2478 3447 2535 einige
3299 2482 3440 2610 10
3297 2595 3441 2652 währen
3300 2638 3449 2694 des 2
3304 2676 3447 2730 gefähr
3302 2721 3441 2768 Stund
3301 2755 3440 2806 sicht de
3296 2794 3448 2850 Auch i
3308 2830 3435 2884 Es w
3305 2868 3433 2924 Tage
3293 2903 3445 2962 Kinder
3304 2952 3447 3001 anvert
3293 2993 3446 3048 garten
3303 3034 3437 3082 Nachso
3313 3070 3438 3123 in der
3309 3107 3441 3159 schaft
3301 3146 3443 3194 in ein
3308 3186 3439 3236 ihre
3306 3221 3448 3272 Der D
3298 3264 3434 3327 Kinder
3293 3325 3436 3392 gebu
3301 3379 3441 3430 hafte
3299 3413 3436 3471 habt,
3305 3456 3438 3509 500 he
3296 3494 3446 3549 worden
3302 3537 3440 3586 wird
3310 3575 3450 3630 brochen
3307 3616 3442 3661 und T
3299 3651 3444 3702 wurden
3300 3692 3448 3742 sie eben
3292 3722 3442 3788 Krava
3304 3772 3448 3819 treiben
3299 3813 3440 3867 drücke
