3436 4320
1363 85 1837 202 box 16/3
173 87 1238 219 10. Das Vernechinig
445 1220 1007 1303 „  „eu
2772 1232 3068 1293 UttiWi
185 1277 3065 1327 lung land benutzt wurde. Triest ist im allgeweinen eine Festteilnehmer ist ein an der Brust zu tragendes] Prof, Horst Kohl wird die Herausgabe des Werkes
195 1327 3054 1371 Zu= ganz italienische Stadt. Von ihren etwa 160000] Medaillon mit dem fünffachen Kreuz Gottfrieds von besorgen, wobei an dem Manuskript der Schrift
269 1358 325 1411 in
312 1351 3061 1405 Einwohnern sind mehr als dreiviertel Italiener] Bouillon und der Inschrift „Offizielle Jerusalem= selbst nichts geändert und nichts gestrichen ist. Von
194 1397 1862 1451 son, und auch die Angehörigen der hier vertretenen! fahrt. 1898“ übermittelt worden.
2122 1390 3068 1450 dem Werk werden im November d. J. zwei Bände
201 1404 297 1522 185
314 1485 2156 1545 1 Gesellschaft verwandelt hat und ein steinreicher) verdirbt und vergebliche und schmerzhafte Versuche!
2137 1480 3069 1533 Herr Thomas und Frau Schramm gaben das
195 1486 264 1535 4
198 1494 296 1567 21
1229 1527 2143 1573 macht, die edle Reitkunst zu erkernen. Alle diese
303 1511 1238 1593 Mann geworden ist. Das Geld für den Wechsel
2140 1526 3072 1577 reich gewordene Handwerkerpaar ohne Uebertreibung
198 1554 337 1620 ärde
1222 1551 2140 1620 Mätzchen sind alte Bekannte, Entlehnungen
317 1565 1231 1614 will er nicht haben, er prolongiert denselben viel¬
2150 1569 3061 1616 und mit drastischer Komik. Herr Christians
199 1587 326 1659 nuf
1226 1611 2140 1651 aus unzähligen Schwänken und Lustspielen.
313 1602 1224 1655 mehr freiwillig, will dem Baron seine Bilder ab¬
2146 1592 3071 1656 spielte den leichtsinnig=edelmütigen Baron von
196 1639 319 1696 er zn
1225 1644 2139 1701 Im dritten Akte findet das Stück den konventionellen
320 1641 1230 1690 kaufen und stellt ihm auch sonst seine Börse in
2150 1638 3064 1706 Sandorf so lebenswahr, wie dieses Zerbild eines
198 1671 327 1737 alig.
1237 1682 2151 1728 Abschluß: zwei Paare reichen sich beseligt die
318 1679 1235 1725 märchenhafter Freigebigkeit zur Verfügung. Die
2141 1676 3073 1742 Menschen überhaupt dargestellt werden konnte.
198 1704 323 1771 jahn
320 1723 1231 1769 Sache hat natürlich ihren Haken: Die Frau des
1233 1722 2147 1768 Hand. Baron von Sandorf hat seinen edel¬
2146 1721 3064 1781 Ebenso vollendet waren die Leistungen von
1224 1758 2138 1815 mütigen Abschen vor dem Reichtum von Fräu¬
317 1758 1235 1807 biederen Töpfermeisters will nämlich einen vor¬
2133 1752 3062 1827 Fräulein Poppe (Thessa von Sandorf) und
199 1754 333 1851 duch
1237 1797 2143 1854 lein Käthe Wulkow überwunden, dessen An¬
321 1785 1232 1846 nehmen Haushalt führen, und da zu einem solchen
2138 1794 3070 1855 Frl. von Mayburg (Käthe Wulkow). Als ein
185 1822 324 1890 Afru
1228 1830 2135 1883 nahme ihn in ein falsches Licht setzen könnte.
323 1839 1233 1889 neben dem Gelde auch aristokratischer Umgang ge¬
2132 1835 3060 1884 Künstler allerersten Ranges erwies sich aufs neue
208 1862 320 1929 anz¬
1238 1877 2145 1933 Papa Wulkow hat nämlich den vornehmen Herrn,
2134 1863 3056 1928 Herr Vollmer in der Rolle des Barons v. Brick,
325 1878 1235 1935 hört, soll der Baron Sandorf den Schlepper
195 1894 331 1975 he n
1230 1903 2144 1968 der sein Lebtag nichts gemacht hat als gebummelt,
2144 1915 3072 1967 der sich dazu hergiebt, im Hause des Töpfermeisters
309 1919 1238 1971 machen. Der Herr Baron weist aber — in aber¬
1236 1954 2136 2015 als Modell=Zeichner in seine Ofenfabrik gesteckt.
312 1947 1237 2001 maliger Bethätigung seines Edelsinnes — die ihm
2143 1954 3072 2015 den Hofmarschall zu spielen, um sein Bummlerleben
186 1946 329 2044 Usrig
1235 1990 2138 2044 Im Schlußakte erscheint der Baron und hält
2138 1995 3056 2050 fortsetzen zu können. Die Scene des zweiten Aktes,
322 1995 1225 2048 gestellte Zumutung empört zurück. Zum Glück ist
192 2020 324 2087 n de
1227 2027 2137 2084 triumphierend einen Hundertmarkschein in die Höhe
310 2030 1227 2083 jedoch sein Freund Richard von Brick, das zweite
2136 2023 3057 2096 in welcher Sandorfs Schwester diesem Bruder
211 2063 288 2117 P¬
1285 2071 2143 2131 es ist der erste, den er selbst verdient hat.
317 2078 1234 2125 Exemplar eines echten Lustspiel=Barons, weniger
2136 2068 3064 2125 Lustig zu Gemüte führt, wie tief er sich durch
190 2091 330 2163 ns
1232 2109 2147 2160 Sandorf hat nun an sich selbst erfahren, daß die
320 2112 1228 2156 skrupulös, und so bekommt der Töpfermeister Wul¬
2143 2114 3057 2172 dieses Schmaretzerleben entwürdige, zeigte, wie
1228 2143 2145 2197 Sonnenseite des Lebens nicht das Nichtsthun und
316 2155 1230 2205 kow seinen adeligen Hofmarschall, der ihm die
2144 2155 3062 2210 überaus wandlungsfähig Vollmers Kunst ist und
186 2159 318 2240 n, in
1233 2189 2150 2234 Bummeln ist, sondern daß die ehrliche Arbeit dem
313 2187 1227 2243 aristokratischen Alluren beibringen und ihn in die
2134 2184 3065 2244 wie er für die widerstrebendsten, verschiedenartigsten
1227 2215 1921 2286 Leben den Sonnenschein giebt; er
318 2229 1235 2279 vornehmen Kreise einführen soll. Zum Schluß des
2009 2229 2145 2276 o um¬
2145 2224 3063 2284 Empfindungen in Sprache. Miene und Geberde den
193 2235 327 2321 Sia
1232 2272 2142 2323 gewandelt, wie es ein Baron in einem Blumenthal¬
318 2268 1225 2323 ersten Aktes präsentieren sich auch Frau Töpfer¬
2139 2267 3070 2320 passenden künstlerischen Ausdruck zu finden weiß.
189 2300 323 2359 ereh¬
324 2311 1238 2362 meister Wulkow und Tochter: die ältere Dame, die
1225 2309 2149 2352 Kadelburgschen Lustspiel überhaupt nur werden
2141 2312 3073 2365 Das Spiel des Künstlers war geradezu hinreißend
186 2333 331 2401 benn
1230 2349 2137 2395 kann, und so ist denn Fräulein Käthe Wulkows
313 2352 1237 2399 vom Teufel der Vornehmthuerei besessen ist, ist der
2149 2350 2719 2409 und erntete stürmischen Beifall.
185 2375 331 2438 #te en
1225 2385 2157 2435 Reichtum kein Hindernis mehr, er kann den lieb¬
313 2388 1238 2438 schablonenmäßige Typus der reich gewordenen Frau
180 2416 321 2478 nenn
1231 2427 2142 2477 lichen Goldfisch nach einer äußerst trivialen Liebes¬
320 2415 1234 2485 aus dem Volke, Fräulein Käthe Wulkow ist der in
2194 2410 3055 2482 K. Deutsches Theater. Sonnabend zum 1. M.
184 2455 329 2519 , zu
315 2467 1240 2510 einem Schweizer Pensionat gedrillte Backsisch, der
1232 2451 2135 2512 Scene an sein Herz drücken, und hoch klingt das
2142 2467 3059 2520 „Das Vermächtnis“, Schauspiel in drei Akten
1226 2501 2137 2559 Lied vom braven Mann, dem biederen Töpfer¬
198 2501 321 2556 ahm
322 2503 1240 2553 sich in vielen Schwänken tummelt. Das liebliche
2134 2510 2647 2563 von Arthur Schnitzler.
2624 2512 3055 2569 — Der Verfasser hat
205 2536 335 2597 haer
321 2532 1239 2594 Töchterlein findet natürlich an dem Herrn Baron dasselbe
1228 2540 2145 2595 meister Wulkow, der diese Wandlung durch eine
2137 2547 3062 2601 eine Neigung zur Erörterung doktrinärer Fragen,
193 2573 327 2640 sseing
313 2577 1234 2641 innige Wohlgefallen wie dieser an ihr, und schon
1227 2577 2144 2634 einzige Unterredung in dem leichtsinnigen Baron
2141 2584 3055 2645 das hat er schon in dem vielgegebenen „Freiwild“.
185 2611 343 2689 sürün
322 2626 1236 2672 zum Schlusse des ersten Aktes kann der Zuschauer
1232 2613 2146 2687 hervorgerufen hat. Nach den beiden letzten
2136 2618 3054 2678 bewiesen. War es ihm schon dort nicht recht ge¬
196 2653 325 2714 in er
313 2662 1238 2709 den weiteren Verlauf der überaus dünnen Hand¬
1233 2653 2143 2704 Akten tönte den beiden Verfassern nament¬
2135 2657 3056 2714 lungen, das Lehrhafte in echte Poesie umzusetzen,
177 2688 331 2764 Inzis¬
314 2692 1243 2749 lung völlig überblicken. Da gilt es. noch zwei lange
1234 2700 2138 2758 lich aus den hinteren Parquett=Reihen
2136 2705 3053 2755 wo er zeigen wollte, zu welchem Widersinn der
195 2740 333 2796 schete
323 2728 1233 2785 Akte mit allerlei Mätzchen und Sentimentalitäten
1240 2742 2147 2793 lebhaftes Zischen entgegen, das freilich von dem
2132 2737 3067 2798 Duellstandpunkt führe, so ist er uns dies im „Ver¬
324 2774 1238 2828 anszufüllen, und an dieser Aufgabe scheitern die
1231 2782 2142 2838 Beifallsklatschen der für sie sehr günstig zusammen¬
177 2778 327 2838 ft auf
2135 2780 3059 2830 mächtnis“ noch mehr schuldig geblieben. Wir kom¬
335 2814 1239 2864 sonst so geschickten Verfasser, die nun schon seit
1239 2823 2146 2877 gesetzten Mehrheit des Publikums unterdrückt
178 2817 328 2877 Wege
2133 2817 3054 2872 men nicht zu einem ruhigen, einheitlichen Genuß,
330 2863 1237 2906 Jahren mit bestem klingenden Erfolge Geist und
1237 2856 2147 2902 wurde. Einige zianzig Zuschauer verließen das
2137 2857 3062 2917 erkennen überall die mühsame Zusammensetzung und
329 2895 1232 2948 Witz brüderlich austauschen. Da wird im zweiten
1234 2898 2137 2948 Parkett vor Beendigung der Vorstellung: sie konnten
203 2897 321 2950 t aber
2137 2904 3052 2952 Einkleidung und werden nicht einmal von der
328 2921 1246 2990 Akte mit weitschweifiger Breite das neue vornehme
1227 2934 2142 2996 die süßlichen, von Unnatur strotzenden Vorgänge
198 2936 338 2994 einen
2143 2938 3061 3003 Wahrheit dessen überzeugt, was der kunstvoll kon¬
324 2982 1253 3032 Heim des Töpfermeisteis Wulkow vorgeführt, der
1237 2973 2137 3027 auf der Bühne nicht länger mit ansehen, und das
210 2979 325 3026 Der
2143 2979 3054 3022 struierte Fall uns lehren soll. Wahres und Fal¬
194 3019 2143 3073 zeister sich von seinem aristokratischen Diener schulmeistern) stellt ihrem guten Geschmack das beste Zeugnis aus.
2131 3015 3066 3069 sches, Richtiges und Schiefes ist hier so gemischt,
213 3059 3058 3123 ktien= lassen muß, sich an den feinen Speisen den Magen! — Gespielt wurde geradezu bewunderungswürdig. daß der Zuschauer fort und fort von der Zustim¬
2390 3120 3092 3325 Kekab
