3436 4256
164 201 1217 311 10. Das Vernaechtnis
233 1478 1413 1552 lieben ihren Sohn in einem Maße, daß sie dem Sterbenden
234 1540 1405 1592 die Bitte, Mutter und Kind in ihr Haus aufzunehmen, so¬
222 1577 1412 1645 fort gewähren. Würden sie nicht auch dem Lebenden die
225 1634 1412 1696 Bitte gewährt haben, die Geliebte als Frau heimzuführen,
218 1680 1405 1731 da es doch weniger schwer ist, ein natürliches Verhältniß zu
221 1737 1410 1794 legitimiren, als ein illegitimes anzuerkennen? Wenn die freie
227 1772 1407 1833 Liebe nun einmal vorhanden ist, sollte doch der Dichter für
220 1817 1407 1876 die Menschen, die so leben, mehr thun, als Schnitzler gethan
235 1871 1408 1935 hat. Sie treten uns nicht als erkennbare Individuen, die
224 1913 1414 1988 nur zu lieben gezwungen wären, entgegen. Er liebt — das
232 1969 1415 2023 erschöpft die Persönlichkeit Hugo Losatti's, und was ist
230 2017 1415 2089 Toni Weber? Sie liebt, liebt, liebt! Das =ist für den, der
232 2058 1412 2114 nicht mitliebt, sehr langweilig. Es spricht für sie, daß Hugo's
228 2104 1404 2171 Schwester Francisca mit vollem Pathos für sie eintritt.
239 2153 1403 2209 Auf das hingeworfene Schlagwort „Sünde“ antwortet sie:
234 2192 1415 2273 „Kann das die Sünde sein, was (gute) Menschen so glücklich
232 2239 1410 2301 macht?“ Sie, „die Unschuld“, welche die Welt nicht kennt,
236 2292 1410 2352 tritt mit begeisterten Worten für die freie Liebe, wenigstens
232 2344 1407 2418 für die freie Liebe ihres Bruders ein. Mit dem Gefühle
233 2391 1400 2449 stehen wir Alle auf ihrer Seite, obgleich wir die Gegen¬
237 2422 1415 2481 argumente ihrer sonst unausstehlichen Widersacher wohl zu
224 2479 1412 2552 würdigen wissen. Dieser Widerspruch in unserem Innern
237 2521 1403 2591 wehrt uns die volle Theilnahme an den Gefühls¬
233 2550 1409 2632 vorgängen des Schauspieles. Daß Toni Weber, nachdem
240 2619 1414 2689 sie den Tod des Geliebten und des Kindes leidlich
238 2668 1411 2724 gesund überdauert, in den Tod geht, rührt nur von der
230 2711 1413 2775 Verlegenheit des Dichters her. Stolz zum Weiterleben
231 2752 1412 2827 hätte sie genug, wenn sie nicht zu feig dazu wäre. Für die
238 2807 1400 2868 freie Liebe, für die Berechtigung der Liebe, in den Natur¬
243 2854 1409 2913 stand zurückzukehren, wird in dem „Vermächtniß“ nichts
240 2907 1421 2975 bewiesen. Liebe lehrt die Natur, Treue aber nicht. Im All¬
239 2943 1419 3020 gemeinen ist Liebe ein so flüchtiges Ding, mit Flügeln nicht
233 2996 1409 3056 blos zum Herfliegen, sondern auch zum Fortfliegen versehen,
232 3055 1396 3111 daß es nothwendig ist, ihr mehr oder minder starke gesetz¬
232 3098 1422 3149 liche Fesseln anzulegen. So lange es eine bürgerliche Gesell¬
242 3143 1424 3202 schaft und einen Staat gibt, also überhaupt ein menschliches
238 3187 1423 3247 Zusammenleben, wird auch diese Nothwendigkeit bestehen.
246 3219 1417 3307 Freilich wird es auch glänzende Einzelfälle freier Liebe immer
235 3281 1424 3368 geben; aber das Glück darin steht unter tragischen Gesetzen.
1361 194 1815 297 box 16/2
1410 1366 1774 1450 keine Scomitntp.
1419 1426 2588 1491 dies erst aus den Mittheilungen der Journate. Es erscheint
1427 1472 2600 1537 darum als eine trügerische Hoffnung, daß ihn die Kundgebung
1421 1525 2598 1586 des Abgeordnetenhauses in seinem Entschlusse wankend
1423 1580 2599 1636 machen könnte. Die Vorstände der oppositionellen Parteien
1419 1608 2601 1680 suchten heute den zurückgetretenen Präsidenten auf, um ihm
1412 1668 2597 1724 auch persönlich das Bedauern und die Bitte auszusprechen,
1423 1724 2601 1781 daß er sich durch den einmüthigen Beschluß des Hauses
2777 1732 3325 1823 en ven Träger der Krone i
1422 1765 2593 1821 bewegen lassen möge auf seinem Platze zu ver¬
2678 1788 3318 1851 Präsident Szilagyi (den Red
1731 1808 1834 1871 v.
1834 1794 2595 1871 Szilagy; gab eine verbindliche
1417 1811 1739 1872 harren. Herr
2596 1821 3295 1905 Person des Monarchen muß außer
1418 1857 2593 1904 Antwort, die aber einen klaren Rückschluß auf seine
2588 1883 3312 1952 werden. Das ist eine gute, alte ungarisch
1411 1903 2596 1964 letzte Entscheidung nicht gestattet. Der von der
2673 1928 3316 1993 Geza Polonyi (Unabhängigkeit
1406 1945 2579 2000 Opposition ausgegangene Antrag, sagte er, habe ihm sehr
2603 1962 3311 2033 Ich begrüße die heutigen Ausführungen
1412 1996 2584 2055 wohl gethan, der Beschluß des Abgeordnetenhauses aber hätte
2599 2013 3312 2076 zu Thaten gekommen, and die Unabh
1420 2048 2581 2100 ihn in eine sehr schwierige Lage versetzt. Nicht minder
2596 2057 3309 2107 diesem Falle auf ihn anbedingt rechnen.
1408 2084 2591 2139 schwierig aber sei die Situation angesichts der bereits erfolgten
2677 2085 3312 2155 Kubinyi (liberale Partei) erklä
2601 2130 3314 2201 Maßregel zustimmen würde, die mit sei
1417 2140 2583 2196 Demission. Was er nach dem heutigen Beschlusse des Hauses
2594 2187 3309 2243 wäre, aber er appellirt an den Patriotis
1408 2186 2595 2246 zu thun gedenke, darüber werde er erst nach reiflicher Er¬
2598 2222 3273 2292 daß er die Dinge nicht dahin treibe,
1416 2236 2082 2301 wägung die Entscheidung treffen.
2592 2269 3183 2335 außerhalb des Gesetzes gerathen.
1503 2274 2597 2339 Von den opposi ionellen Parteien hat bis¬
2668 2286 3309 2363 Arpad Szentivanyi (Nation
1422 2323 2593 2390 her nur die Unabhängigkeitspartei formell zu
2589 2333 3309 2414 der Opposition sei genügend documentin
1422 2384 2586 2442 dem Tisza'schen Vorschlage Stellung genommen. Aus ihrer
2588 2393 3317 2444 Baron Bauffy zweimal aus der Klemm
1417 2428 2592 2481 heutigen Abendsitzung wurde ein Communiaué veröffentlicht,
2591 2436 3306 2490 Präsident hat die Nationalpartei beidem
2596 2482 3027 2543 mischer Beifall links.)
1417 2483 2593 2541 welches dem Wesen nach Folgendes besagt: Die Unab¬
2674 2516 3307 2574 Präsident Szilagyi ruft den R
1412 2524 2599 2580 hängigkeitspartei unterzog das neueste Product der Majoritäts¬
2591 2561 3301 2641 zur Ordnung und bezeichnet das
1417 2570 2584 2620 Action gegen die Verfassung einer eingehenden Berathung.
2595 2605 2759 2676 zulössig.
1408 2612 2588 2667 Die Partei wird diesen Vorschlag, wenn derselbe wirklich auf
2728 2631 3301 2704 zentivanyi (fortfahrend):
1424 2664 2585 2708 den Tisch des Hauses gelegt werden sollte, als einen bei¬
2591 2683 3298 2745 sich auf die vom Grafen Apponyi bei der P
1414 2705 2590 2768 spiellos dastehenden Fall der Revolution
2592 2731 3286 2785 treuga Dei bezüglich der Unterbreitung
1412 2752 3298 2825 gegen die Verfassung behandeln und hat bereits die Gerichtsbarkeit der königlichen Curt
1416 2812 2584 2874 für die Varbereitung aller Mittel gesorgt, um eine Gegen¬
2592 2822 3311 2882 und auf das vorjährige Provisoriums¬
1416 2863 3273 2914 action gegen dieses Attentat auf die Verfassung als möglich den Platz, auf dem sich
1421 2904 2599 2960 einzuleiten und dasselbe zu verhindern Die Partei hat ferner
2590 2902 3307 2958 findet, ein Mann von Treu' und Glau
2592 2944 3228 2998 würde die Opposition sofort mit i
1420 2947 2591 3001 beschlossen, mit aller Energie und mit allen ihr zu Gebote
2595 2980 3296 3048 Desider Szilagyi (stürmischer Apx
1435 2992 2596 3051 stehenden Mitteln zu verhindern, daß die tausendjährige Ver¬
2608 3026 3297 3096 Bänken der Opposition: Eljenz
1422 3041 2590 3103 fassung Ungarns, lediglich um die Macht und die Herrschaft
2600 3067 3289 3120 Csaky, oder Koloman Szell, oder
1425 3089 2594 3150 der Majorität zu erhalten, vernichtet werde. Es wurde den
2597 3112 3309 3174 Die Nationalpartei will sich nicht weite
1429 3140 2597 3196 Mitgliedern der Partei zur Pflicht gemacht, dauernd in der
2595 3154 3303 3226 lassen, der sie hintergangen hat, dessen
1421 3181 3093 3239 Hauptstadt zu verweilen und sich an dem Kampfe zu be= und Umtriebe gerichtet ist.
1423 3233 1638 3310 theiligen.
2674 3223 3310 3303 Minister=Präsident Baron Bauf
1513 3277 3277 3359 Der Ministerrath war ebenfalls in den Abend= der Sache habe er sich entschlossen,
2211 3310 2775 3373 „„ Dinister w
1425 3307 2007 3387 annhen horiommolt ### G
