3436 4256
1427 133 1911 232 box 16/3
229 123 1390 233 10. Das Vermaechinig
1216 1344 3392 1416 zwei junge Mädchen, die Schwester Hugo's und seine Hugo würde das Verhältniß früher oder später selber, dacht, der aus
1221 1383 3389 1461 Cousine und präsumtive Gattin. Das Sterben Hugo's gelöst haben. .. Wohin sollte es führen, wenn wir) stoßenen Gel
324 1402 1225 1500 Aus den Berliner Theatern.
3089 1431 3387 1492 einen ehrlichen
1211 1431 3109 1515 dauert etwas lange: starke Wiederholungen erhöhen „alle diese Weiber ins Haus nehmen wollten! ...
331 1479 3392 1557 „Das Vermächtniß“, Schauspiel in 3 Acten von das Peinliche und Nervöse der Sttuation, aber es Dieser große Phrasendrescher kennt doch auch die Welt. des Drama's
2179 1523 3388 1581 „Alle diese Weiber“ — das sind die Geliebten uusrer jüngerer Schr#
1126 1531 2197 1590 „Auf geht trotzdem ein straffer dramatischer Zug durch
291 1528 1069 1596 Artbur Schnitzlex. (Deutsches Theater).
2171 1560 3395 1625 Söhne. Sie brauchen keine Geliebte zu haben, aber liebt es, sogen
296 1577 2194 1650 der Sonnenseike“. Lustspiel in 3 Acten von Oskar diesen ersten Act, der das Beste erhoffen und er¬
2149 1599 3381 1680 sie haben sie dennoch. Ich vertheidige die Sitten= Verklärung zu
296 1621 1512 1672 Blumenthal und Gustav Kadelburg (Kgl. Schau= warten läßt.
282 1655 540 1728 spielhaus).
1262 1650 3372 1711 Nun kommt der zweite Auszug, der die Erwar= losigkeit nicht, aber ich kann der loxen Auffassung des gegen sagen,
343 1690 3388 1768 —Das war ein merkwürdiger Erfolg, den das tungen lebhaft enttäuscht. Schnitzler klammert sich Herrn Schnitzler von dem, was wir mit Recht „gute Thema kaum
284 1747 3395 1816 Deutsche Theater am Sonnabend zu verzeichnen hatte. an seine These. Er will sozusagen eine Apologie der Sitte“ neunen, ebenso wenig Empfinden entgegen= aber man da
2172 1786 3389 1859 bringen. Der große, große Fehler seines Dramas ist rücksichtslos a
277 1790 2198 1851 Ein entschiedener Erfolg, durchaus kein künstlich ge=freien Liebe geben, und das gelingt ihm in keiner
284 1839 3368 1893 machter, kein „Akustischer“ — aber doch nur ein Er= Weise. Die Eltern Hugo's ehren den letzten Wunsch der, daß der Verfasser uns nicht einen Ausnahmefall gethau hat.
281 1885 3376 1928 folg, den die Minderheit des Publikums dem Autor des Todten. Sie nehmen dessen Geliebte und Kind vorführte, sondern für die Allgemeinheit seine neue deonomischen
2175 1919 3377 1988 Moral zu prebigen versuchte. Wollte er uns für seine Schnitzler zu
1248 1932 2199 1998 in ihrem Hause auf; sie öffnen ihnen ihre Arme —
277 1934 1255 1998 bereitete, der eine These zu vertheidigen suchte, für
287 1968 3344 2020 die, wenn man ehrlich sein will, nur die Bohême der jeder in seiner Art. Die Mutter aus vollem Herzen, Tony erwärmen, so hätte er sie ganz anders in verwerfen.
3294 1999 3369 2062 nder
1238 2010 3229 2063 der Vater mit leisen Bedenken, die Schwester in den Vordergrund rücken müssen. Der sterbende Hugo einen
278 2017 1248 2071 Gesellschaft verständnißvolles Empfinden haben dürfte.
3121 2058 3219 2114 hätte
275 2066 3144 2105 Das Schauspiel ist interessant genug, sich etwas ein= enthusiastischer Liebe — liebevoll selbst die Cousine, sagt allerdings: „sie ist mir viel gewesen“ — aber
284 2104 3233 2163 gehender mit ihm zu beschäftigen. Es spielt in Wien, die der Fremden das Kind dessen neidet, den ihr was sie ihm gewesen ist, das erfahren wir nicht. Der
280 2144 3218 2200 im Hause eines sogenannten liberalen Politikers, des junges warmes Herz liebte. All' diese Leute erfüllen Was hat sie Großes, Edles, Gutes an diesem leicht= nechn
288 2192 3187 2244 Professors Losatti — wie mir scheint, in jüdischem also in der That ihre Pflicht; es ist ganz natur= sinnigen Schlingel gethau, daß er verlangen konnte, W
276 2221 3179 2294 Milien. Dr. Hugo Losatti, der Sohn, ist ein lustiger gemäß, daß sie das in erster Linie des Kindes seine Familie solle sie wie ein eigenes Kind lieben?
2176 2278 3197 2329 Ist sie in der That mehr als seine Geliebte gewesen? Ge
280 2281 2201 2346 Bursche; es wird auch oft genug betont, wie „lieb wegen thun, dem eigenen Blut zu Liebe, nicht aus
2176 2324 3200 2390 — Nein; sie hat das Elternhaus verlassen und ihren un
284 2323 2201 2385 und gut“ er sei — im Stücke selbst merkt man Zärtlichkeit für die Maitresse Hugo's. Aber auch
274 2369 3200 2437 kaum etwas davon. Denn Hugo wird bald dies Kind stirbt — und damtt erlischt, wieder natur= Vater einsam sterben lassen, um ihrer Leidenschaft m
270 2406 3223 2466 nach Aufgehen des Vorhangs gebrochen und gemäß, auch das Interesse für Tony, die Geliebte leben zu können. Es giebt aber doch knoch höhere order
1133 2461 3247 2530 r ist Hugo's. Dr. Schmidt, der Verlobte von Franzi, Gesetze, als die des liebenden Mädchenherzens. Herr Prose
282 2445 1121 2523 sterbend auf die Sceue getragen:
275 2506 3340 2558 bei einem Rennen mit seinem Pferde gestürzt. In der Schwester Hugo's, ist der Erste, der mit glatten Schnitzler scheint anderer Ansicht zu sein. Für ihn natür, wie
276 2544 3348 2598 den Aeugsten des Todes legt er der Mutter eine Worten auf das „Unzuträgliche“ des eigenthüm= ist es ganz selbstverständlich, daß die Familie das begegnet —
281 2598 3381 2636 Beichte abz er hat eine Geliebt: und von ihr einen lichen Verhältnisses hinweist, wenn man die Mädchen, das ihre eigenen Verwandten um ihrer breit ausges#
1661 2637 3378 2709 des Verstorbenen noch Schande willen verstoßen haben, festhalten und weiter wenigen Stri
275 2633 1684 2695 nun vierjährigen Buben. Die Eltern sollen Geliebte „illegitime Gattin“
283 2684 3379 2744 und Kind wenn er sterben sollle, in das Vaterhaus läuger im Hause behalten wollte; der Professor mit Liebe und Güte umgeben müßten. Und er läßt Sprache hat
2176 2708 3385 2789 seine Tony schließlich in's Wasser gehen, als Losatti deuen die Sp
281 2731 2194 2790 nehmen. Das ist sein „Vermächtniß.“ Und Hugo stimmt ihm zu, widerstrebenden Gefühls auch dessen
2187 2767 3369 2824 und dessen Gattin ihr in möglichst schonender Weise allzu stark
287 2771 2185 2825 stirbt, nachdem er sein illegitimes Weib und sein Frau. Seine Schwägerin aber, jene junge Wittwe,
2183 2801 3385 2866 erklären, daß sie nicht länger im Hause bleiben könne echtem Empfi
272 2813 2193 2890 Kind nochmals gesehen hat. Dieser erste Act ist mit die sich als Gesinnungsprädicantin stets im geeigreten
2173 2849 3394 2918 daß man aber ihr Leben sorgenlos ausgestalten wolle. war sehr u
278 2847 2184 2921 großem Geschick aufgebaut. Alles ist klar, durch= Augenblick einfindet, will Tony zu sich nehmen, aber
2175 2898 3380 2955 Psychologisch ganz undenkbar ist die heiße Liebe der Losatti, lang
276 2910 2193 2964 sichtig, auch dichterisch verklärt. Man lernt eine ihre Tochter erklärt sich dagegen. Diese Tochter war
280 2953 3383 3002 große Gruppe interessanter Leute kennen: die edel= die zukünftige Braut Hugo's; sie konnte dessen Kind! Franzi zu der Maitresse ihres Bruders — oder aber, au talentvo
274 2975 3392 3048 herzige Mutter, den phrasendreschenden liberalen“ lieben, aber nicht seine Maitresse. Das spricht sie der Verfasser hätte sie motiviren müssen. Aber er Deutschen=The
286 3032 3382 3095 Vater, den immer correcten, galglatten, herzeus- auch aus; ist das nicht verständlich? Und ist es motivirt nichts. Er läßt seine Leute auch vielfach Erfolg gemach
272 3077 3391 3153 rohen Dr. Schwidt, die gesinnungstüchtige junge nicht auch verständlich, wenn der Professor einmal bei von dem gütigen Herzen Hugo's sprechen, aber dieses gluube, die
281 3121 3388 3191 Wittw: als Versechterin der aufgestellten These, und Gelegenheit äußerte: Ich bin der Ueberzeugung, gütige Herz hat fünf Jahre-hindurch-nicht daran ge- oberen Räng
