3436 4256
1436 150 1890 241 box 16/3
234 146 1288 258 10. Das Vermagchtnig
694 556 1561 631 J. K. Im Deutschen Theater bereitete gestern
642 603 1552 666 (Sonnabendi das sturk miit Freunden des Amtore
640 640 1547 712 durchsetzte Publikum dem neuen dreinttigen Schan
638 683 1526 755 spiel Arthur Schnitlere: „Das Vermächt
641 722 1543 787 niß“ einen sehr lebhaften Erfolg. Der leise
641 761 1553 826 Widerspruch, der sich bemeelber machte, galt wohl
622 798 1545 866 hauptsächlich dem Ueberschwang der Beifallspender.
633 849 1541 901 die sich in lauten Zeichen der Zustimmung ge#
661 887 1589 946 nicht genug thun konnten und von den Schwächen
1588 870 2512 944 nicht aber die interessaneste Person ###
680 922 1529 977 des Werkes keine Annun zu haben schienen. D
1599 931 1764 984 Stückes,
1823 938 2498 994 #ist vielmehr das wackere Ober¬
676 958 1582 1030 Fichter nahm natürlich in Petion noch jedemlt
1587 972 2516 1045 haupt dee Familie der Herr Professorder
670 999 1348 1065 die Hüldigungen entgegen.
1586 1016 2512 1072 Nationalökonomie Adolf Losatti, ein alter
741 1036 1587 1098 Schnitzler ist ein stärkes und vornehmes Talent.
1588 1052 2503 1103 Poseur, der sich selbst und den Andern Komödie
669 1069 1589 1136 das hat er auch in diesem neuen Schauspiel be¬
1580 1078 2511 1149 vorspielt, an dem jedes Wort und jedes Gefühle
675 1125 1576 1186 wiesen Wieder ist's eine „Verhältniß=Komödie:
1582 1135 2504 1182 necht und dessen einzige wahre Empfindung des
667 1152 1587 1219 aber der Verfasser ha###s verstanden, auch diesem
1589 1162 1903 1224 Egoicus ist.—
2018 1183 2504 1231 er für und wider Töni¬
673 1198 1594 1257 von unseren Modernen so arg gemißbrauchten
1586 1204 1810 1265 redet,wwie
1806 1216 2504 1273 ##er esie bulderals „Vater“ iebt
669 1227 1593 1304 Thema eine neue Seite abzugewinnen. Er schilderi
1583 1240 2496 1306 und bald darauf herzlos verstößt, wie er
673 1274 1134 1335 uns das „Verhältniß“
1151 1285 1575 1336 als ein Vermächtniß
1588 1288 2502 1338 den Tod des Sohnes und des Enkels aufs
672 1311 1589 1375 an die Familie des beireffenden Fünglings. Vier
1588 1328 1735 1378 imut
1816 1333 2512 1391 das bildet die interessantesten“
671 1359 1581 1410 Jahre hat der juinge Dr. für. Losatti hinter dem
1583 1371 2500 1440 Momente und den hauptsächlichsten Inhalt des
667 1393 1586 1448 Rücken seiner höchst ehrenwertben Familie ein
1591 1409 2494 1468 Stückes. Daraus erhällt wohl zur Genüge, in
673 1429 1592 1504 simiges Famikienkehen wit seinem Fräulein Frau
1585 1449 2499 1500 wescher Art Schnitzler seinen in den Grundzügen
659 1467 1569 1532 und dem Bülchen geführt. Da verunglückt er
1581 1487 2503 1543 so sturk dramatischen Stoff behandelt. Daruuter
673 1514 1572 1575 eines Toges mit dem Pferd# und wird sterbend
1584 1519 2499 1583 leidet auch die Glaubwürdigkeit der Handlung.
669 1559 1582 1610 ins Haus seiner Eltern gebrocht. Von Todesahnen
1591 1565 2492 1623 Die volle und skrupellose Hingabe der Familien¬
659 1588 1582 1664 ergrissen, gesteht er alles, dringt darauf, daß man
1578 1607 2502 1670 mitglieder an Toni erscheint ebenso bedenklich wie
660 1630 1579 1699 die Geliebte und ihr Kindlein hole, und nimmt den
1582 1643 2504 1708 der rasche und brutale Umschlag in den Ei
662 1668 1574 1731 Eltern das Versprechen ab. Mutter uund Sohn¬
1579 1679 2498 1747 wiedungen der Personen und die schleunige, lieb¬
659 1703 2505 1776 dauernd in ihr Haus nehmen und für sie songen#lne Verabschiedung des Mädchens, das sich
663 1752 1553 1804 zu wollen, als gehöre sie zur Fomilie. Man#
1586 1766 1703 1814 hen
1703 1769 2501 1827 erst durch seinen längeren Aufenthalt
665 1797 1581 1858 füllt den Wunsch des Sterbenden, und im nächsten
1584 1801 1811 1858 iin Hause
1801 1806 1900 1856 als
1907 1801 2497 1868 gut und würdig erwiesen.
670 1830 2492 1902 Akt sehen wir die arme Toni und ihr von allen! Betrachtst man aber das Schauspiel Schnitzlers
652 1865 2481 1937 verhätscheltes Kind gewissermaßen als Mittel=Pani seinen Werth als dramarisches Stimmungs¬
657 1916 1586 1968 pemkt der trauernden Famtlie Aber noch hat
1580 1926 2490 1983 bild, auf Gehalt an warmer Emspfindung und
662 1940 1579 2017 Toni Schlimmeres zu erdulden. Auch sh# Rind
1578 1964 2492 2013 schönen Worten dann wird mun den gestern
656 1986 1575 2056 wird ihr genomme und durch dessen Tod
1584 2004 2496 2048 #eivendeten Beifall einigermaßen begreiflich finden.
658 2023 826 2080 wendet
929 2042 1582 2095 ih Geschick. Alles,wasn
1587 2045 2499 2097 Mit vornehm obgetönter Reglistik= schildert der
659 2062 1584 2121 Gerechtigteitsgotühl. Milde und Edelmuth# si in
1583 2076 2511 2143 Autor Menschen und Dinge gerude in den kleinsten ?
665 2103 1550 2176 den Familienmitgliedern regt, wird durch der
1588 2117 2498 2194 und intimsten Zügen ungemein scharz und
667 2149 1586 2200 Wortführer der Odposition, den geschraubr#
1577 2150 2496 2218 lebensvoll,und einige Charaktere, so be¬
651 2201 1575 2252 moralischen Hausarzi, in Grund und Boden ge¬
1581 2190 2502 2258 sonders der alte Herr Peofessor, sind in ihrer
650 2225 1574 2289 rodet, und so giebt man schließlich zu, daß dieser
1576 2224 2511 2310 breiten, brächtig Iüahncirten Ausgestaltung wahre ?
647 2276 1569 2331 wadkere Hern dem um Geliebten und Sohn trauernden
1582 2279 2355 2331 Meisterwerke dramatischer Charakteristif.
2371 2282 2508 2338 Die
659 2306 1576 2367 Mädchen gerade heraus sagt, daß es das Hau¬
1568 2323 2513 2383 Sprache ist schlicht und natürlich, wird aber ie¬
648 2345 1565 2402 verlassen müsse. Durch allerlei froundliche
1581 2356 2489 2405 ##le absichtlich trivial und hält sich von der
662 2392 1583 2444 Redensurten und materielle Versprechungen sücht¬
1575 2404 2480 2463 #ntaten Effetthascherei des modernen Naturalis¬
663 2429 1564 2487 mmn dann der Behauernswerthen die bittere
1583 2437 2497 2508 ##### völlig fern. Wer im Theater uur echte
657 2461 969 2522 Pilleetwäs
1084 2467 1577 2529 versüßen, aber Toni
1577 2479 2496 2545 Stimmung und treffliche Reden sucht und empfind¬
656 2498 1568 2558 versteht, wie das im Grunde gemeint ist. Ver¬
1587 2517 2490 2563 same Frauen, die gern weinen — der wird in
656 2544 1571 2615 zweifelt verläßt sie das Haus, und aus einem
1582 2558 2489 2606 dem „Vermächtniß“ Schnitzlers mit seiner tiefen
651 2578 1573 2645 zurückgelassenen Zettel geht hervor, daß sie bestimme
1572 2590 2495 2650 Sontimentalität und seinem warmen Empfiden¬
662 2634 1567 2688 entschlossen sei, dem Geliebten und ihrem Kinde
1581 2634 2352 2684 ein wahrhäft erhebendes Drama erblicken.
653 2659 1570 2731 in den Tod zu folgen. Dem Hausarzt aber bringt
1634 2662 2503 2724 Schauspielerisch brachte der gestrige Abend dem
659 2707 1574 2765 sein herzlöses Handeln keinen Segen, antrüstet und
1582 2710 2490 2779 Deutschen Theater wieder reiche Ehren. An erster
652 2750 1572 2815 erkältetwendel die älteste Tochter des Hauses, Tonis¬
1577 2753 2492 2824 Stelle mnter den Darstellern ist diesmal Herr
656 2788 1534 2842 wartte Fürsprecherin, sich von ihm und schlief
1574 2800 2386 2843 Reicher zu nennen, der die wunderbar
657 2829 1542 2880 mit vielen warmherzigen und trefflichen Worten
1577 2822 2489 2897 zeichnete Figur des Professors dem Dichter meister¬
649 2869 1570 2935 über das an Tou begangene Unrecht das Schau¬
1573 2876 2494 2934 haft nashcharakterisirte und die Gestalt zum
652 2900 835 2963 spiel ab.
1575 2907 2487 2974 #urigen Helden des Stückes machte. Frau
707 2919 1006 2997 Schnitzler haf
1097 2925 1415 3006 er Handtung, die
1576 2953 2488 2999 Lehisian weinte und schluchzte als unglückselige¬
648 2967 1472 3044 dur in großen Zügen andentete, ein Thema
1582 2998 2494 3055 Tom nelt hingebender Leidenschaft, Herr Ritmer
658 3028 1283 3078 geschlügen) das wohl den Vort
1424 3035 2498 3100 #starb als ihr Geliebter eines sehr natürlichen
656 3060 1313 3123 stroßen und bedeutsanten Bühiennen
1326 3071 1572 3123 den konnte.
1577 3067 2494 3129 Lodes. Den Noral predigenden Hausarzt stellte
658 3101 971 3171 Aiter der Sroff
1294 3107 1568 3172 Handon kein
1681 3112 2489 3174 Sa# trefflich gelungener Haltung där,
658 3142 1557 3190 Trauie sondern ein altiges Stimmungs
1781 3151 2497 3213 ein, eine enragirte Vertheidigerin
643 3186 1567 3246 bild geworden. Die Slung der vom Sohn
1714 3197 2489 3245 ## Fräul. Dumont mit warmem Ton
642 3227 1651 3284 der Famiealsmöchtniß hinterlassenen #
1708 3232 2493 3288 hafter Beredtsamkeit. Zwei empfindsame
641 3261 1238 3316 Geliebten und ihre Angdes
1231 3262 1564 3323 dieser eigenartige
1709 3268 2480 3334 ###eien fanden in den Damen Sarrow und
657 3309 1551 3362 Vorwurf ga Schnitzter sicht die Gelegenheit
1578 3311 2492 3353 # sehr geeignete Vertreterinnen, ein kecker
646 3339 1232 3390 einebewegten dramatischen
1264 3345 1469 3398 wicktung
1576 3333 2484 3405 Gymnastast in Frl. Elsinger eine recht muntere¬
636 3386 2478 3438 nahm sie nur als Auregung #ntergrund iu 1 Vertreterin In den übrigen hervortretenden Rollen
646 3415 1568 3480 breiter Stimmungsmalerei und ziefdeingender¬
1568 3427 2492 3496 zeichneten  Frau Pöllnitz, sowie die Herrn von
644 3460 2151 3508 Tharaktesstik einiger Figuren. Toni, die leidet Winierstein und Reinhärdt aus.
637 3489 2470 3563 und buldet, ist wohl die eigentlic Heldin, (Fortsetzung von Kunst und Wissenschaftt im 3. Beiblatt.)
