3436 4384
218 145 404 240 10.
1425 111 1883 229 box 16/6
404 163 1272 255 SOFHaCCIHIS
2646 1082 2875 1161 Leistungen
819 1116 1055 1202 Das ######,
1689 1143 2854 1210 Kapfenberger. Zimmermann J. Hierl mit M. Annadeutung f
691 1162 1677 1239 Handels= und Gewerverammer von Mittelfranken be¬
1671 1179 2879 1240 Achinger. Fabrikarbeiter F. Schnapp mit B. Weidner. liberale Bi
692 1215 1559 1293 geht am 31. d. M. Justizrat Wunder hier.
1681 1220 2889 1290 Schlosser A. Georg mit M. Völkl. Fabrikarbeiter agrarischen
812 1259 1677 1309 * Der Festabend, den der Künstlerverein zu
2648 1267 2882 1336 zu machen.
1673 1272 2641 1346 A. Sorger mit A. Gilch. Ausgeher W. Rüger mit
700 1296 1681 1346 Ehren seiner neuernannten Ehrenmitglieder, Bürger¬
2722 1301 2884 1359 Die
1681 1322 1915 1397 K. Thäter.
693 1334 1674 1397 meister Dr. v. Schuh und Kommerzienrat Ludwig
2748 1327 2904 1400 *Stol
2644 1377 2894 1436 der zum Zu
1685 1415 2905 1493 ständig und intensiv aufregender Inhalt erhebt es treffend die
707 1438 1672 1507 Großtat, aber sein Realismus, sein klar zurechtgelegte
2647 1463 2898 1515 Wahlreck
1678 1463 2640 1529 dahin nicht — aber es ist als modernes unter mo¬
711 1489 1683 1553 und möglichst folgerichtig entwickelte Handlung bezw.
2649 1502 2899 1565 Regierung
1689 1522 2635 1587 dernen Stücken geschickt gemacht und verfehlt die
707 1538 1681 1588 der Charakter des Inhalts regt an und fesselt.
2646 1542 2911 1593 und jeden
1688 1564 2396 1638 Wirkung nicht, für die es berechnet ist.
711 1571 1674 1633 Schnitzler sucht überall möglichst logisch zu sein und
2644 1576 2880 1634 ungsrechte
1764 1592 2645 1668 Die Darstellung war bis auf einiges
2647 1593 2917 1675 heben. Dag
712 1617 1679 1676 zu motiviren, sein Dialog staffirt sich nicht mit
1679 1636 2644 1714 weniger Gelungene durchaus eine befriedigende.
2646 1657 2907 1717 ein Alter
702 1657 1681 1720 gleißenden Phrasen aus, er gibt sich sehr flüssig und
2657 1686 2922 1760 Wehr= und
1685 1700 2640 1754 Voran Fr. Schaper=Olden als Toni. Sie ging
715 1705 1675 1763 in einer Natürlichkeit, die zuweilen fast wässerig wird,
2720 1738 2939 1800 Zum d
1693 1739 2657 1799 mit voller seelischer Hingabe in der Rolle auf und
704 1756 1681 1802 wie namentlich im 2. Akt. Die Charakterzeichnungen
2730 1774 2942 1839 p. Wien
1687 1774 2652 1844 verlieh ihr durch ein von natürlicher Gefühlswärme
713 1789 1690 1856 sind durchschnittlich klar, am sympathischsten gelungen
2649 1814 2940 1876 Rede hielt de
1688 1820 2656 1884 getragenes Spiel einen tiefgehenden Eindruck. Ebenso
710 1839 1672 1889 sind die beiden Frauengestalten, Toni und Franziska.
2647 1843 2940 1914 Rede als Ei
1682 1876 2644 1943 wirkte Frl. Isenta als Franziska durch eine warm
714 1876 1679 1929 Erstere als die leidende Figur im Mittelpunkt der
2657 1897 2958 1954 Er führte aus
1683 1910 2655 1978 empfundene Darstellung. Der Professor des Herrn
702 1919 1681 1979 Situation, Letztere als Trägerin eines reinen humanen
2650 1937 2944 1990 dafür, ob das
1678 1962 2640 2029 Rippert war eine treffende Charakterleistung, wäh¬
706 1966 1682 2023 Denkens und Empfindens. Weniger scharf markirt
2654 1978 2950 2030 übten Zwan
1688 1999 2648 2058 rend Frau Meixner die Frau des Professors
717 2008 1675 2058 erscheint der Charakter des Professors, er kann und
2655 2002 2965 2070 Monarchie dro
1690 2037 2648 2106 lebenswahr und mit natürlicher Herzlichkeit gab. Das
720 2046 1685 2100 soll wohl schließlich ein leicht schwankender sein,
2660 2041 2962 2109 länger geduldet
2660 2097 2974 2154 einen Ausgleie
1701 2097 2654 2151 feindlich sich äußernde Wesen des Hausarztes zeichnete
726 2100 1681 2148 mmerhin nimmt sich der jähe Umschlag von anfäng¬
2654 2132 2959 2187 die Tschech
726 2124 1688 2183 sich absolutem Edelsinn in das spätere Gegenteil
1689 2138 2642 2190 Herr Abel kräftig genug heraus. Als Witwe Emma
2667 2174 2953 2233 Die Tschechen
717 2176 1689 2241 etwas auffällig aus. Recht natürlich herzlich ist die
1690 2181 2655 2235 war Frl. Gondy nicht geeignet, sie wußte nichts
2651 2200 2957 2271 Forderung der
716 2217 1683 2274 Frau des Professors gezeichnet. Am deutlichsten
1689 2221 2652 2275 Rechtes aus der, ohnehin allerdings recht flachen Par¬
2654 2251 2964 2322 aber taktisch
725 2262 1687 2317 ausgeprägt ist das Naturell des Hausarztes. Kein
1693 2274 2658 2325 tie, zu machen. Die Kinderpartieen des Lulu (Frl.
2653 2291 2864 2344 vorgehen.
715 2297 1699 2367 ungeschicktes Moment ist es übrigens, daß dieser
1688 2305 2649 2363 Mudra) und Franz (der kl. Martin) sprachen gut
2661 2308 2995 2399 Einspruch ge¬
716 2356 1688 2413 Hausarzt zugleich als der Verlobte Franziskas auf¬
1703 2348 2656 2411 an. Das Stück fand bei dieser achtungswerten Wie¬
2741 2374 2979 2426 W. Paris,
723 2390 1683 2438 tritt. Der scharfe innere Gegensatz zwischen Beiden
1697 2398 2652 2475 dergabe den warmen Beifall eines gutbesetzten Hauses.
2657 2395 2991 2465 ein aus Bangkol
711 2430 1693 2489 läßt es am Schluß glaubhaft erscheinen, daß Fran¬
2657 2452 2979 2512 lebenden Franzost
1768 2446 2656 2513 * Ein hochbedeutsames Preisausschreiben
718 2477 1690 2538 ziske nie sein Weib wird. Was sich in technischer
2661 2490 2971 2547 worin gegen
1691 2501 2662 2563 ist im Betrage von 12 000 M. von der Leitung der
720 2522 1689 2590 Beziehung als bemerkenswert unkünstlerisch zeigt,
2666 2521 2995 2590 Einspruch r
1699 2548 2657 2611 Weltausstellung in St. Louis erlassen
728 2553 1683 2620 ist die Regelmäßigkeit des Sterbens in jedem Akt:
2664 2570 3057 2638 und die Interesse
1697 2603 2662 2658 worden. Der Gegenstand des Wettbewerbs bezieht sich
2772 2609 3016 2675 Der ame
727 2603 1699 2658 Im 1. stirbt Hugo, im zweiten, am Schluß, das
1699 2645 2661 2700 auf eine Uebertragung eiestrischer Energie zu wenig¬
2761 2647 3030 2706 H New=Yo
725 2653 1692 2705 Kind, im dritten, ebenfalls am Schluß, stirbt Toni.
1697 2692 2664 2753 stens 1/10 einer Pferdetraft in einem Abstand von
2667 2677 3024 2750 Morgan's Mitwir
718 2693 1692 2750 Das Gemachte, die Berechnung widerspricht damit
721 2726 2648 2793 dem sonstigen Bemühen, ungesucht und natürlich zu]1000 Fuß ohne Benutzung einer Draht¬
2656 2729 3148 2830 Beilegungs).
2663 2774 2947 2825 resultatlo
1701 2769 2656 2837 leitung. Die Erfüllung dieser Forderung würde
730 2775 1698 2839 sein. Das Sterben Hugo's im 1. Akt dehnt sich
2670 2809 2941 2864 fraternisiren
1700 2817 2658 2869 einen neuen Fortschritt in der Entwicklung der Elektro¬
726 2816 1695 2892 zu lang aus. Einige Figuren, wie die junge Witwe
2664 2855 2977 2912 Grubenbesitzer
1706 2853 2662 2912 technik bedeuten. Da in letzter Zeit viele Versuche mit
731 2865 1696 2940 mit ihrer Tochter Agnes, wären in Anbetracht ihres
2661 2891 2975 2947 von Bundestru
1699 2891 2649 2963 Bezug darauf gemacht worden sind, so darf man dem
730 2910 1554 2991 geringen Zweckes schleßlich ganz entbehrlich.
1703 2951 2665 3025 Ergebnis des Wettbewerbs mit Spannung entgegen¬
817 2933 1710 3012 Man hat es nach allem diesem mit keinem Stück
2627 2961 2984 3064 (Fortsetzung
727 2993 1696 3053 zu tun, das einem höchsten künstlerischen Maßstab ge¬
2842 3020 2977 3088 sieh
726 3003 1844 3117 recht wäre — schon sein ganzer, besonders im 1. Akte be¬ sehen.
