<?xml version="1.0" encoding="UTF-8" standalone="yes"?>
<PcGts xmlns="http://schema.primaresearch.org/PAGE/gts/pagecontent/2013-07-15" xmlns:xsi="http://www.w3.org/2001/XMLSchema-instance" xsi:schemaLocation="http://schema.primaresearch.org/PAGE/gts/pagecontent/2013-07-15 http://schema.primaresearch.org/PAGE/gts/pagecontent/2013-07-15/pagecontent.xsd">
    <Metadata>
        <Creator>prov=University of Rostock/Institute of Mathematics/CITlab/Gundram Leifert/gundram.leifert@uni-rostock.de:name=ONB_Newseye_GT_M1+(htr_id=10810)::::v=2.4.2
prov=University of Rostock/Institute of Mathematics/CITlab/Tobias Gruening/tobias.gruening@uni-rostock.de:name=de.uros.citlab.module.baseline2polygon.B2PSeamMultiOriented:v=2.4.2
prov=University of Rostock/Institute of Mathematics/CITlab/Tobias Gruening/tobias.gruening@uni-rostock.de:name=/mnt/transkribus/LA/DEA/URO/LA_news_onb_att.pb:de.uros.citlab.segmentation.CITlab_LA_ML:v=2.4.2
Transkribus</Creator>
        <Created>2019-10-07T11:34:16.990+02:00</Created>
        <LastChange>2019-10-08T16:06:29.410+02:00</LastChange>
        <TranskribusMetadata docId="223986" pageId="9500059" pageNr="57" tsid="16598642" status="IN_PROGRESS" userId="40391" imgUrl="https://files.transkribus.eu/Get?id=VIDJSUTDOOVUXUANCCLMGKIV&amp;fileType=view" xmlUrl="https://files.transkribus.eu/Get?id=AIIJIMYAEQDBFKATZBJMYNKB" imageId="6190281"/>
    </Metadata>
    <Page imageFilename="223986_0057.jpeg" imageWidth="3484" imageHeight="4256">
        <ReadingOrder>
            <OrderedGroup id="ro_1711447746976" caption="Regions reading order">
                <RegionRefIndexed index="0" regionRef="r1"/>
            </OrderedGroup>
        </ReadingOrder>
        <TextRegion orientation="0.0" id="r1" custom="readingOrder {index:0;}">
            <Coords points="201,174 201,2933 3146,2933 3146,174"/>
            <TextLine id="r1l1" custom="readingOrder {index:0;}">
                <Coords points="1429,213 1561,229 1583,211 1756,206 1778,228 1804,210 1891,233 1892,152 1845,129 1602,153 1562,126 1522,152 1430,125"/>
                <Baseline points="1447,198 1472,197 1497,196 1522,196 1547,196 1572,196 1597,196 1622,197 1647,198 1672,199 1697,199 1722,200 1747,200 1772,200 1797,200 1822,200 1847,199 1873,198"/>
                <TextEquiv>
                    <Unicode>box 16/2</Unicode>
                </TextEquiv>
            </TextLine>
            <TextLine id="r1l2" custom="readingOrder {index:1;}">
                <Coords points="242,232 411,206 667,251 1167,224 1262,255 1302,245 1304,171 243,137"/>
                <Baseline points="260,196 311,200 362,204 413,208 464,211 516,214 567,216 618,218 669,219 720,220 772,221 823,221 874,221 925,221 976,221 1028,221 1079,221 1130,220 1181,220 1232,220 1284,220"/>
                <TextEquiv>
                    <Unicode>10. Das Vernnechtnis</Unicode>
                </TextEquiv>
            </TextLine>
            <TextLine id="r1l3" custom="readingOrder {index:2;}">
                <Coords points="1008,1357 2083,1368 2083,1327 2032,1316 1008,1306"/>
                <Baseline points="1026,1350 1077,1351 1129,1351 1181,1351 1233,1351 1285,1352 1337,1352 1389,1353 1441,1353 1493,1354 1545,1354 1596,1355 1648,1355 1700,1355 1752,1356 1804,1356 1856,1356 1908,1356 1960,1356 2012,1356 2064,1355"/>
                <TextEquiv>
                    <Unicode>zichtet, wenn es nur reichlich genug ausgehalten wird.</Unicode>
                </TextEquiv>
            </TextLine>
            <TextLine id="r1l4" custom="readingOrder {index:3;}">
                <Coords points="2083,1362 3154,1389 3155,1327 2472,1330 2322,1291 2084,1292"/>
                <Baseline points="2100,1357 2151,1357 2203,1358 2255,1358 2307,1359 2359,1359 2410,1360 2462,1360 2514,1361 2566,1361 2618,1362 2669,1363 2721,1363 2773,1364 2825,1365 2877,1365 2928,1366 2980,1367 3032,1368 3084,1369 3136,1370"/>
                <TextEquiv>
                    <Unicode>illegitimen Familienzuwachs sich abzufinden begonnen hat:</Unicode>
                </TextEquiv>
            </TextLine>
            <TextLine id="r1l5" custom="readingOrder {index:4;}">
                <Coords points="189,1380 267,1367 428,1389 461,1375 508,1398 545,1376 674,1379 675,1302 576,1318 470,1301 400,1318 375,1292 191,1289"/>
                <Baseline points="208,1356 234,1359 260,1360 287,1362 313,1363 339,1364 366,1365 392,1366 418,1366 445,1367 471,1367 497,1367 524,1367 550,1367 576,1367 603,1367 629,1367 656,1367"/>
                <TextEquiv>
                    <Unicode>Burgtheater.</Unicode>
                </TextEquiv>
            </TextLine>
            <TextLine id="r1l6" custom="readingOrder {index:5;}">
                <Coords points="1011,1394 1976,1423 2071,1416 2072,1365 1011,1346"/>
                <Baseline points="1029,1396 1080,1398 1131,1399 1182,1401 1233,1402 1285,1402 1336,1403 1387,1404 1438,1404 1489,1404 1541,1405 1592,1405 1643,1405 1694,1405 1745,1405 1797,1405 1848,1405 1899,1405 1950,1405 2001,1405 2053,1405"/>
                <TextEquiv>
                    <Unicode>Wer möchte leugnen, daß unsere bürgerliche Wohlanstäu¬</Unicode>
                </TextEquiv>
            </TextLine>
            <TextLine id="r1l7" custom="readingOrder {index:6;}">
                <Coords points="2082,1414 3055,1429 3154,1412 3155,1379 2083,1359"/>
                <Baseline points="2102,1405 2153,1405 2205,1406 2257,1407 2309,1408 2360,1409 2412,1410 2464,1411 2516,1412 2567,1413 2619,1414 2671,1415 2723,1417 2774,1417 2826,1418 2878,1418 2930,1419 2981,1418 3033,1418 3085,1417 3137,1416"/>
                <TextEquiv>
                    <Unicode>er läßt das Kind sterben. Nun regen sich die ein¬</Unicode>
                </TextEquiv>
            </TextLine>
            <TextLine id="r1l8" custom="readingOrder {index:7;}">
                <Coords points="198,1433 741,1430 902,1461 932,1435 1001,1450 1002,1384 947,1362 789,1383 763,1360 510,1395 198,1382"/>
                <Baseline points="215,1424 253,1424 291,1424 330,1425 368,1425 407,1426 445,1426 483,1427 522,1428 560,1428 599,1429 637,1429 675,1429 714,1430 752,1430 791,1430 829,1430 867,1430 906,1429 944,1428 983,1428"/>
                <TextEquiv>
                    <Unicode>rmächtniß", Schauspiel in drei Akten</Unicode>
                </TextEquiv>
            </TextLine>
            <TextLine id="r1l9" custom="readingOrder {index:8;}">
                <Coords points="1018,1451 2086,1453 2064,1409 1018,1403"/>
                <Baseline points="1037,1447 1088,1448 1140,1448 1191,1448 1243,1448 1294,1448 1346,1448 1397,1448 1449,1448 1500,1448 1552,1448 1603,1448 1655,1448 1706,1449 1758,1449 1809,1449 1861,1449 1912,1449 1964,1449 2015,1449 2067,1449"/>
                <TextEquiv>
                    <Unicode>digkeit auf morschen Säulen ruht, wer aber möchte des¬</Unicode>
                </TextEquiv>
            </TextLine>
            <TextLine id="r1l10" custom="readingOrder {index:9;}">
                <Coords points="2084,1459 3156,1475 3134,1412 2085,1415"/>
                <Baseline points="2104,1455 2155,1454 2207,1454 2259,1455 2310,1455 2362,1455 2414,1456 2465,1456 2517,1457 2569,1457 2621,1458 2672,1459 2724,1459 2776,1460 2827,1460 2879,1460 2931,1461 2982,1461 3034,1461 3086,1460 3138,1460"/>
                <TextEquiv>
                    <Unicode>geschlummerten bürgerlichen Vorurtheile vom Neuen und</Unicode>
                </TextEquiv>
            </TextLine>
            <TextLine id="r1l11" custom="readingOrder {index:10;}">
                <Coords points="194,1470 263,1489 436,1468 634,1492 652,1473 755,1481 755,1434 722,1430 194,1437"/>
                <Baseline points="212,1464 238,1465 264,1466 290,1466 316,1467 342,1467 368,1468 395,1468 421,1468 447,1469 473,1469 499,1469 525,1469 551,1469 578,1469 604,1469 630,1469 656,1469 682,1469 708,1469 735,1470"/>
                <TextEquiv>
                    <Unicode>von Arthur Schnitzler.)</Unicode>
                </TextEquiv>
            </TextLine>
            <TextLine id="r1l12" custom="readingOrder {index:11;}">
                <Coords points="1019,1496 2083,1510 2058,1454 1019,1448"/>
                <Baseline points="1038,1492 1089,1492 1140,1492 1192,1493 1243,1493 1294,1493 1346,1494 1397,1494 1448,1495 1500,1495 1551,1496 1602,1496 1654,1497 1705,1497 1756,1497 1808,1497 1859,1497 1910,1497 1962,1497 2013,1497 2065,1496"/>
                <TextEquiv>
                    <Unicode>wegen behaupten, daß die Prostitution oder die freie Liebe</Unicode>
                </TextEquiv>
            </TextLine>
            <TextLine id="r1l13" custom="readingOrder {index:12;}">
                <Coords points="2079,1503 3154,1522 3154,1474 3048,1462 2079,1458"/>
                <Baseline points="2098,1498 2149,1498 2201,1499 2253,1500 2305,1501 2357,1502 2409,1502 2460,1503 2512,1504 2564,1505 2616,1506 2668,1506 2720,1507 2772,1507 2823,1508 2875,1508 2927,1508 2979,1508 3031,1509 3083,1508 3135,1508"/>
                <TextEquiv>
                    <Unicode>das im alten Losatti und in seinem zukünftigen Schwieger¬</Unicode>
                </TextEquiv>
            </TextLine>
            <TextLine id="r1l14" custom="readingOrder {index:13;}">
                <Coords points="217,1531 500,1524 617,1554 665,1532 1014,1529 1014,1477 926,1455 816,1484 217,1476"/>
                <Baseline points="236,1520 274,1523 312,1524 350,1524 388,1525 426,1525 464,1525 502,1525 540,1525 578,1525 616,1525 654,1524 692,1524 730,1524 768,1524 806,1524 844,1524 882,1524 920,1525 958,1526 996,1527"/>
                <TextEquiv>
                    <Unicode>und schöne Versprechungen war das</Unicode>
                </TextEquiv>
            </TextLine>
            <TextLine id="r1l15" custom="readingOrder {index:14;}">
                <Coords points="1016,1546 2025,1561 2087,1543 2088,1488 1016,1498"/>
                <Baseline points="1036,1538 1087,1539 1139,1539 1190,1540 1242,1540 1294,1541 1345,1542 1397,1542 1448,1543 1500,1544 1552,1544 1603,1545 1655,1545 1706,1545 1758,1546 1810,1546 1861,1546 1913,1546 1964,1545 2016,1545 2068,1544"/>
                <TextEquiv>
                    <Unicode>der Grundpfeiler aller tieferen Sittlichkeit ist? Auf jeden</Unicode>
                </TextEquiv>
            </TextLine>
            <TextLine id="r1l16" custom="readingOrder {index:15;}">
                <Coords points="2079,1558 3029,1581 3162,1546 3163,1506 2080,1503"/>
                <Baseline points="2096,1546 2148,1547 2200,1547 2253,1548 2305,1549 2357,1550 2410,1551 2462,1552 2514,1553 2567,1554 2619,1555 2671,1555 2724,1556 2776,1557 2828,1557 2881,1558 2933,1558 2985,1558 3038,1558 3090,1558 3143,1558"/>
                <TextEquiv>
                    <Unicode>sohn verkörperte böse Prinzip beginnt mit Einflüsterungen</Unicode>
                </TextEquiv>
            </TextLine>
            <TextLine id="r1l17" custom="readingOrder {index:16;}">
                <Coords points="182,1586 718,1586 748,1564 942,1587 1015,1565 1016,1529 183,1517"/>
                <Baseline points="201,1569 240,1570 280,1571 320,1572 360,1573 399,1573 439,1574 479,1574 519,1575 558,1575 598,1576 638,1576 678,1576 717,1576 757,1576 797,1576 837,1575 876,1575 916,1574 956,1574 996,1573"/>
                <TextEquiv>
                    <Unicode>ng-Wien nie verlegen. Wir wollen eine</Unicode>
                </TextEquiv>
            </TextLine>
            <TextLine id="r1l18" custom="readingOrder {index:17;}">
                <Coords points="1011,1598 2046,1608 2080,1549 1012,1543"/>
                <Baseline points="1029,1587 1080,1587 1132,1588 1183,1588 1235,1588 1286,1589 1338,1589 1389,1590 1441,1590 1492,1591 1544,1591 1596,1591 1647,1592 1699,1592 1750,1592 1802,1592 1853,1592 1905,1592 1956,1592 2008,1592 2060,1592"/>
                <TextEquiv>
                    <Unicode>Fall ist es eine leichtsinnige Tendenzmacherei, unsere</Unicode>
                </TextEquiv>
            </TextLine>
            <TextLine id="r1l19" custom="readingOrder {index:18;}">
                <Coords points="2081,1603 3120,1621 3164,1611 3165,1541 2669,1571 2082,1552"/>
                <Baseline points="2098,1594 2150,1595 2202,1595 2254,1596 2307,1597 2359,1598 2411,1599 2464,1600 2516,1601 2568,1602 2621,1603 2673,1604 2725,1605 2777,1606 2830,1606 2882,1607 2934,1607 2987,1607 3039,1606 3091,1606 3144,1605"/>
                <TextEquiv>
                    <Unicode>und Vorstellungen gegen Toni Weber zu schüren: man</Unicode>
                </TextEquiv>
            </TextLine>
            <TextLine id="r1l20" custom="readingOrder {index:19;}">
                <Coords points="197,1614 256,1636 388,1614 579,1643 612,1621 1008,1635 1008,1573 197,1574"/>
                <Baseline points="217,1619 255,1620 294,1620 332,1620 371,1620 410,1620 448,1621 487,1621 526,1621 564,1621 603,1621 642,1621 680,1621 719,1621 758,1621 796,1620 835,1620 874,1619 912,1619 951,1618 990,1617"/>
                <TextEquiv>
                    <Unicode>schaffen, eine eigene österreichische Kultur</Unicode>
                </TextEquiv>
            </TextLine>
            <TextLine id="r1l21" custom="readingOrder {index:20;}">
                <Coords points="1007,1657 2083,1652 2083,1593 1914,1578 1008,1598"/>
                <Baseline points="1027,1636 1078,1635 1130,1635 1182,1635 1234,1635 1286,1636 1338,1636 1390,1637 1442,1638 1494,1639 1546,1639 1597,1640 1649,1641 1701,1641 1753,1641 1805,1641 1857,1641 1909,1640 1961,1639 2013,1638 2065,1636"/>
                <TextEquiv>
                    <Unicode>gesellschaftliche Schamhaftigkeit, die sich instinktiv in der</Unicode>
                </TextEquiv>
            </TextLine>
            <TextLine id="r1l22" custom="readingOrder {index:21;}">
                <Coords points="2073,1647 3156,1655 3156,1607 2074,1603"/>
                <Baseline points="2093,1645 2145,1644 2197,1644 2249,1643 2301,1643 2354,1644 2406,1644 2458,1645 2510,1646 2562,1646 2615,1647 2667,1648 2719,1649 2771,1649 2823,1650 2876,1650 2928,1650 2980,1649 3032,1649 3084,1648 3137,1646"/>
                <TextEquiv>
                    <Unicode>habe wohl eine Pflicht an dem Kinde des Sohnes zu er¬</Unicode>
                </TextEquiv>
            </TextLine>
            <TextLine id="r1l23" custom="readingOrder {index:22;}">
                <Coords points="191,1669 1002,1679 1002,1620 583,1643 367,1603 341,1625 191,1622"/>
                <Baseline points="209,1667 247,1667 286,1667 325,1668 364,1668 403,1668 441,1668 480,1669 519,1669 558,1669 597,1669 635,1669 674,1669 713,1669 752,1669 791,1668 829,1667 868,1667 907,1666 946,1665 985,1663"/>
                <TextEquiv>
                    <Unicode>cht Wiederkäuer sein, sondern Renaissance¬</Unicode>
                </TextEquiv>
            </TextLine>
            <TextLine id="r1l24" custom="readingOrder {index:23;}">
                <Coords points="1009,1693 2073,1701 2073,1643 2033,1639 1009,1638"/>
                <Baseline points="1029,1685 1080,1684 1131,1683 1182,1683 1234,1683 1285,1683 1336,1683 1388,1684 1439,1685 1490,1686 1542,1686 1593,1687 1644,1688 1695,1689 1747,1689 1798,1689 1849,1688 1901,1688 1952,1687 2003,1684 2055,1682"/>
                <TextEquiv>
                    <Unicode>grundsätzlichen Anerkennung der Ehe und der Familie</Unicode>
                </TextEquiv>
            </TextLine>
            <TextLine id="r1l25" custom="readingOrder {index:24;}">
                <Coords points="2082,1690 2963,1723 3157,1706 3158,1655 2082,1650"/>
                <Baseline points="2099,1692 2151,1691 2203,1691 2255,1691 2307,1692 2359,1692 2411,1693 2463,1694 2515,1694 2567,1695 2619,1696 2671,1697 2723,1697 2775,1698 2827,1698 2879,1698 2931,1698 2983,1698 3035,1698 3087,1697 3139,1695"/>
                <TextEquiv>
                    <Unicode>füllen gehabt, nicht aber eine weitere mehr an der Ge¬</Unicode>
                </TextEquiv>
            </TextLine>
            <TextLine id="r1l26" custom="readingOrder {index:25;}">
                <Coords points="202,1718 1010,1722 988,1670 203,1682"/>
                <Baseline points="220,1713 258,1714 297,1714 335,1715 374,1715 413,1716 451,1716 490,1716 528,1716 567,1716 606,1716 644,1716 683,1716 721,1716 760,1716 799,1717 837,1717 876,1717 914,1717 953,1717 992,1717"/>
                <TextEquiv>
                    <Unicode>ßund einzigartig, keine Eklektiker, sondern</Unicode>
                </TextEquiv>
            </TextLine>
            <TextLine id="r1l27" custom="readingOrder {index:26;}">
                <Coords points="1001,1754 2084,1743 2084,1702 1824,1679 1001,1688"/>
                <Baseline points="1018,1727 1070,1728 1122,1728 1174,1729 1227,1729 1279,1730 1331,1731 1384,1731 1436,1732 1488,1733 1541,1733 1593,1734 1645,1734 1697,1734 1750,1735 1802,1735 1854,1734 1907,1734 1959,1734 2011,1733 2064,1732"/>
                <TextEquiv>
                    <Unicode>ausdrückt, schlechtweg als Heuchelei zu verwerfen, statt sie</Unicode>
                </TextEquiv>
            </TextLine>
            <TextLine id="r1l28" custom="readingOrder {index:27;}">
                <Coords points="2080,1746 3123,1754 3149,1703 2081,1690"/>
                <Baseline points="2100,1733 2151,1734 2203,1734 2254,1736 2306,1736 2358,1738 2409,1738 2461,1739 2512,1741 2564,1741 2616,1742 2667,1743 2719,1744 2770,1745 2822,1745 2874,1746 2925,1746 2977,1747 3028,1747 3080,1747 3132,1747"/>
                <TextEquiv>
                    <Unicode>liebten des Sohnes zu erfüllen, nota bene an einer im</Unicode>
                </TextEquiv>
            </TextLine>
            <TextLine id="r1l29" custom="readingOrder {index:28;}">
                <Coords points="198,1774 995,1768 995,1731 925,1723 199,1719"/>
                <Baseline points="216,1763 254,1763 292,1762 330,1762 368,1762 406,1762 444,1762 482,1762 520,1762 558,1763 597,1763 635,1763 673,1764 711,1764 749,1764 787,1765 825,1765 863,1766 901,1766 939,1766 978,1767"/>
                <TextEquiv>
                    <Unicode>s. w. So hörte man es aus dem Jung¬</Unicode>
                </TextEquiv>
            </TextLine>
            <TextLine id="r1l30" custom="readingOrder {index:29;}">
                <Coords points="1007,1792 2079,1800 2079,1738 1008,1729"/>
                <Baseline points="1026,1772 1077,1772 1129,1773 1180,1774 1232,1775 1284,1776 1335,1777 1387,1778 1439,1779 1490,1780 1542,1780 1594,1781 1645,1782 1697,1782 1749,1783 1800,1783 1852,1783 1904,1783 1955,1782 2007,1782 2059,1781"/>
                <TextEquiv>
                    <Unicode>als angestammte sittliche Empfindung aufzufassen und sie</Unicode>
                </TextEquiv>
            </TextLine>
            <TextLine id="r1l31" custom="readingOrder {index:30;}">
                <Coords points="2083,1780 2952,1815 3136,1811 3166,1764 2083,1743"/>
                <Baseline points="2102,1782 2154,1782 2206,1782 2258,1783 2310,1783 2363,1784 2415,1785 2467,1786 2519,1787 2571,1788 2624,1789 2676,1790 2728,1791 2780,1792 2832,1793 2885,1794 2937,1794 2989,1795 3041,1795 3093,1795 3146,1795"/>
                <TextEquiv>
                    <Unicode>Grunde wildfremden Person, deren Anwesenheit täglich</Unicode>
                </TextEquiv>
            </TextLine>
            <TextLine id="r1l32" custom="readingOrder {index:31;}">
                <Coords points="188,1820 948,1825 999,1814 999,1766 188,1772"/>
                <Baseline points="205,1808 243,1809 282,1810 321,1810 360,1811 399,1811 438,1811 476,1811 515,1811 554,1811 593,1811 632,1810 671,1810 710,1810 748,1809 787,1809 826,1809 865,1809 904,1808 943,1808 982,1808"/>
                <TextEquiv>
                    <Unicode>rwalde seit Jahr und Tag in allen Ton¬</Unicode>
                </TextEquiv>
            </TextLine>
            <TextLine id="r1l33" custom="readingOrder {index:32;}">
                <Coords points="995,1839 2088,1863 2089,1782 995,1770"/>
                <Baseline points="1013,1824 1065,1823 1118,1822 1171,1822 1224,1822 1277,1823 1329,1823 1382,1824 1435,1824 1488,1825 1541,1826 1593,1827 1646,1828 1699,1828 1752,1829 1805,1829 1857,1829 1910,1829 1963,1829 2016,1828 2069,1827"/>
                <TextEquiv>
                    <Unicode>als solche der Emanzipation des Fleisches entgegen¬</Unicode>
                </TextEquiv>
            </TextLine>
            <TextLine id="r1l34" custom="readingOrder {index:33;}">
                <Coords points="2083,1840 3155,1843 3155,1799 2084,1781"/>
                <Baseline points="2100,1831 2151,1831 2203,1831 2255,1831 2307,1832 2358,1832 2410,1833 2462,1834 2514,1835 2565,1836 2617,1837 2669,1837 2721,1839 2772,1839 2824,1840 2876,1841 2928,1841 2979,1841 3031,1842 3083,1841 3135,1841"/>
                <TextEquiv>
                    <Unicode>und stündlich die Familienehre kompromittirt. So läßt</Unicode>
                </TextEquiv>
            </TextLine>
            <TextLine id="r1l35" custom="readingOrder {index:34;}">
                <Coords points="204,1858 288,1880 417,1855 1004,1871 1004,1812 530,1822 446,1796 204,1825"/>
                <Baseline points="223,1857 261,1856 299,1855 337,1855 375,1855 414,1855 452,1855 490,1855 528,1855 566,1856 605,1856 643,1857 681,1857 719,1857 757,1858 796,1858 834,1858 872,1857 910,1857 948,1856 987,1855"/>
                <TextEquiv>
                    <Unicode>Und was hat das literarische Jung=Wien</Unicode>
                </TextEquiv>
            </TextLine>
            <TextLine id="r1l36" custom="readingOrder {index:35;}">
                <Coords points="1002,1875 1020,1874 1039,1892 1064,1884 1094,1894 1127,1874 1160,1881 1214,1868 1214,1842 1192,1843 1169,1829 1144,1834 1114,1820 1059,1836 1041,1829 1026,1841 1001,1838"/>
                <Baseline points="1021,1875 1046,1872 1071,1869 1096,1867 1121,1867 1146,1867 1171,1868 1197,1869"/>
                <TextEquiv>
                    <Unicode>zustellen.</Unicode>
                </TextEquiv>
            </TextLine>
            <TextLine id="r1l37" custom="readingOrder {index:36;}">
                <Coords points="2083,1883 3159,1890 3159,1846 2084,1842"/>
                <Baseline points="2101,1881 2153,1880 2205,1879 2257,1879 2309,1879 2361,1879 2413,1880 2465,1880 2517,1881 2569,1881 2621,1882 2673,1883 2725,1884 2777,1885 2829,1886 2881,1886 2933,1887 2985,1887 3037,1888 3089,1888 3141,1888"/>
                <TextEquiv>
                    <Unicode>man denn der armen Toni Weber Wohnung und Kost</Unicode>
                </TextEquiv>
            </TextLine>
            <TextLine id="r1l38" custom="readingOrder {index:37;}">
                <Coords points="205,1910 943,1918 1005,1907 1006,1852 206,1855"/>
                <Baseline points="223,1903 261,1903 299,1902 337,1902 376,1902 414,1902 452,1903 490,1903 529,1903 567,1904 605,1904 643,1904 682,1905 720,1905 758,1905 796,1906 835,1906 873,1906 911,1906 949,1905 988,1905"/>
                <TextEquiv>
                    <Unicode>ist glücklich wieder bei Sardon und</Unicode>
                </TextEquiv>
            </TextLine>
            <TextLine id="r1l39" custom="readingOrder {index:38;}">
                <Coords points="1087,1917 2034,1935 2085,1928 2086,1880 1334,1854 1088,1884"/>
                <Baseline points="1107,1914 1155,1914 1203,1915 1251,1915 1299,1916 1347,1917 1395,1918 1443,1918 1491,1919 1539,1920 1587,1921 1635,1922 1683,1922 1731,1923 1779,1923 1827,1923 1875,1923 1923,1923 1971,1923 2019,1923 2068,1922"/>
                <TextEquiv>
                    <Unicode>Sehen wir uns die traurige Geschichte, die uns</Unicode>
                </TextEquiv>
            </TextLine>
            <TextLine id="r1l40" custom="readingOrder {index:39;}">
                <Coords points="2077,1929 3005,1958 3156,1930 3156,1894 3039,1885 2078,1874"/>
                <Baseline points="2096,1925 2148,1925 2200,1926 2252,1926 2304,1927 2356,1927 2408,1928 2460,1929 2512,1929 2564,1930 2616,1931 2668,1932 2720,1933 2772,1933 2824,1934 2876,1934 2928,1935 2980,1935 3032,1935 3084,1935 3136,1935"/>
                <TextEquiv>
                    <Unicode>kündigen und bietet ihr dafür eine Rente an, über deren</Unicode>
                </TextEquiv>
            </TextLine>
            <TextLine id="r1l41" custom="readingOrder {index:40;}">
                <Coords points="186,1961 982,1964 1004,1961 1005,1909 186,1913"/>
                <Baseline points="205,1950 244,1949 283,1948 322,1948 361,1948 400,1948 439,1948 478,1948 517,1948 556,1948 595,1949 634,1949 673,1950 712,1950 751,1950 790,1951 829,1951 868,1951 907,1951 946,1951 986,1950"/>
                <TextEquiv>
                    <Unicode>ngt. Ehebruch und Dirnenthum, das sind</Unicode>
                </TextEquiv>
            </TextLine>
            <TextLine id="r1l42" custom="readingOrder {index:41;}">
                <Coords points="996,1974 2075,1989 2076,1926 997,1919"/>
                <Baseline points="1014,1961 1066,1962 1118,1962 1170,1963 1222,1964 1274,1965 1326,1966 1378,1967 1430,1968 1482,1969 1535,1970 1587,1970 1639,1971 1691,1972 1743,1972 1795,1972 1847,1972 1899,1971 1951,1971 2003,1970 2056,1968"/>
                <TextEquiv>
                    <Unicode>Arthur Schnitzler von dem süßen Vorstadtmäderl Toni</Unicode>
                </TextEquiv>
            </TextLine>
            <TextLine id="r1l43" custom="readingOrder {index:42;}">
                <Coords points="2084,1980 3156,1999 3149,1929 2085,1932"/>
                <Baseline points="2102,1970 2153,1971 2205,1973 2257,1973 2309,1974 2361,1975 2413,1976 2464,1976 2516,1976 2568,1977 2620,1977 2672,1978 2724,1978 2776,1979 2827,1979 2879,1980 2931,1980 2983,1981 3035,1982 3087,1983 3139,1984"/>
                <TextEquiv>
                    <Unicode>Vortheile sie fern von Madrid nachdenken möge. Toni</Unicode>
                </TextEquiv>
            </TextLine>
            <TextLine id="r1l44" custom="readingOrder {index:43;}">
                <Coords points="191,2005 999,2004 999,1963 907,1955 192,1958"/>
                <Baseline points="210,1997 248,1996 287,1996 325,1996 364,1996 403,1996 441,1996 480,1996 518,1997 557,1997 596,1998 634,1998 673,1999 711,1999 750,1999 789,2000 827,2000 866,2000 904,2000 943,2000 982,2000"/>
                <TextEquiv>
                    <Unicode>le, um welche sich Jung-Wien selbstgefällig</Unicode>
                </TextEquiv>
            </TextLine>
            <TextLine id="r1l45" custom="readingOrder {index:44;}">
                <Coords points="1003,2023 2075,2029 2075,1970 1004,1972"/>
                <Baseline points="1022,2008 1073,2009 1125,2010 1177,2011 1229,2012 1281,2013 1332,2014 1384,2015 1436,2016 1488,2016 1540,2017 1591,2017 1643,2018 1695,2018 1747,2018 1799,2018 1850,2018 1902,2018 1954,2017 2006,2016 2058,2015"/>
                <TextEquiv>
                    <Unicode>Weber erzählt, ein wenig näher an. Ein bürgerlicher</Unicode>
                </TextEquiv>
            </TextLine>
            <TextLine id="r1l46" custom="readingOrder {index:45;}">
                <Coords points="2074,2023 3160,2039 3138,1980 2074,1986"/>
                <Baseline points="2091,2020 2143,2020 2195,2020 2248,2020 2300,2020 2353,2021 2405,2021 2458,2022 2510,2023 2563,2024 2615,2025 2667,2026 2720,2027 2772,2027 2825,2028 2877,2028 2930,2029 2982,2029 3035,2029 3087,2028 3140,2027"/>
                <TextEquiv>
                    <Unicode>Weber ist aber keine „Solchene“, die sich mit Geld ab¬</Unicode>
                </TextEquiv>
            </TextLine>
            <TextLine id="r1l47" custom="readingOrder {index:46;}">
                <Coords points="191,2053 1005,2061 1006,2002 191,1994"/>
                <Baseline points="208,2043 247,2043 286,2043 325,2043 364,2044 403,2044 442,2044 481,2045 520,2045 559,2045 598,2045 637,2046 676,2046 715,2046 754,2046 793,2047 832,2047 871,2047 910,2046 949,2046 989,2046"/>
                <TextEquiv>
                    <Unicode>ergnügten Possierlichkeit eines Vierhänders</Unicode>
                </TextEquiv>
            </TextLine>
            <TextLine id="r1l48" custom="readingOrder {index:47;}">
                <Coords points="999,2066 2078,2062 2078,2011 999,2003"/>
                <Baseline points="1017,2054 1069,2055 1121,2056 1173,2057 1225,2058 1277,2059 1329,2060 1381,2060 1433,2061 1485,2061 1537,2062 1589,2062 1641,2063 1693,2063 1745,2063 1797,2063 1849,2063 1901,2062 1953,2062 2005,2061 2058,2060"/>
                <TextEquiv>
                    <Unicode>Genußjüngling hat sich auf einem Spazierritt im Prater</Unicode>
                </TextEquiv>
            </TextLine>
            <TextLine id="r1l49" custom="readingOrder {index:48;}">
                <Coords points="2075,2080 3077,2095 3161,2089 3162,2027 2076,2010"/>
                <Baseline points="2094,2066 2146,2066 2198,2066 2251,2067 2303,2067 2356,2068 2408,2068 2460,2069 2513,2070 2565,2070 2618,2071 2670,2072 2722,2072 2775,2073 2827,2074 2880,2075 2932,2075 2984,2076 3037,2076 3089,2076 3142,2077"/>
                <TextEquiv>
                    <Unicode>fertigen läßt; sie nimmt sich die Aufsage so zu Herzen,</Unicode>
                </TextEquiv>
            </TextLine>
            <TextLine id="r1l50" custom="readingOrder {index:49;}">
                <Coords points="189,2116 318,2088 417,2118 553,2090 736,2121 997,2101 997,2050 190,2057"/>
                <Baseline points="209,2088 247,2088 286,2088 324,2088 363,2089 401,2089 440,2089 478,2090 517,2090 555,2091 594,2091 632,2092 671,2092 709,2092 748,2093 786,2093 825,2093 863,2094 902,2094 940,2094 979,2094"/>
                <TextEquiv>
                    <Unicode>einem Akrobaten die Riesenwelle abge¬</Unicode>
                </TextEquiv>
            </TextLine>
            <TextLine id="r1l51" custom="readingOrder {index:50;}">
                <Coords points="1001,2121 2076,2129 2077,2063 1002,2059"/>
                <Baseline points="1021,2107 1072,2105 1124,2105 1176,2104 1228,2104 1280,2104 1332,2104 1383,2105 1435,2105 1487,2106 1539,2107 1591,2108 1643,2108 1695,2109 1746,2110 1798,2110 1850,2110 1902,2111 1954,2110 2006,2110 2058,2109"/>
                <TextEquiv>
                    <Unicode>das Genick gebrochen. Sierbend erpreßt er seinen Eltern</Unicode>
                </TextEquiv>
            </TextLine>
            <TextLine id="r1l52" custom="readingOrder {index:51;}">
                <Coords points="2083,2115 3162,2131 3163,2072 2084,2068"/>
                <Baseline points="2100,2113 2152,2113 2204,2112 2256,2113 2308,2113 2360,2113 2412,2114 2464,2115 2516,2116 2568,2116 2621,2117 2673,2118 2725,2119 2777,2120 2829,2121 2881,2121 2933,2121 2985,2122 3037,2122 3089,2121 3142,2120"/>
                <TextEquiv>
                    <Unicode>daß sie schnurstracks in die Donau läuft. Nun wird es</Unicode>
                </TextEquiv>
            </TextLine>
            <TextLine id="r1l53" custom="readingOrder {index:52;}">
                <Coords points="1014,2159 1642,2171 1686,2138 1759,2172 2075,2174 2075,2119 2013,2115 1015,2107"/>
                <Baseline points="1031,2152 1082,2151 1133,2150 1185,2150 1236,2149 1287,2149 1339,2149 1390,2150 1441,2150 1493,2151 1544,2152 1595,2152 1647,2153 1698,2154 1749,2155 1801,2155 1852,2156 1903,2156 1955,2156 2006,2156 2058,2156"/>
                <TextEquiv>
                    <Unicode>das Versprechen, sein „Vermächtniß“ d. i. seine Geliebte</Unicode>
                </TextEquiv>
            </TextLine>
            <TextLine id="r1l54" custom="readingOrder {index:53;}">
                <Coords points="2073,2165 3163,2193 3163,2135 3076,2118 2074,2106"/>
                <Baseline points="2091,2158 2143,2158 2196,2159 2249,2159 2301,2160 2354,2160 2407,2161 2459,2162 2512,2163 2565,2164 2618,2165 2670,2166 2723,2167 2776,2168 2828,2169 2881,2170 2934,2170 2986,2171 3039,2172 3092,2172 3145,2172"/>
                <TextEquiv>
                    <Unicode>Allen kund, welchen Engel man um der gesellschaftlichen</Unicode>
                </TextEquiv>
            </TextLine>
            <TextLine id="r1l55" custom="readingOrder {index:54;}">
                <Coords points="186,2207 1001,2193 1001,2145 821,2125 186,2141"/>
                <Baseline points="206,2189 244,2191 283,2191 322,2192 361,2193 400,2194 439,2195 478,2195 517,2195 556,2196 595,2196 633,2197 672,2197 711,2197 750,2197 789,2197 828,2197 867,2197 906,2197 945,2197 984,2197"/>
                <TextEquiv>
                    <Unicode>mann Bahr mit seiner widerlichen Effekt¬</Unicode>
                </TextEquiv>
            </TextLine>
            <TextLine id="r1l56" custom="readingOrder {index:55;}">
                <Coords points="997,2223 2080,2216 2080,2172 1761,2173 1684,2139 998,2157"/>
                <Baseline points="1015,2200 1067,2199 1119,2197 1172,2197 1224,2196 1276,2196 1329,2196 1381,2197 1433,2197 1486,2198 1538,2199 1590,2200 1643,2201 1695,2202 1747,2203 1800,2204 1852,2205 1904,2205 1957,2206 2009,2206 2062,2205"/>
                <TextEquiv>
                    <Unicode>Toni Weber und ihr vierjähriges Kind, in's Haus zu</Unicode>
                </TextEquiv>
            </TextLine>
            <TextLine id="r1l57" custom="readingOrder {index:56;}">
                <Coords points="2080,2234 2356,2205 2708,2214 2785,2241 2917,2221 2918,2188 2316,2146 2081,2168"/>
                <Baseline points="2098,2206 2138,2205 2178,2204 2218,2204 2258,2204 2298,2204 2338,2204 2378,2205 2418,2206 2458,2207 2498,2208 2538,2209 2578,2210 2618,2211 2658,2212 2698,2213 2738,2213 2778,2213 2818,2214 2858,2213 2898,2213"/>
                <TextEquiv>
                    <Unicode>Zimperlichkeit willen in den Tod gejagt...</Unicode>
                </TextEquiv>
            </TextLine>
            <TextLine id="r1l58" custom="readingOrder {index:57;}">
                <Coords points="191,2251 999,2252 999,2201 192,2196"/>
                <Baseline points="208,2241 246,2241 285,2242 324,2242 362,2243 401,2244 440,2244 478,2245 517,2246 556,2246 595,2247 633,2247 672,2247 711,2248 749,2248 788,2247 827,2247 865,2246 904,2246 943,2244 982,2243"/>
                <TextEquiv>
                    <Unicode>m Ehebruchsstücke „Juana“ sich als Thea¬</Unicode>
                </TextEquiv>
            </TextLine>
            <TextLine id="r1l59" custom="readingOrder {index:58;}">
                <Coords points="1009,2249 2081,2266 2081,2204 1010,2197"/>
                <Baseline points="1029,2246 1080,2244 1132,2243 1183,2243 1235,2243 1287,2243 1338,2243 1390,2244 1442,2245 1493,2246 1545,2247 1597,2248 1648,2249 1700,2250 1752,2251 1803,2251 1855,2251 1907,2251 1958,2251 2010,2250 2062,2249"/>
                <TextEquiv>
                    <Unicode>nehmen und seine lebendige Hinterlassenschaft als legitimen</Unicode>
                </TextEquiv>
            </TextLine>
            <TextLine id="r1l60" custom="readingOrder {index:59;}">
                <Coords points="2158,2253 3119,2274 3152,2259 3153,2197 2995,2188 2877,2231 2477,2201 2158,2227"/>
                <Baseline points="2175,2253 2223,2253 2271,2252 2319,2252 2367,2253 2415,2254 2463,2254 2511,2255 2559,2256 2607,2257 2655,2258 2703,2259 2751,2260 2799,2260 2847,2261 2895,2261 2943,2261 2991,2260 3039,2260 3087,2258 3135,2257"/>
                <TextEquiv>
                    <Unicode>Das ist die traurige Geschichte, das tragische Ge¬</Unicode>
                </TextEquiv>
            </TextLine>
            <TextLine id="r1l61" custom="readingOrder {index:60;}">
                <Coords points="191,2292 976,2305 1002,2298 1003,2239 819,2260 192,2244"/>
                <Baseline points="211,2289 249,2289 288,2289 326,2290 365,2290 404,2291 442,2292 481,2292 519,2293 558,2294 597,2295 635,2296 674,2296 712,2296 751,2296 790,2296 828,2296 867,2295 905,2294 944,2292 983,2290"/>
                <TextEquiv>
                    <Unicode>Schlage eines Sardou entpuppt, bei dem</Unicode>
                </TextEquiv>
            </TextLine>
            <TextLine id="r1l62" custom="readingOrder {index:61;}">
                <Coords points="999,2305 1340,2286 1523,2317 1637,2288 1762,2315 1832,2286 2081,2321 2082,2251 999,2243"/>
                <Baseline points="1018,2294 1070,2293 1122,2292 1174,2291 1227,2291 1279,2291 1331,2292 1384,2292 1436,2293 1488,2294 1541,2295 1593,2296 1645,2297 1697,2297 1750,2298 1802,2298 1854,2299 1907,2298 1959,2298 2011,2297 2064,2296"/>
                <TextEquiv>
                    <Unicode>Familienzuwachs zu behandeln. Eigentlich hätten die</Unicode>
                </TextEquiv>
            </TextLine>
            <TextLine id="r1l63" custom="readingOrder {index:62;}">
                <Coords points="2072,2315 3085,2321 3154,2311 3155,2256 2546,2274 2128,2231 2072,2260"/>
                <Baseline points="2091,2304 2143,2302 2195,2300 2247,2300 2300,2299 2352,2299 2404,2300 2456,2301 2509,2302 2561,2303 2613,2305 2665,2307 2718,2308 2770,2309 2822,2310 2874,2311 2927,2312 2979,2311 3031,2311 3083,2310 3136,2308"/>
                <TextEquiv>
                    <Unicode>schick der Toni Weber. Allein Herr Schnitzler suchte</Unicode>
                </TextEquiv>
            </TextLine>
            <TextLine id="r1l64" custom="readingOrder {index:63;}">
                <Coords points="182,2349 828,2335 1011,2360 1011,2294 982,2291 182,2294"/>
                <Baseline points="202,2336 241,2336 281,2336 320,2336 360,2336 400,2337 439,2337 479,2338 518,2338 558,2339 598,2339 637,2339 677,2339 716,2339 756,2339 796,2339 835,2338 875,2337 914,2336 954,2335 994,2333"/>
                <TextEquiv>
                    <Unicode>matische Gehalt eines Stückes in den An¬</Unicode>
                </TextEquiv>
            </TextLine>
            <TextLine id="r1l65" custom="readingOrder {index:64;}">
                <Coords points="1005,2350 2073,2358 2066,2299 1005,2298"/>
                <Baseline points="1024,2337 1075,2336 1127,2336 1178,2336 1230,2336 1281,2336 1333,2337 1384,2338 1436,2338 1487,2339 1539,2340 1590,2341 1642,2342 1693,2343 1745,2343 1796,2343 1848,2343 1899,2343 1951,2342 2002,2341 2054,2339"/>
                <TextEquiv>
                    <Unicode>weinenden Erben Rücksicht zu nehmen auf eine unver¬</Unicode>
                </TextEquiv>
            </TextLine>
            <TextLine id="r1l66" custom="readingOrder {index:65;}">
                <Coords points="2083,2359 3150,2369 3151,2310 2083,2307"/>
                <Baseline points="2100,2346 2151,2346 2203,2346 2254,2346 2306,2347 2357,2347 2409,2348 2460,2349 2512,2350 2563,2350 2615,2351 2667,2352 2718,2353 2770,2354 2821,2355 2873,2356 2924,2356 2976,2356 3027,2357 3079,2357 3131,2357"/>
                <TextEquiv>
                    <Unicode>nicht die ewige Tragik solcher Geschöpfe, deren Neivetä</Unicode>
                </TextEquiv>
            </TextLine>
            <TextLine id="r1l67" custom="readingOrder {index:66;}">
                <Coords points="182,2382 876,2403 1004,2381 1004,2341 182,2349"/>
                <Baseline points="202,2382 241,2382 280,2383 319,2383 358,2383 397,2384 436,2384 475,2385 514,2385 553,2385 593,2385 632,2385 671,2385 710,2385 749,2385 788,2384 827,2384 866,2383 905,2382 944,2381 984,2379"/>
                <TextEquiv>
                    <Unicode>den Schauspieler steckt, so ist Arthur Schnitzler</Unicode>
                </TextEquiv>
            </TextLine>
            <TextLine id="r1l68" custom="readingOrder {index:67;}">
                <Coords points="1000,2396 2079,2406 2080,2344 1001,2344"/>
                <Baseline points="1020,2384 1072,2384 1124,2384 1176,2384 1228,2384 1280,2385 1332,2385 1384,2386 1436,2386 1488,2387 1541,2388 1593,2388 1645,2389 1697,2390 1749,2390 1801,2391 1853,2392 1905,2392 1957,2392 2009,2392 2062,2392"/>
                <TextEquiv>
                    <Unicode>heirathete Tochter, die gerade im Begriffe ist, sich mit</Unicode>
                </TextEquiv>
            </TextLine>
            <TextLine id="r1l69" custom="readingOrder {index:68;}">
                <Coords points="2071,2399 3153,2417 3154,2358 2072,2344"/>
                <Baseline points="2088,2394 2140,2394 2192,2394 2245,2395 2297,2395 2350,2396 2402,2396 2454,2397 2507,2398 2559,2399 2612,2400 2664,2401 2716,2402 2769,2403 2821,2404 2874,2404 2926,2405 2978,2405 3031,2405 3083,2405 3136,2405"/>
                <TextEquiv>
                    <Unicode>nur der inneren Stimme gehorcht, ohne auf die Gebote</Unicode>
                </TextEquiv>
            </TextLine>
            <TextLine id="r1l70" custom="readingOrder {index:69;}">
                <Coords points="187,2445 426,2442 470,2413 499,2443 815,2429 1009,2456 1010,2379 734,2400 580,2370 188,2383"/>
                <Baseline points="205,2430 244,2429 283,2428 322,2428 362,2428 401,2428 440,2429 479,2429 519,2429 558,2430 597,2430 636,2431 676,2432 715,2432 754,2432 793,2432 833,2432 872,2431 911,2431 950,2430 990,2428"/>
                <TextEquiv>
                    <Unicode>Vermächtniß“ geradenwegs in die Fuß¬</Unicode>
                </TextEquiv>
            </TextLine>
            <TextLine id="r1l71" custom="readingOrder {index:70;}">
                <Coords points="1010,2435 2078,2451 2078,2407 1972,2395 1010,2387"/>
                <Baseline points="1029,2432 1080,2431 1132,2431 1183,2431 1235,2431 1286,2431 1338,2432 1389,2432 1441,2432 1492,2433 1544,2433 1596,2434 1647,2435 1699,2435 1750,2436 1802,2437 1853,2437 1905,2438 1956,2438 2008,2438 2060,2439"/>
                <TextEquiv>
                    <Unicode>einem Manne von gesellschaftlicher Stellung zu verloben.</Unicode>
                </TextEquiv>
            </TextLine>
            <TextLine id="r1l72" custom="readingOrder {index:71;}">
                <Coords points="2071,2439 3157,2446 3157,2417 2989,2400 2071,2399"/>
                <Baseline points="2089,2443 2141,2442 2194,2442 2246,2442 2299,2442 2351,2443 2404,2444 2456,2445 2509,2446 2561,2447 2614,2448 2666,2449 2719,2450 2771,2451 2824,2452 2876,2452 2929,2453 2981,2453 3034,2453 3086,2452 3139,2451"/>
                <TextEquiv>
                    <Unicode>der gesellschaftlichen Moral zu hören, mit individuali¬</Unicode>
                </TextEquiv>
            </TextLine>
            <TextLine id="r1l73" custom="readingOrder {index:72;}">
                <Coords points="184,2493 1010,2485 1010,2433 900,2414 680,2446 460,2418 184,2427"/>
                <Baseline points="203,2474 242,2474 282,2473 321,2473 361,2473 400,2474 440,2474 479,2475 519,2475 558,2476 598,2476 637,2477 677,2477 716,2478 756,2478 795,2478 835,2478 874,2478 914,2478 953,2477 993,2476"/>
                <TextEquiv>
                    <Unicode>albweltvertheidigers Dumas getreten. Wie</Unicode>
                </TextEquiv>
            </TextLine>
            <TextLine id="r1l74" custom="readingOrder {index:73;}">
                <Coords points="1012,2484 1984,2501 2076,2490 2077,2450 1012,2436"/>
                <Baseline points="1029,2478 1080,2478 1131,2478 1183,2478 1234,2478 1286,2478 1337,2478 1388,2478 1440,2478 1491,2479 1543,2479 1594,2479 1645,2479 1697,2480 1748,2481 1800,2481 1851,2482 1902,2482 1954,2483 2005,2484 2057,2485"/>
                <TextEquiv>
                    <Unicode>Ungeachtet der Einwände des Alten und seines Schwieger¬</Unicode>
                </TextEquiv>
            </TextLine>
            <TextLine id="r1l75" custom="readingOrder {index:74;}">
                <Coords points="2087,2497 3151,2500 3118,2456 2087,2446"/>
                <Baseline points="2106,2491 2157,2491 2208,2490 2260,2490 2311,2490 2362,2490 2414,2490 2465,2490 2516,2491 2568,2492 2619,2492 2670,2493 2722,2494 2773,2494 2824,2495 2876,2496 2927,2497 2978,2497 3030,2498 3081,2498 3133,2499"/>
                <TextEquiv>
                    <Unicode>sirender Kunst und Absicht in die Region des Allgemein¬</Unicode>
                </TextEquiv>
            </TextLine>
            <TextLine id="r1l76" custom="readingOrder {index:75;}">
                <Coords points="202,2535 943,2537 1005,2529 1005,2482 719,2494 484,2469 202,2491"/>
                <Baseline points="219,2525 257,2524 295,2524 334,2524 372,2524 411,2524 449,2524 488,2524 526,2524 565,2524 603,2524 641,2524 680,2524 718,2524 757,2524 795,2523 834,2523 872,2523 911,2522 949,2522 988,2521"/>
                <TextEquiv>
                    <Unicode>r „Kameliendame“, so klagt auch Schnitzler</Unicode>
                </TextEquiv>
            </TextLine>
            <TextLine id="r1l77" custom="readingOrder {index:76;}">
                <Coords points="1006,2543 2074,2547 2074,2485 1006,2481"/>
                <Baseline points="1024,2525 1075,2525 1127,2525 1178,2525 1230,2525 1282,2525 1333,2526 1385,2526 1437,2526 1488,2527 1540,2527 1592,2527 1643,2528 1695,2528 1747,2529 1798,2529 1850,2530 1902,2530 1953,2531 2005,2531 2057,2532"/>
                <TextEquiv>
                    <Unicode>sohnes in spe wird das gegebene Wort redlich eingelöst</Unicode>
                </TextEquiv>
            </TextLine>
            <TextLine id="r1l78" custom="readingOrder {index:77;}">
                <Coords points="2079,2540 3158,2545 3158,2501 3125,2497 2079,2493"/>
                <Baseline points="2096,2535 2148,2536 2200,2536 2252,2536 2305,2537 2357,2538 2409,2538 2461,2539 2514,2540 2566,2541 2618,2542 2670,2543 2723,2543 2775,2544 2827,2544 2879,2545 2932,2545 2984,2545 3036,2545 3088,2544 3141,2544"/>
                <TextEquiv>
                    <Unicode>Menschlichen zu erheben, sondern er hat sich den Fall</Unicode>
                </TextEquiv>
            </TextLine>
            <TextLine id="r1l79" custom="readingOrder {index:78;}">
                <Coords points="201,2573 352,2595 509,2569 1008,2580 1008,2529 924,2518 201,2525"/>
                <Baseline points="219,2568 257,2568 296,2569 334,2570 373,2571 411,2571 450,2571 488,2571 527,2572 565,2572 604,2572 642,2571 681,2571 719,2571 758,2571 796,2570 835,2570 873,2570 912,2570 950,2569 989,2569"/>
                <TextEquiv>
                    <Unicode>d die Gesellschaft um ihrer rein äußerlichen</Unicode>
                </TextEquiv>
            </TextLine>
            <TextLine id="r1l80" custom="readingOrder {index:79;}">
                <Coords points="1002,2594 2073,2597 2074,2535 1002,2542"/>
                <Baseline points="1022,2570 1073,2570 1125,2570 1176,2570 1228,2571 1280,2571 1331,2572 1383,2572 1434,2573 1486,2573 1538,2574 1589,2574 1641,2575 1692,2576 1744,2576 1796,2577 1847,2577 1899,2578 1950,2578 2002,2579 2054,2579"/>
                <TextEquiv>
                    <Unicode>und Toni Weber mit ihrem „Bubi“ als Tochter und</Unicode>
                </TextEquiv>
            </TextLine>
            <TextLine id="r1l81" custom="readingOrder {index:80;}">
                <Coords points="2077,2584 3075,2606 3156,2589 3157,2545 2078,2540"/>
                <Baseline points="2096,2579 2148,2580 2200,2581 2252,2581 2304,2582 2356,2583 2408,2584 2461,2585 2513,2586 2565,2587 2617,2587 2669,2588 2721,2589 2773,2589 2826,2590 2878,2591 2930,2591 2982,2592 3034,2593 3086,2593 3139,2594"/>
                <TextEquiv>
                    <Unicode>Toni Weber eigens ausgeklügelt, um einen sozialkritischen</Unicode>
                </TextEquiv>
            </TextLine>
            <TextLine id="r1l82" custom="readingOrder {index:81;}">
                <Coords points="185,2624 339,2628 364,2606 394,2628 544,2610 1003,2640 1003,2570 185,2577"/>
                <Baseline points="202,2614 241,2615 280,2616 319,2617 358,2618 397,2618 436,2619 475,2619 514,2620 553,2620 593,2620 632,2620 671,2620 710,2619 749,2619 788,2619 827,2618 866,2617 905,2617 944,2616 984,2615"/>
                <TextEquiv>
                    <Unicode>llen an, weil sie von den erhabenen Ge¬</Unicode>
                </TextEquiv>
            </TextLine>
            <TextLine id="r1l83" custom="readingOrder {index:82;}">
                <Coords points="1011,2618 2083,2642 2083,2590 2035,2586 1012,2581"/>
                <Baseline points="1029,2619 1080,2618 1132,2617 1184,2617 1236,2617 1288,2618 1340,2619 1391,2619 1443,2621 1495,2621 1547,2622 1599,2624 1651,2625 1703,2625 1754,2626 1806,2627 1858,2627 1910,2627 1962,2627 2014,2626 2066,2625"/>
                <TextEquiv>
                    <Unicode>Enkel mit offenen Armen begrüßt und in die wohl¬</Unicode>
                </TextEquiv>
            </TextLine>
            <TextLine id="r1l84" custom="readingOrder {index:83;}">
                <Coords points="2077,2632 2484,2660 2539,2631 2924,2659 3145,2633 3145,2592 2077,2584"/>
                <Baseline points="2096,2629 2147,2629 2199,2629 2250,2630 2302,2630 2353,2631 2405,2631 2456,2632 2508,2633 2559,2634 2611,2634 2663,2635 2714,2636 2766,2637 2817,2638 2869,2639 2920,2639 2972,2640 3023,2641 3075,2642 3127,2642"/>
                <TextEquiv>
                    <Unicode>Vorwand zu haben für eine Anklage gegen die Hart¬</Unicode>
                </TextEquiv>
            </TextLine>
            <TextLine id="r1l85" custom="readingOrder {index:84;}">
                <Coords points="187,2668 1006,2679 1006,2639 910,2620 187,2624"/>
                <Baseline points="205,2668 244,2667 283,2666 322,2665 361,2664 400,2664 439,2664 478,2664 517,2664 556,2664 596,2664 635,2665 674,2665 713,2665 752,2666 791,2666 830,2666 869,2666 908,2665 947,2665 987,2664"/>
                <TextEquiv>
                    <Unicode>Halbwelt noch immer nichts wissen wollen;</Unicode>
                </TextEquiv>
            </TextLine>
            <TextLine id="r1l86" custom="readingOrder {index:85;}">
                <Coords points="1000,2679 1367,2690 1529,2658 1910,2692 2075,2679 2076,2627 1001,2613"/>
                <Baseline points="1018,2666 1070,2666 1122,2665 1174,2665 1226,2665 1278,2665 1330,2665 1382,2666 1434,2666 1486,2667 1538,2668 1590,2669 1642,2669 1694,2670 1746,2671 1798,2672 1850,2672 1902,2673 1954,2674 2006,2674 2058,2674"/>
                <TextEquiv>
                    <Unicode>habende Sippschaft derer von Losatti ausgenommen.</Unicode>
                </TextEquiv>
            </TextLine>
            <TextLine id="r1l87" custom="readingOrder {index:86;}">
                <Coords points="2069,2680 2201,2691 2271,2675 2300,2690 2311,2679 2370,2682 2399,2667 2432,2689 2491,2678 2491,2652 2443,2634 2414,2645 2329,2631 2289,2650 2259,2635 2124,2640 2069,2622"/>
                <Baseline points="2087,2677 2112,2677 2138,2677 2164,2677 2189,2677 2215,2677 2241,2677 2267,2677 2292,2677 2318,2676 2344,2676 2370,2676 2395,2676 2421,2675 2447,2675 2473,2674"/>
                <TextEquiv>
                    <Unicode>herzigkeit der in</Unicode>
                </TextEquiv>
            </TextLine>
            <TextLine id="r1l88" custom="readingOrder {index:87;}">
                <Coords points="2486,2684 2732,2693 2791,2672 2838,2694 3106,2697 3146,2682 3147,2631 2538,2629 2486,2647"/>
                <Baseline points="2504,2681 2535,2682 2566,2682 2597,2682 2629,2682 2660,2683 2691,2683 2722,2683 2754,2683 2785,2683 2816,2684 2847,2684 2879,2684 2910,2685 2941,2685 2972,2685 3004,2686 3035,2686 3066,2686 3097,2687 3129,2688"/>
                <TextEquiv>
                    <Unicode>konventioneller Lüge erstarrten</Unicode>
                </TextEquiv>
            </TextLine>
            <TextLine id="r1l89" custom="readingOrder {index:88;}">
                <Coords points="202,2723 950,2724 1009,2717 1009,2673 201,2671"/>
                <Baseline points="221,2712 259,2711 297,2711 336,2711 374,2711 413,2711 451,2711 489,2711 528,2711 566,2712 605,2712 643,2712 681,2712 720,2712 758,2712 797,2711 835,2711 873,2710 912,2709 950,2708 989,2707"/>
                <TextEquiv>
                    <Unicode>so umspinnt auch Schnitzler das Dirnen¬</Unicode>
                </TextEquiv>
            </TextLine>
            <TextLine id="r1l90" custom="readingOrder {index:89;}">
                <Coords points="998,2713 2074,2734 2074,2679 999,2666"/>
                <Baseline points="1016,2709 1070,2710 1125,2711 1180,2712 1234,2712 1289,2713 1344,2714 1398,2715 1453,2716 1508,2716 1562,2717 1617,2717 1672,2718 1726,2719 1781,2719 1836,2720 1890,2720 1945,2721 2000,2721 2055,2722"/>
                <TextEquiv>
                    <Unicode>Derselbe Zufall jedoch, der den jungen Losatti</Unicode>
                </TextEquiv>
            </TextLine>
            <TextLine id="r1l91" custom="readingOrder {index:90;}">
                <Coords points="2080,2723 3141,2751 3142,2681 2081,2679"/>
                <Baseline points="2099,2720 2150,2721 2201,2721 2252,2721 2304,2722 2355,2723 2406,2723 2457,2724 2509,2725 2560,2726 2611,2727 2662,2727 2714,2728 2765,2729 2816,2729 2867,2730 2919,2730 2970,2731 3021,2731 3072,2731 3124,2731"/>
                <TextEquiv>
                    <Unicode>Bourgeoisie. Nicht ein Wort der Anklage findet er gegen</Unicode>
                </TextEquiv>
            </TextLine>
            <TextLine id="r1l92" custom="readingOrder {index:91;}">
                <Coords points="186,2763 1011,2774 1011,2700 498,2723 186,2701"/>
                <Baseline points="203,2759 242,2758 282,2758 321,2757 361,2756 400,2756 440,2756 479,2756 519,2756 558,2756 598,2756 637,2756 677,2756 716,2756 756,2756 795,2756 835,2757 874,2757 914,2757 953,2757 993,2757"/>
                <TextEquiv>
                    <Unicode>Heiligenscheine lauterster Liebe und kommt</Unicode>
                </TextEquiv>
            </TextLine>
            <TextLine id="r1l93" custom="readingOrder {index:92;}">
                <Coords points="997,2762 1914,2779 1937,2713 1761,2700 1716,2733 1584,2735 997,2707"/>
                <Baseline points="1014,2757 1059,2757 1104,2758 1149,2758 1195,2758 1240,2759 1285,2759 1330,2760 1376,2760 1421,2760 1466,2761 1511,2761 1557,2762 1602,2762 1647,2763 1692,2763 1738,2764 1783,2764 1828,2765 1873,2765 1919,2766"/>
                <TextEquiv>
                    <Unicode>vom Pferde herabgeworfen hat, um dem</Unicode>
                </TextEquiv>
            </TextLine>
            <TextLine id="r1l94" custom="readingOrder {index:93;}">
                <Coords points="1940,2779 1962,2778 1972,2770 1991,2781 2027,2773 2035,2780 2079,2782 2077,2720 2019,2732 1971,2726 1960,2738 1938,2738"/>
                <Baseline points="1956,2770 1982,2769 2008,2768 2034,2767 2060,2768"/>
                <TextEquiv>
                    <Unicode>Fall</Unicode>
                </TextEquiv>
            </TextLine>
            <TextLine id="r1l95" custom="readingOrder {index:94;}">
                <Coords points="2077,2776 3159,2786 3160,2713 2943,2747 2077,2724"/>
                <Baseline points="2097,2768 2149,2768 2201,2768 2253,2769 2305,2769 2358,2769 2410,2770 2462,2771 2514,2772 2566,2773 2619,2773 2671,2774 2723,2775 2775,2776 2827,2776 2880,2776 2932,2776 2984,2776 3036,2776 3088,2775 3141,2774"/>
                <TextEquiv>
                    <Unicode>die Feigheit jenes Lebejünglings, der das süße Vorstadt¬</Unicode>
                </TextEquiv>
            </TextLine>
            <TextLine id="r1l96" custom="readingOrder {index:95;}">
                <Coords points="195,2815 973,2816 1002,2805 1002,2757 195,2760"/>
                <Baseline points="213,2801 251,2801 290,2801 328,2801 367,2801 405,2801 444,2800 482,2800 521,2800 559,2800 598,2800 636,2800 675,2800 713,2800 752,2800 790,2800 829,2801 867,2801 906,2802 944,2803 983,2803"/>
                <TextEquiv>
                    <Unicode>sse: Die bürgerliche Moral ist korrupt und</Unicode>
                </TextEquiv>
            </TextLine>
            <TextLine id="r1l97" custom="readingOrder {index:96;}">
                <Coords points="1004,2811 2087,2819 2087,2778 1933,2759 1005,2756"/>
                <Baseline points="1023,2806 1075,2807 1127,2807 1179,2807 1232,2807 1284,2807 1336,2807 1388,2807 1441,2806 1493,2806 1545,2806 1597,2806 1650,2806 1702,2806 1754,2807 1806,2808 1859,2809 1911,2811 1963,2814 2015,2816 2068,2819"/>
                <TextEquiv>
                    <Unicode>Toni Weber eine dramatisch=sozialkritische Ursache</Unicode>
                </TextEquiv>
            </TextLine>
            <TextLine id="r1l98" custom="readingOrder {index:97;}">
                <Coords points="2071,2838 2457,2802 2582,2837 3151,2817 3151,2773 2072,2768"/>
                <Baseline points="2091,2818 2143,2816 2195,2815 2247,2814 2299,2814 2351,2814 2403,2815 2455,2815 2507,2816 2559,2817 2612,2818 2664,2820 2716,2821 2768,2821 2820,2822 2872,2823 2924,2824 2976,2824 3028,2824 3080,2823 3133,2822"/>
                <TextEquiv>
                    <Unicode>mäderl zur Mutter jedoch aus Furcht vor dem Nasin¬</Unicode>
                </TextEquiv>
            </TextLine>
            <TextLine id="r1l99" custom="readingOrder {index:98;}">
                <Coords points="190,2854 836,2850 1001,2873 1001,2804 832,2824 190,2806"/>
                <Baseline points="208,2845 246,2846 285,2846 324,2847 363,2848 402,2849 440,2849 479,2850 518,2851 557,2851 596,2852 634,2852 673,2852 712,2853 751,2853 790,2853 828,2853 867,2853 906,2853 945,2853 984,2853"/>
                <TextEquiv>
                    <Unicode>hahrhafte Sittlichkeit wohnt nur noch im</Unicode>
                </TextEquiv>
            </TextLine>
            <TextLine id="r1l100" custom="readingOrder {index:99;}">
                <Coords points="999,2868 2045,2873 2089,2858 2089,2818 999,2820"/>
                <Baseline points="1019,2864 1071,2862 1124,2860 1176,2858 1229,2857 1281,2857 1334,2857 1386,2857 1439,2857 1491,2857 1544,2858 1596,2859 1649,2859 1701,2860 1754,2861 1806,2862 1859,2863 1911,2863 1964,2864 2016,2864 2069,2863"/>
                <TextEquiv>
                    <Unicode>zu geben, stellt sich pünklich zur Sekunde ein, wo die</Unicode>
                </TextEquiv>
            </TextLine>
            <TextLine id="r1l101" custom="readingOrder {index:100;}">
                <Coords points="2077,2862 2760,2884 2789,2858 3163,2906 3164,2811 2078,2814"/>
                <Baseline points="2095,2862 2147,2862 2199,2863 2252,2864 2304,2864 2357,2865 2409,2866 2462,2867 2514,2867 2567,2868 2619,2869 2671,2869 2724,2870 2776,2870 2829,2871 2881,2871 2934,2871 2986,2872 3039,2872 3091,2871 3144,2871"/>
                <TextEquiv>
                    <Unicode>rümpfen der Gesellschaft nicht auch zu seinem Webe</Unicode>
                </TextEquiv>
            </TextLine>
            <TextLine id="r1l102" custom="readingOrder {index:101;}">
                <Coords points="189,2919 3158,2925 189,2853"/>
                <Baseline points="206,2901 352,2901 499,2901 646,2901 793,2901 939,2902 1086,2902 1233,2903 1380,2905 1526,2906 1673,2908 1820,2909 1967,2911 2113,2912 2260,2914 2407,2915 2554,2917 2700,2918 2847,2920 2994,2921 3141,2922"/>
                <TextEquiv>
                    <Unicode>ßen Vorstadtmäderls, das auf die Ehe ver= spießbürgerliche Moral derer von Losatti mit dem gemacht hatte; nicht ein Wort der Anklage gegen die</Unicode>
                </TextEquiv>
            </TextLine>
            <TextEquiv>
                <Unicode>box 16/2
10. Das Vernnechtnis
zichtet, wenn es nur reichlich genug ausgehalten wird.
illegitimen Familienzuwachs sich abzufinden begonnen hat:
Burgtheater.
Wer möchte leugnen, daß unsere bürgerliche Wohlanstäu¬
er läßt das Kind sterben. Nun regen sich die ein¬
rmächtniß", Schauspiel in drei Akten
digkeit auf morschen Säulen ruht, wer aber möchte des¬
geschlummerten bürgerlichen Vorurtheile vom Neuen und
von Arthur Schnitzler.)
wegen behaupten, daß die Prostitution oder die freie Liebe
das im alten Losatti und in seinem zukünftigen Schwieger¬
und schöne Versprechungen war das
der Grundpfeiler aller tieferen Sittlichkeit ist? Auf jeden
sohn verkörperte böse Prinzip beginnt mit Einflüsterungen
ng-Wien nie verlegen. Wir wollen eine
Fall ist es eine leichtsinnige Tendenzmacherei, unsere
und Vorstellungen gegen Toni Weber zu schüren: man
schaffen, eine eigene österreichische Kultur
gesellschaftliche Schamhaftigkeit, die sich instinktiv in der
habe wohl eine Pflicht an dem Kinde des Sohnes zu er¬
cht Wiederkäuer sein, sondern Renaissance¬
grundsätzlichen Anerkennung der Ehe und der Familie
füllen gehabt, nicht aber eine weitere mehr an der Ge¬
ßund einzigartig, keine Eklektiker, sondern
ausdrückt, schlechtweg als Heuchelei zu verwerfen, statt sie
liebten des Sohnes zu erfüllen, nota bene an einer im
s. w. So hörte man es aus dem Jung¬
als angestammte sittliche Empfindung aufzufassen und sie
Grunde wildfremden Person, deren Anwesenheit täglich
rwalde seit Jahr und Tag in allen Ton¬
als solche der Emanzipation des Fleisches entgegen¬
und stündlich die Familienehre kompromittirt. So läßt
Und was hat das literarische Jung=Wien
zustellen.
man denn der armen Toni Weber Wohnung und Kost
ist glücklich wieder bei Sardon und
Sehen wir uns die traurige Geschichte, die uns
kündigen und bietet ihr dafür eine Rente an, über deren
ngt. Ehebruch und Dirnenthum, das sind
Arthur Schnitzler von dem süßen Vorstadtmäderl Toni
Vortheile sie fern von Madrid nachdenken möge. Toni
le, um welche sich Jung-Wien selbstgefällig
Weber erzählt, ein wenig näher an. Ein bürgerlicher
Weber ist aber keine „Solchene“, die sich mit Geld ab¬
ergnügten Possierlichkeit eines Vierhänders
Genußjüngling hat sich auf einem Spazierritt im Prater
fertigen läßt; sie nimmt sich die Aufsage so zu Herzen,
einem Akrobaten die Riesenwelle abge¬
das Genick gebrochen. Sierbend erpreßt er seinen Eltern
daß sie schnurstracks in die Donau läuft. Nun wird es
das Versprechen, sein „Vermächtniß“ d. i. seine Geliebte
Allen kund, welchen Engel man um der gesellschaftlichen
mann Bahr mit seiner widerlichen Effekt¬
Toni Weber und ihr vierjähriges Kind, in's Haus zu
Zimperlichkeit willen in den Tod gejagt...
m Ehebruchsstücke „Juana“ sich als Thea¬
nehmen und seine lebendige Hinterlassenschaft als legitimen
Das ist die traurige Geschichte, das tragische Ge¬
Schlage eines Sardou entpuppt, bei dem
Familienzuwachs zu behandeln. Eigentlich hätten die
schick der Toni Weber. Allein Herr Schnitzler suchte
matische Gehalt eines Stückes in den An¬
weinenden Erben Rücksicht zu nehmen auf eine unver¬
nicht die ewige Tragik solcher Geschöpfe, deren Neivetä
den Schauspieler steckt, so ist Arthur Schnitzler
heirathete Tochter, die gerade im Begriffe ist, sich mit
nur der inneren Stimme gehorcht, ohne auf die Gebote
Vermächtniß“ geradenwegs in die Fuß¬
einem Manne von gesellschaftlicher Stellung zu verloben.
der gesellschaftlichen Moral zu hören, mit individuali¬
albweltvertheidigers Dumas getreten. Wie
Ungeachtet der Einwände des Alten und seines Schwieger¬
sirender Kunst und Absicht in die Region des Allgemein¬
r „Kameliendame“, so klagt auch Schnitzler
sohnes in spe wird das gegebene Wort redlich eingelöst
Menschlichen zu erheben, sondern er hat sich den Fall
d die Gesellschaft um ihrer rein äußerlichen
und Toni Weber mit ihrem „Bubi“ als Tochter und
Toni Weber eigens ausgeklügelt, um einen sozialkritischen
llen an, weil sie von den erhabenen Ge¬
Enkel mit offenen Armen begrüßt und in die wohl¬
Vorwand zu haben für eine Anklage gegen die Hart¬
Halbwelt noch immer nichts wissen wollen;
habende Sippschaft derer von Losatti ausgenommen.
herzigkeit der in
konventioneller Lüge erstarrten
so umspinnt auch Schnitzler das Dirnen¬
Derselbe Zufall jedoch, der den jungen Losatti
Bourgeoisie. Nicht ein Wort der Anklage findet er gegen
Heiligenscheine lauterster Liebe und kommt
vom Pferde herabgeworfen hat, um dem
Fall
die Feigheit jenes Lebejünglings, der das süße Vorstadt¬
sse: Die bürgerliche Moral ist korrupt und
Toni Weber eine dramatisch=sozialkritische Ursache
mäderl zur Mutter jedoch aus Furcht vor dem Nasin¬
hahrhafte Sittlichkeit wohnt nur noch im
zu geben, stellt sich pünklich zur Sekunde ein, wo die
rümpfen der Gesellschaft nicht auch zu seinem Webe
ßen Vorstadtmäderls, das auf die Ehe ver= spießbürgerliche Moral derer von Losatti mit dem gemacht hatte; nicht ein Wort der Anklage gegen die</Unicode>
            </TextEquiv>
        </TextRegion>
    </Page>
</PcGts>
