3392 4384
200 303 1850 379 10. Das Vernaechtnis box 16/5
411 1243 1078 1323 —2 Kotl, San Praneisto, Rioch.
712 1306 1119 1381 (Quellenangabe ohns Gewahr.)
280 1339 328 1399 4
299 1344 1544 1511 6 Ausschnitt ausWIENER ABENDPOST
562 1426 988 1522 14, NGV. 100R
292 1452 527 1519 E vom:
652 1613 1117 1706 Theater und Kunst.
394 1695 1413 1774 Im Lustspieltheater kam gestern an einem
358 1737 1396 1820 literarischen Abend das Schauspiel „Das Ver¬
358 1804 1402 1864 mächtnis“ von Artur Schnitzler zur Auffüh¬
365 1868 1396 1922 rung: das schmerzvollste Dra Tod und Ein¬
362 1907 1417 1967 samkeit in der modernen Literatur; es ist eine Verklä=,
363 1955 1416 2023 rung des Schmerzes. Der Tod, der nicht bloß Verlust,
354 2012 1406 2083 sondern Vernichter von Liebe und Leben ist, wird hier
351 2064 1393 2137 an glücklichen jungen Menschen gezeigt. Drei Akte,
354 2105 1407 2174 drei Tote. Außerordentlich ist die Durchbildung der
351 2159 1402 2240 Charaktere. Professor Losatti in seinem Pathos des
353 2209 1406 2277 aufgeklärten Liberalismus wie der kalte, starre
354 2259 1402 2326 Pflichtenmensch Dr. Schmidt, der lebenslustige Hugo,
354 2319 1406 2384 wie die einzelnen Frauenfiguren fließen zu einer künstlerisch
344 2362 1398 2433 und kulturell ungemein echten Gesellschaftsschilderung zu¬
351 2427 1393 2487 sammen. Ist die „Liebelei“ noch völlig Gefühls= und Hand¬
342 2455 1402 2529 lungsdrama, so haben wir hier schon deutlich ein Problem;
340 2534 1398 2589 der Dichter im Dienste einer Idee. — Das Lustspiel¬
338 2577 1395 2638 theater ist einer solchen Aufgabe jetzt nicht gewachsen.
348 2599 1406 2693 Herrn Maran hätte man nicht in die Verlegenheit
348 2674 1391 2720 bringen sollen, die durchaus wahre, nicht karikierte
339 2716 1398 2789 Gestalt des Professors spielen zu lassen. Zwei Emp¬
346 2783 1398 2834 findungen beherrschen ihn: Selbstgesühl und Mannes¬
343 2819 1395 2899 größe. Herr Maran bekommt den kleinen, ironischen
339 2876 1407 2955 Ton nicht weg. Auch die Toni der Frau Niese ist
348 2923 1394 2988 ein Irrtum. Tiefe der Empfindung besitzt sie; wer
347 2966 1404 3052 weiß es nicht! Aber ihre ganze robuste Lebenskraft
351 3027 1394 3095 liegt von der Psyche des süßen Mädels weit, weit
343 3079 1400 3150 ab. Das Ensemble, das sonst noch mittut, ist eine
341 3131 1394 3199 mit mehr oder weniger Glück verhüllte Verlegenheit.
337 3162 1395 3251 Sehr sein war indes Herr Lessen und eine gute
1217 3230 1371 3307 Hr.
343 3230 930 3313 Figur machte Herr Lukas.
2278 1088 2398 1163 Wun
1844 1135 2997 1280 in Ausschnstblaus: Allgerneine Geitueng, Wricn
1913 1252 2081 1307 vom:
2406 1273 2743 1375 —1908
1977 1358 3021 1448 (Lustspiel=Theatek.) Literarischer Abend. „Das
1875 1423 3021 1501 Vermächtnis.“ Das Proszenium ist schwarz drapiert. Ein
1865 1473 3015 1548 schwarz gekleideter Mann steht da, breitspurig, in unerschütter¬
1867 1529 3009 1593 licher Ruhe. Auf seinem Kopf sitzt ein schwarzer Zweispitz, in
1872 1570 3009 1621 der rechten Hand hält er einen schweren Stab, dessen silber¬
1874 1617 3013 1692 glänzender Knopf mit schwarzem Flor dicht verhüllt ist.
1864 1656 3013 1723 Dreimal hebt er den Arm und ebenso oft wird ein Sarg
1870 1702 3009 1773 vorbeigetragen. Der Mann wendet kaum den Kopf; auch dann
1869 1739 3012 1799 nicht, als der Zug der Leidtragenden an ihm vorüberdefiliert.
1870 1786 3011 1847 Wenn das Klagen und Jammern gar zu arg wird, dann
1864 1818 3012 1896 gähnt er tüchtig ... Unter dieses imaginierte Vorspiel wären
1864 1864 3004 1942 die Worte zu setzen: Die Stellung des Dichters zu seinem
1875 1911 2077 1966 Weike
2081 1924 3002 1983 Man hat gestern im Rahmen eines „literarischen
1866 1955 3001 2021 Abends“ Arthur Schnitzlers „Vermächtnis“ zur Auf¬
1869 2000 3006 2064 führung gebracht. Diese vrer=Akte, die der Dichter gleichsam
1858 2043 3003 2115 in eine riesige Faust gebenet hat, deren grausam
1866 2091 3022 2140 harte Finger sich unerbinlich schließen; immer mehr, immer
1868 2130 3003 2196 fester, bis sie ganz geschlossen sind und dabei drei Menschen
1870 2182 3001 2227 zerdrückt, drei Schicksale zerbrochen haben. Unaufhörlich fließen
1872 2226 3013 2279 die Tränen, die Trauer, die durch dieses Stück wie eine große
1864 2263 3007 2334 schwarze Fahne wehl, ist ohne Ende. Während die Klagen um
1861 2305 3007 2373 den toten Sohn langsam verstummen wollen, senkt sich bereits
1858 2347 2997 2405 der Schatten über das Kind. Als der Vorhang zu letztenmal
1866 2392 2998 2457 hochgeht und der namenlose Schmerz über das t###ind nock
1862 2440 2991 2507 alle bedrückt, zieht der Dichter die unerbittliche letzte Konsequen,
1859 2485 2984 2543 und die Mutter kommt an die Reihe; nichts bleibt uns er¬
1862 2515 2993 2573 spart. Kaum Einer, der in diesem Stück auch nur eine graue
1850 2566 2979 2623 Kravatte trüge; alles in Schwarz. Man fröstelt ordentlich
1857 2615 2978 2684 Keiner tut einen ordentlichen Schritt, alles schleicht; eine
1853 2655 2973 2736 schiebt sich am anderen vorbei: keiner spricht, es wird aus
1735 2747 2921 2829 nahmslos geflüstert, stets schwebt die Regiebemerkung: (mit
1745 2810 2890 2889 tränenerstickter Stimme) in der Luft. Der Dichter ist mitleids¬
1742 2858 2894 2939 los bis zum Ende; die Sonne tritt nicht einmal für einen
1742 2895 2896 2965 Augenblick hinter den Wolken hervor. Zu all dem noch ein
1732 2927 2886 3027 übriges: die Niese spielt die Toni Weber. Diese unver¬
1741 2980 2883 3066 gleichliche Schausvielerin, deren Stimme ein Wunder ist. Die
1740 3035 2894 3104 Siese war erschütternd; sie riß einem das Herz aus der Brust.
1731 3059 2890 3153 Wie sie die ganze Skala des Frohsinnes beherrscht, so ist es
1733 3099 2890 3196 auch mit der Trauer. Für die leiseste Rührung bis zum
1733 3163 2885 3242 wildesten Schmerz stehen ihr Mittel des Ausdruckes zur Ver¬
1728 3204 2893 3279 fügung, die unbeschreiblich sind. Und so gaben Stimme,
1737 3245 2897 3329 Blick und Bewegung dieser seltenen Frau einen Akkord namen¬
1728 3288 2896 3368 losesten Wehs, den man, einmal gehört, nicht mehr vergessen
1730 3335 2886 3412 kann. Herr Maran als Professor Losatti. Dort, wo die Rolle
1722 3372 2898 3459 leise parodistische Töne zuließ, von bester Wirkung. Sonst wohl
1732 3428 2888 3497 etwas zu wenig würdig. Fräulein Gerzhofer verfügt über
1723 3469 2879 3531 einen einfachen, warmen Ton und hatte hübsche Momente.
1721 3506 2881 3573 Herr Forster etwas zu fahrig; auch mag er sich vor zu
1727 3557 2886 3631 raschem Tempo und damit verbundenen Undeutlichkeiten im
1716 3582 2872 3683 Affekt in acht nehmen. Die übrigen Leidtragenden taten ver¬
1718 3634 2006 3706 dienstlich mit.
2699 3657 2816 3719 p. f.
