3392 4384
1301 191 1808 293 box 16//4
153 205 1198 297 10. Das Vernaechtnis
2235 430 2648 506 Telefon 12801.
1944 534 2956 624 Unternehmen für Zeitungs-Ausschnitte.
2819 602 3011 667 Ausschnitt
2116 606 3078 768 „OBSERVER“ 1. 2
1800 667 1977 759 20
1709 740 3176 816 I. österr. behördl. conc. Bureau für Zeitungsberichte u. Personalnachrichten
1904 804 2990 917 Wien, IX/1. Türkenstrasse 17.
2116 898 2775 969 Filiale in Budapest: „Figyelé“ -
1639 957 1739 1029 2 7
1804 950 3054 1053 Vertretungen in Berlin, Chicago, London, Newyork, Paris, Stockholm
719 1013 1112 1080 Telefon 12801.
1707 1078 2242 1168 Ausschnitt aus:
440 1103 1453 1188 Unternehmen für Zeitungs-Ausschnitte.
1319 1170 1511 1226 Ausschnitt
1708 1220 2066 1335 Vo 47
598 1202 1596 1324 „OBSERVER“ Nr. 32
217 1193 518 1349 N105
2219 1239 2923 1378 ERSATZ 4
208 1314 1664 1411 I. österr. behördl. conc. Bureau für Zeitungsberichte u. Personalnachrichten
377 1397 1475 1489 Wien, IX/1. Türkenstrasse 17.
620 1481 1265 1559 Filiale in Budapest: „Figyeld“
2050 1479 2343 1591 fihmling
2307 1527 2602 1624 Cheater.
309 1540 1569 1625 Vertretungen in Berlin, Chicago, London, Newyork, Paris, Stockholm.
2199 1608 2666 1703 Das Vermächtniß.
205 1671 739 1764 Ausschnitt aus:
1943 1666 2914 1777 Schauspiel in 3 Aufzügen von Arthur Schnitzler:
2044 1748 2917 1824 Auf Wiener Boden spielt das Schauspiel
1963 1803 2927 1860 „Das Vermächtniß“, welches gestern auf unserer
213 1785 613 1916 vom %%
1953 1852 2921 1907 Bühne zum ersten Male gegeben wurde, und der
1959 1891 2934 1965 Dichter hat es meisterlich verstanden ihm echten
1954 1946 2933 2015 Wiener Erdgeruch zu geben. Nicht bloß der leichte
1953 1996 2926 2051 Anflug von Dialect, den die Personen des Stückes
1952 2051 2925 2110 zumeist sprechen, sondern ihre ganze Struktur ist
1947 2097 2911 2161 echt wienerisch, und wienerisch ist auch die Ent¬
598 2086 1237 2180 Theater und Musik.
1953 2146 2914 2206 wicklung des Stückes, das ein sociales Problem
448 2165 1396 2245 R. Dresden, den 10. August. Während die
1945 2192 2912 2255 behandelt, die Frage, ob die Geliebte des Sohnes,
432 2229 1393 2278 beiden Hoftheater seit Längerem feiern, hat das
1943 2240 2921 2310 die sich mit diesem vergangen, in dessen Familie
430 2268 1395 2316 Residenztheater beharrlich auch noch den August
1953 2291 2917 2356 Aufnahme finden dürfe. Es ist kein Familien¬
423 2318 1392 2352 zu einer Reihe sehenswerther Bühnenstücke verwerthet,
1956 2340 2920 2404 drama, das uns Schnitzler damit bietet, sondern
426 2348 1394 2398 darunter in sehr ansprechender Rollenbesetzung Arthur
432 2379 1385 2434 Schnitzler's tiefernstes Schauspiel „Das Vermächtniß“.
1951 2382 2930 2452 eine große, allgemeine sittliche Frage stellt der
424 2408 1406 2454 Wir wrden gleich im Beginn des Stücks in einen
1950 2431 2934 2506 Dichter in seinem Schauspieldar, in dem sich kalt¬
426 2461 1402 2505 Wirbel von Aengsten versetzt: durch einen schrecklichen
1953 2484 2929 2527 herzige Philistermoral und schönrednerische Gesin¬
425 2488 1392 2537 Unfall hängt das Leben eines jungen Juristen nur
430 2530 1402 2578 noch an einem dünnen Faden; er ist gestürzt, seine
1948 2520 2923 2590 nungslosigkeit, die sich in den Mantel gesellschaft¬
1865 2549 1943 2634 eit
436 2571 1394 2613 Angehörigen umstehen sein Lager; endlich findet
1944 2565 3082 2645 licher Vorurtheile bequem zu hüllen verstehen, inelusive
422 2602 1397 2650 er die Kraft mit den letzten Athemzügen den Seinigen
1944 2639 3053 2693 dem Leben und seinen Verhältnissen gegenüber Porto.
434 2634 1389 2701 ein Geheimniß zu enthüllen; er hat ein Kind; für
980 2673 1404 2724 sollen die Seinigen
429 2678 971 2729 dies und dessen Mutter
1944 2670 3067 2740 befinden. Die Handlung spielt in der Familie Zahlbar
985 2707 1389 2764 haben und die junge
426 2711 976 2772 sorgen. Als sie eingewilligt
1955 2707 3098 2791 des liberalen Phraseurs, Professor Losatti, Voraus.
438 2748 1389 2795 Mutter und das Kind zur Stelle geschaft
1947 2775 3148 2845 dessen Sohn Hugo bei einem Ritte in den tie ist das
779 2780 983 2836 beruhigt.
1012 2780 1389 2835 Aber nicht alle
428 2784 716 2834 sind, stirbt
430 2819 1390 2855 Betheiligten haben mit ihrer Einwilligung die Auf¬
1958 2820 3146 2883 Prater verunglückt und todtwund ins Vaterhaus steht es den
429 2855 1400 2906 fassung verbunden, die uneheliche Mutter als nun
1954 2877 2986 2926 gebracht wird. Er fühlt das Nahen des Sensen=Frn.
421 2895 1388 2947 zur Familie gehörig aufzufassen. Die hier ent¬
1955 2906 2920 2981 mannes und hat nur noch eine Sorge, die Zu¬
431 2926 1402 2988 stehenden Meinungsgegensätze und Gefühlswirrsale
1949 2945 2923 3027 kunft seiner Geliebten und ihres Kindes dadurch
429 2963 1397 3010 bilden den spannenden und oft rührenden, oft zu
427 3005 1395 3056 quälerischen Verwicklungen sich steigernden Vorgänge
1954 3006 2929 3082 zu sichern, daß er sich deren Aufnahme in die
425 3051 1387 3095 des Stücks, bis der Tod des Kindes und der Selbst¬
1953 3061 2935 3123 Familic sterbend von seinen Eltern versprechen
420 3075 1388 3131 mord der Mutter des unglücklichen Geschöpfes die
1955 3115 2926 3176 läßt. Das ist das „Vermächtniß.“ Man versucht
425 3114 1405 3158 traurigen Familienwirrnisse zum Schweigen bringt.,
220 3128 336 3224 Für
339 3154 1413 3209 50 7=ie Rollen waren durchweg vortrefflich besetzt und
1419 3128 1614 3214 inclusive
1948 3155 2939 3229 es im Hause Losatti zu halten. Toni Weber ist¬
330 3195 413 3242 100
430 3190 1392 3239 nicht viele Bühnen dürften im Stande sein, die
1452 3203 1588 3245 Porto.
1940 3208 2919 3272 im zweiten Acie im Hause Losatti; allein sie
420 3230 1389 3286 schwierige Aufgabe, welche der Verfasser ihnen in
315 3233 418 3280 200
1428 3226 1608 3295 Zuhlbar
322 3269 418 3318 500
1942 3265 2914 3332 fühlt es, daß sie da nur eine Geduldete ist, und
424 3249 1628 3359 diesem dem Leben unnachsichtig abgelauschten Stücke i Verraue
277 3309 421 3385 „ 1000
1948 3310 2920 3380 doch fürchtet sie fortzugehen; denn draußen ist
410 3328 1105 3379 stellt, vollkommen gerecht zu werden.
350 3334 1690 3421 Iin Gegensatze zu underen Bureauk ür—Leitungsausschnitte ist dus
1939 3372 2910 3418 sie allein mit ihren Gedanken, einsam inmitten
239 3393 1691 3453 Abonnement durch keine bestimmte Zeitdauer begrenzt; — auch steht es den
1935 3397 2919 3469 der großen Stadt. Ihre Empfindung hat tiefen
237 3444 1534 3507 Abonnenten frei die aufgegebenen Themen zu ergünzen oder zu ändern.
1938 3452 2907 3505 Grund. Denn, wie sehr auch Hugo's Mutter
1941 3506 2912 3569 und seine Schwester Franzi ihr geneigt sind, es
1942 3550 2912 3615 liegt etwas Fremdes zwischen ihr und dem Hause,
1944 3596 2918 3663 insbesondere zwischen ihr und Hugos Vater, der
1941 3647 2912 3714 nur widerstrebend ihrer Aufnahme ins Haus zu¬
1940 3701 2905 3759 gestimmt, und namentlich zwischen ihr und Franzis
1944 3745 2907 3801 Bräutigam, Dr. Schmidt, einem Egoisten, dem
1942 3798 2920 3852 in seiner Selbstsucht menschlich reines Empfinden
1950 3841 2907 3896 wvöllig fehlt und der nur die Härte der gesell¬
1958 3871 2915 3950 schaftlichen Moral predigt. Der Tod des Kindes,
1941 3930 2919 3991 das Toni Weber mit ins Haus gebracht, zerreißt
1942 3977 2924 4039 bald das letzte Band zwischen ihr und der Familie,
1952 4026 2921 4083 in welcher die Gegenwart der verwaisten Mutter,
1953 4076 2922 4130 die doch Kkeine Witwe ist, drückend empfunden
1961 4126 2925 4175 wird, nachdem man merkt, wie sich die Freunde
