3484 4224
279 122 1710 181 bieten, sich eine anständige Fxistenz zu gründen, das über den
290 170 1614 263 ieht sie nicht, die Toni! Es war dem Verfasser offenbar
391 230 1628 327 Virkeamen Netschluss zu thun. Wirksameresg
268 276 1630 356 vals den Tod gibt es aber nicht, also müssen die Menschen“
278 345 1627 433 daran glauben. Es ist noch ein Glück, dass die Toni ihrem
274 414 1618 493 Hugo nicht Zwillinge geschenkt hat, sonst hätten wir
275 467 1612 549 noch einen vierten Act erlebt, und es waren doch die drei
272 519 1613 607 schon zu viel. Ein anderer Fehler des Stückes ist der Um¬
271 583 1604 655 stand, dass kein Mensch weiss, was der Verfasser eigent¬
270 647 1618 710 lich will, er selbst vielleicht am Wenigeten. Wollte er
281 689 1616 772 beweisen, dase er sich in der Krankenstube auskennt? Er
277 755 1621 843 ist ja Arzt, wir glauben es ihm also ohne den Beweis in
269 809 1613 905 drei Acten. Oder wollte er feststellen, dass ihm die sfreie
268 866 1609 962 Liebes und was damit zusammenhängt sympathisch ist?
275 925 1618 997 Er hat ja -Liebeleis geschrieben. DieMorale seines
268 985 1600 1068 Stückes scheint in den Worten zu liegen, welche die
266 1058 1601 1115 Schwester des Doctor Losatti spricht:  Was man für das
259 1122 1601 1179 Glück eines Anderen thut, kann keine Sünde sein.: Das
269 1161 1601 1255 ist ein schöner Grundsatz, der an Verlogenheit dem an¬
267 1239 1605 1310 deren: -Der Zweck heiligt die Mittele nicht nachsteht. Um
258 1308 1595 1375 das zu beweisen, darf man kein Schauspiel in drei Todes¬
264 1346 1610 1429 fällen schreiben. Ein drittes grosses Gebrechen des Stückes
265 1418 1602 1491 liegt in der vollkommen zerfahrenen Charakterzeichnung.
254 1471 1607 1539 Der alte Losatti ist so eine Art von Hjalmar Ekdal, aber
260 1522 1599 1609 des fehlte dem Doctor Schnitzler die gewaltige Charak¬
263 1586 1603 1675 terisirungskraft lbsen’s, der Alte macht den Eindruck, alss
260 1662 1591 1715 hätte der Autor die ligur aus irgend einem Buche, aber
263 1710 1600 1772 nicht aus dem Leben entnommen. Schablone, nichts als
268 1767 1605 1836 Schablone! — Die Darstellung war im Grrossen und Ganzenz
263 1834 1602 1890 eine meisterhafte. Herr Hartmann stand auf der Höheseiner
265 1879 1593 1963 Kunst und brachte mit der Verkörperung des alten Losattis
261 1948 1587 2019 eine Leistung, die man ihm gar nicht zugetraut hätte. 1er
259 2001 1583 2074 darf auf diese Rolle stolz sein. Frau Schratt glänzte
264 2130 1597 2188 Medelsky, Metzl, Bleibtren und Herr Kömpler waren
255 2181 1604 2252 tadellos. Frau Hohenfels sollte weniger herumhopsen, sie
254 2254 1598 2329 erscheint darum dochnicht jugendlicher. Herr Devrient war
249 2313 1603 2381 möglicherweise recht gut, ich kann nicht darüber urtheilen,
260 2365 1599 2442 denn ich habe von Allem, was er sprach, kein Wort ver¬
267 2426 1602 2512 standen. Herr Paulsen gehört nach Iglau, aber nicht ins
257 2487 1596 2570 Burgtheater. Herr Tressler machte die ohnehin peinliche
261 2542 1590 2623 Sterbescene des ersten Actes noch peinlicher, er starb nicht,
259 2602 1589 2688 der swurde hine, — aber vielleicht lag das in den Inten¬
250 2661 1589 2730 tionen des Autors? Auch gegen die Regie lässt sich wenig
264 2730 1591 2793 einwenden, nur verstand man nicht recht, warum der
261 2786 1585 2857 Wiener Arzt in seiner Wohnung eine Berliner Zeitung
250 2829 1593 2924 liest. Da es doch ausgeschlossen ist, dass Herr Doctor
262 2893 1599 2971 Schleuther dem Berliner Blatte eine Reclame machen
255 2951 1589 3013 wollte, so kann ich nur annehmen, dass er keine Wiener
260 3012 1586 3078 Zeitung wählte, um keinen Neid zu erwecken. Wie wäre
257 3079 1600 3165 es, wenn er jeden Abend ein anderes Wiener Blatt nähme?
268 3133 1591 3196 Dann kämen allmälig Alle an die Reihe — aber freilich,
325 3195 1590 3267 gibt ja ungefähr ein Dutzend grösserer Zeitungen in
259 3261 1603 3329 Wien und so oft wird das Stück voraussichtlich nicht
254 3317 1602 3394 gegeben werden. Der Autor möge sich nicht täuschen, einen
257 3383 1599 3446 wirklichen Erfolg hat sein Werk nicht erzielt, wenn auch
261 3426 1598 3505 am ersten Abende die Clique und die Claque, sowic die
258 3484 1593 3542 Anhänger der Fünfkreuzerliteratur Beifallsstürme zu Stande
255 3551 1603 3622 brachten. Das unbefangene Publicum hat sich gelangweilt,
259 3605 1595 3673 und wenn es gegen den lärmenden Applaus der Griersteidl¬
252 3668 1589 3740 gemeinde und ihrer bezahlten Helfer keine Opposition gab,
264 3719 1605 3805 so lag das wohl hauptsächlich daran, dass man eben nicht
261 3778 1599 3848 zu gleicher Zeit zischen und — gähnen kann. So schlecht
265 3841 1604 3913 das Vermächtniss des Herrn Schnitzler übrigens ist, besser
253 3902 1594 3963 ist es immer noch, als das Vermächtniss, welches Herr
262 3935 1611 4045 Dector Schlenther — hoffentlich bald — seinem Nach¬
255 4016 846 4097 folger hinterlassen wird.
2302 750 2655 859 Teieion 2801.
1997 851 2935 940 Unternehmen für Zeitungs-Ausschnitte.
3001 874 3221 955 Ausschnitt
2926 950 3206 1049 Nr. 66
2131 932 2820 1051 „OBSERVER“
1906 948 2066 1073 105
1744 1042 3213 1130 I. österr. behördl. concess. Bureau für Zeitungsberichte und Personalnachrichten
2055 1107 2920 1203 Wien, IX/1 Türkenstrasse 17.
1999 1192 2967 1287 Filiale in Budapest: „Figyelö“, VIII. Josefsring 31 a.
1743 1328 2222 1430 Ausschnitt aus:
2273 1384 2872 1501 Reichspost
1755 1443 2165 1582 vom/72.9.
1990 1639 2934 1769 #7 Theater, Kunst und Musik.
2131 1745 3036 1820 Burgtheater. Wenn selbst ein Blatt wie
1974 1792 3028 1869 das „Neue Wiener Tagblatt“ zu dem am 1. December
1983 1848 3028 1913 aufgeführten Schauspiel von Arthur Schnitzler:
1986 1893 3031 1958 „Das Vermächtniß“ sagt: „Hinter dem aus
1975 1944 3029 2018 der Luft gegriffenen Problem dieses Stückes (Ver¬
1975 1970 3021 2050 mächtnis der verführten Geliebten und ihres un¬
1982 2028 3027 2094 ehelichen Kindes an die Eltern und Geschwister des
1967 2068 3020 2135 Verführers in der Todesstunde) lauscht ein tieferes
1978 2103 2771 2174 hervor, wie das Gesicht einer Larve: k
2817 2121 3012 2177 s Pro¬
1983 2153 3006 2210 blem der freien Liebe, welche der Ehe
1969 2182 3015 2274 den Krieg erklärt, aber es will sich nicht demaskiren“
2040 2241 3012 2307 so liegt in diesem Urtheil des Judenblattes
1965 2255 3028 2354 eine so vernichtende Kritik, daß wir kein
1978 2311 3019 2399 anderes Wort glauben hinzufügen zu sollen, als die
1982 2374 3030 2441 Frage: Ist es der Hofbühne würdig, ist es ihr
1984 2422 3027 2493 gestattet, auch ihrerseits mit beizutragen zur Ver¬
1985 2451 2269 2520 breitung der
2354 2466 3038 2561 socialdemokratischen
1971 2499 2276 2579 Moral?
2160 2772 2836 2871 Bezugs-Bedingungen.
2775 2839 2981 2913 fl. 7.50
1777 2843 2710 2930 Für 50 Zeitungsausschnitte (Artikel oder Notizen)
2770 2880 3171 2959 14.—), inclusive
1863 2901 1966 2951 100
3007 2928 3151 2965 Porto.
2803 2932 2971 3002 „ 25.—
1855 2945 1957 2992 200
2996 2951 3168 2997 Zahlbar
2796 2960 3194 3038 „ 55.— im Voraus
1849 2983 1966 3027 500
2799 3005 2996 3071 „ 100.—
1801 3018 1971 3081 „ 1000
1899 3059 3212 3112 Im Gegensatze zu anderen Bureaux für Zeitungsausschnitte ist das
2865 3096 3216 3175 auch steht es den
1771 3098 2812 3155 Abonnement durch keine bestimmte Zeitdauer begrenzt;
1772 3140 3118 3201 Abonnenten frei die aufgegebenen Themen zu ergänzen oder zu ändern.
