3436 4320
1173 119 2052 191 be wirthscheft  e
1167 155 2509 211 uß eines starken Befremdliches, in diesem großen und sicherlich auf¬
1474 199 2508 258 richtigen, auf alle Fälle nicht künstlich erzeugten
1162 213 1466 252 nden, deren Ziel
1477 237 1661 296 Erfolge.
1154 250 1468 304 Das Zustande¬
1525 265 2512 320 Wenn Zahl und Stärke der Hervorrufe für die
1150 283 1466 331 anger Zeit den
1169 314 1463 374 der preußischen
1472 314 2516 366 Beurtheilung nicht blos eines Erfolges, sondern auch
1182 358 1456 402 und dem ita¬
1472 355 2519 407 des inneren Werthes neuer Bühnendichtungen einen
1187 391 1465 449 bildeten, ver¬
1473 391 2516 454 giltigen Maßstab abgäbe, dann hätte Arthur Schnitzler
1161 419 1459 481 ungsrath der
1477 441 2516 492 hier offenbar sein bestes Stück geschaffen. Ob das
1175 464 1465 518 Piaggio, der die
1487 473 2396 527 der Fall ist, mag nun die Nachprüfung ergeben.
1166 502 1466 547 hnverwaltungen
1530 521 2516 568 Wieder einmal erlebt ein in Wien spielendes und
1159 537 1407 583 ren wußte.“
1475 549 2509 609 vielfach sehr wienerisches Stück in Berlin seine
1195 561 1468 615 erste weib¬
1481 602 2520 647 erste Aufführung. War Schnitzlers „Liebelei“ so recht
1162 607 1465 656 #urde heute an
1481 643 2513 688 wienerisch von Grund aus, so ist es auch „Das
1173 644 1457 692 st dies Fräulein
1168 679 1460 736 rzienrathes und
1482 674 2527 725 Vermächtniß“ das gestern aufgeführte dreiactige
1201 714 1462 765 und Gewerbe¬
1480 725 2519 778 Schauspiel. Dr. Schnitzler behandelt hier so ziemlich
1168 747 1461 799 ime von großer
1481 764 2527 833 den gleichen Gegenstand. Derselbe Faden, nur eine
1166 787 1460 848 n der staatlichen
1479 805 1831 860 andere Nummer.
1181 826 1467 876 g ist. Fräulein
1530 818 2515 886 Der Liebhaber ist damals nicht im Duell gefallen.
1155 861 1466 910 ei den Schul¬
1485 883 2513 928 Chriseine hat sich demgemäß nicht den Tod, sondern
1178 890 1468 946 Szavadka zur
1163 926 1469 987 n das Lehrerin¬
1476 919 2525 970 im Gegentheil einem Kinde das Leben gegeben.
1158 968 2520 1023 schulen an der Nach drei, vier Jahren erst stirbt ihr Geliebter durch
1166 1002 1464 1056 pest. ferner zwei
1487 998 2523 1063 einen Sturz vom Pferde, beim Hindernißrennen.
1155 1039 1465 1090 eutsche Sprache.
1475 1035 2524 1093 Das ist die Fortsetzung der „Liebelei“, das ist
1155 1075 1466 1136 sie ein Jahr als
1479 1085 2383 1138 Schnitzler's neue Variation des alten Themas.
1172 1111 1467 1164 en Töchterschule.
1535 1130 2528 1177 Der junge Dr. Hugo Losatti wird vom Rennplatz
1162 1151 1466 1205 Universität nach
1485 1167 2513 1218 sterbend ins Elternhaus gebracht. In der gebotenen
1195 1190 1466 1234 , nunmehriger
1484 1203 2528 1254 Hast vertraut er der Mutter sein Geheimniß und seinen
1180 1222 1472 1279 der Besuch der
1478 1246 2520 1302 letzten Wunsch an. Er hat ein Kind, das sollen
1179 1254 1464 1308 m sie nach dem
1485 1289 2529 1342 seine Eltern zu sich ins Haus nehmen, das Kind und
1177 1295 1469 1352 III. Realschul¬
1171 1330 1472 1382 üfung ablegen.
1478 1337 2524 1384 auch die — Mutter. Die wird nun herbeigeholt,
1163 1365 1467 1414 dapester Univer¬
1483 1369 2527 1419 sie trifft den Geliebten noch am Leben, als dann auch
1170 1405 1458 1459 Resultat eines
1472 1407 2531 1464 das Kind zur Stelle geschafft wird, ruft es vergebens
1203 1448 2521 1520 die Zulassung sein „Papa, Papa“ — der Vater, der kein Ehegatte ge¬
1491 1500 2522 1552 wesen, ist gestorben. Die den ganzen Act beherrschende
1207 1515 1470 1562 assen. Die
1480 1532 2526 1577 Sterbescene ist nervenerregend, peinigend aber
1193 1549 1473 1597 nchen dadurch,
1483 1558 2522 1628 spannungsvoll bis zu Ende. Alles entwickelt sich
1208 1588 1474 1636 ie hochgestellte
1489 1620 2529 1666 natürlich, selbstverständlich, weder die Spannung noch
1212 1628 1481 1673 r. medicinge,
1221 1654 2534 1706 ehedem Hof=die Nervenerregung ist mit künstlichen Mitteln herbei¬
1224 1698 1464 1740 Theodor, wo
1481 1696 2535 1749 geführt. Das Ganze bildet im Grunde ein h¬
1222 1728 1470 1782 Naturwissen=
1490 1728 2527 1796 geschlossenes Stück für sich. Aber der Titel sagt es
1236 1769 1472 1818 erzogin seine
1224 1774 2533 1854 ifin Törring, uus ja, daß es sich um „das Vermächtniß“ handelt,
1482 1819 2528 1876 um die durch den letzten Willen Hugos ins Haus ge¬
1222 1838 1477 1910 Hofdame ist
1489 1862 1951 1915 brachte fremde Person.
1542 1879 2530 1967 Agnes, so heißt „das Vermächtniß“, wird mit
1213 1895 1479 1965 n Mörder
1492 1943 2528 1996 Liebe und Zärtlichkeit überschüttet. Der gemeinsame
1208 1950 1473 2003 meldet wird,
1200 1980 1481 2038 kommen sein.
1492 1981 2538 2045 Schmerz vereint sie mit der Familie, das Kind, das
1196 2017 1465 2077 r betreffenden
1494 2031 2528 2074 Alle lieben, bildet ein starkes Band. Aber das kränk¬
1211 2063 1472 2111 in Criminal¬
1488 2066 2547 2127 liche Kind stirbt — damit schließt der etwas dürftigere
1362 2096 1418 2125 0
1198 2090 1468 2149 en einige Tage
1490 2106 1793 2173 zweite Aufzug.
1191 2131 1478 2180 effenden Acten
1541 2125 2531 2201 Was nun kommt, ließ sich erwarten. Agnes ist der
1193 2167 1485 2220 ifft, so ist dem¬
1488 2184 2533 2244 Familie fremd geworden. Die schwachen, unselbst¬
1186 2205 1477 2253 oder Zeitungen
1484 2229 2537 2287 ständigen Eltern lassen sich durch einen verstockten
1195 2245 1472 2289 den nur dann
1490 2278 2526 2322 Egoisten, der um ihrer Tochter Hand wirbt, bestimmen,
1183 2275 1471 2332 Untersuchungs¬
1193 2317 1476 2369 werden gegen
1493 2312 2532 2385 Agnes mit guter Art aus dem Hause zu schaffen.
1188 2353 1472 2405 nents mit aller
1488 2354 2539 2409 Natürlich wird ihr Geld, Versorgung angeboten.
1200 2384 1479 2436 d er sich, und
1486 2400 2538 2447 Agnes aber, die nur dem Cultus ihrer Todten lebt,
1198 2418 1476 2478 zuber vor den
1494 2436 2540 2491 verläßt das Haus blos um sich ins Wasser zu stürzen.
1207 2459 1480 2507 ie aus Anlaß
1502 2476 2533 2548 Ihr Christinen=Schicksal! So schließt denn auch der
1192 2493 1481 2549 en erst später
1490 2514 2090 2567 dritte Aufzug mit einer Leiche.
1192 2530 1477 2596 dlungen gegen
1540 2539 2527 2606 Das Stück in drei Todesfällen hat seinen Erfolg nicht
1202 2568 1481 2628 zu Genf statt¬
1211 2605 1484 2667 t. Der Wunsch
1489 2601 2536 2648 etwa nur einem Zufall oder einer gnädigen Stimmung
1229 2642 1482 2691 diesem Zweck
1490 2637 2539 2699 des Hauses zu danken, er ist auch nicht durch die
1208 2675 1476 2730 tsanwaltschaft,
1492 2677 2533 2734 ganz vortreffliche Darstellung erschmeichelt. Das
1301 2716 1474 2765 Die Ver¬
1212 2716 1295 2765 oft.
1502 2721 2541 2780 starke Talent, das Schnitzler in allen früheren Werken
1201 2753 1476 2820 stliches Schau¬
1500 2766 2534 2814 bekundet hat, es verleugnet sich auch hier nicht. Aber
1213 2790 1479 2837 die Nachfrage
1491 2801 2543 2843 diesmal hat sich Schnitzler nicht unbefangen von seinem
1204 2824 1484 2874 sehr bedeutend.
1206 2846 2533 2906 erkannter, seit Stoff bestimmen, von seiner Kraft tragen lassen.
1209 2880 2555 2946 er Maler, hat Er fühlte, daß er einen Namen zu vertheidigen, eine
1219 2938 2536 2983 erlebte, wieder Stellung zu behaupten hat, und das ließ ihn mehr
1217 2980 2533 3031 zut bei Horten suchen, rechnen, speculiren und künsteln als gut war.
1247 3012 2542 3070 er vor einer Der Stoff ist wahrlich kräftig und ergiebig genug,
1204 3051 2546 3097 en poctischen das Uebermaß an Bedachtsamkeit, an Anstreugung
1194 3077 1485 3128 d. Mts. ist der
1486 3087 2537 3148 in der Behandlung war ihm aber nicht zuträglich.
1192 3113 1427 3165 rückgekehrt.
1555 3139 2550 3184 Gleich die Helden haben wenig Blut und Eigen¬
1187 3148 1496 3204 at=Telegramm:
1193 3175 2544 3238 urde eine Frau leben in sich. Sie sind wohl beobachtet, studirt, aber
1186 3218 2548 3265 ite ihr zu Hilfe in Büchern und Theater=Aufführungen, nicht in der
1496 3258 2548 3314 Wirklichkeit. Die Agnes, „das Vermächtniß", ist das
1183 3262 1479 3325 r beiden Thäter
1485 3291 2542 3340 bereits zur Schablone gewordene freie, vorurtheilslose,
1286 3322 1481 3382 n Paris
1499 3339 2541 3390 liebesstarke junge Mädchen, eben der Christinen=Typus.
1194 3369 1490 3422 mmlung von
1494 3389 2540 3437 Die zweite Hauptfigur, der philisterhafte, schwache,
1193 3403 1481 3460 tene Exemplare
1499 3428 2548 3475 anlehnungsbedürftige Vater Hugo's, ist ein Product
1183 3444 1487 3493 en, die von der
1500 3460 2549 3504 des Ibsen=Studiums, er ist insbesondere ein Zwillings¬
1188 3478 1480 3531 Francs geschätzt.
1504 3499 2551 3560 bruder von Hjalmar Ekdal. Aber auch in anderen
1196 3516 1488 3564 n Mainz eine
1498 3544 2550 3597 Ibsen'schen Gestalten wird man das Urbild für
1187 3553 1490 3604 nädchen, dem
1505 3577 2554 3637 einzelne Züge Losatti's, dieses Dutzendmenschen
1212 3587 1486 3643 nicht den ihr
1191 3621 1495 3681 iten Stunde be¬
1493 3623 2192 3681 mit der Alltagsmoral, dem
2212 3627 2544 3684 Alltagsverstand
1200 3662 1495 3712 daß eine ganze
1496 3671 2541 3715 und der Rechthaberei der Unselbstständigen finden.
1213 3703 2545 3764 eines Tanz=Daneben begegnen uns auch Züge, die den „libe¬
1217 3742 2547 3798 rschen Tanz=]ralen“ wiener Parlamentsmenschen eariciren. Die
1228 3768 1496 3824 Nebenzimmer
1499 3787 2552 3848 charaktervolle, den Moralpredigern gegenüber Ge¬
1236 3807 1485 3855 in ihrer Art
1508 3821 2445 3880 sinnung predigende Frau ist ebenfalls
1207 3838 1502 3899 rere Tanzkurse
1495 3867 2549 3926 Stammgast des modernen Dramas, Schnitzler läßt
1218 3878 1464 3945 tet haben!
1462 3925 2562 3979 diese Figur gar zu pünktlich auftauchen,
