3436 4256
1427 165 1873 258 box 16/3
229 159 1254 270 10. Das Vermagchinis
2728 714 2814 799 —
1990 773 2825 853 nung über die Protectoratsfrage habe kund¬
1717 832 2820 908 geben wollen, indem es zugleich betone, daß Deutschland,
971 881 1651 950 .— Udeten Machten das Schutz¬
1724 892 2813 948 das seine eigenen Landeskinder im Orient selbst zu schützen
552 935 1639 988 recht über ihre Unterthauen irgendwie zu bestreiten.
1719 948 2815 1017 gewillt und im Stande sei, in diesem Punkte von keiner
551 986 1643 1058 Mit diesen feierlichen und förmlichen Erklärungen
1723 997 2820 1065 anderen weltlichen Macht, insbesondere nicht von der
550 1037 1647 1112 stand es offenbar im Widerspruch, daß der Papst
1725 1054 2820 1123 französischen Regierung mit ihren Protectoratsansprüchen
2035 1103 2223 1181 S
1281 1166 1601 1241 Nachdruck verboten.)
1730 1178 2814 1246 borgen den todkranken prinzlichen Knaben aus dem Ge¬
900 1171 1291 1275 Feuilleton.
1725 1209 2815 1288 fängnißthor hinausführen will, tritt ihr Geliebter Bergerin,
1729 1266 2819 1334 ein blutiger Jacobiner, der an diesem Abend die Ge¬
1730 1306 2819 1366 fängnißwache hat, ihr in den Weg und will es verhindern.
702 1288 1526 1388 Berliner Theaterbrief.
1733 1352 2820 1404 Aber auch auf ihn verfehlen ihr Muth, ihre Entschlossen¬
1087 1375 1595 1439 Berlin, den 9. October.
1730 1399 2810 1461 heit und ihr Liebreiz ihren Eindruck nicht. Er wird ge¬
623 1429 1645 1484 Das Lessingtheater brachte in dieser Woche Victorien
1733 1446 2811 1484 rührt durch des armen Kindes elendes Aussehen, sein
533 1473 1645 1541 Sardon's fünfaktiges Schauspiel „Pamela“, ohne einen Erfolg
1725 1480 2823 1530 Patriotismus wird durch Pamela's entzückende und des
541 1517 1659 1557 damit zu erzielen. In „Pamela“ glaubie Sardor mit den
1733 1527 2810 1591 kleinen Prätendenten jämmerliche Gestalt erschüttert, und
549 1569 1650 1609 gleichen Mitteln arbeiten zu können wie in „Madame Sans¬
1731 1571 2819 1630 indem er sein Gewissen beschwichtigt mit den Worten:
543 1609 1652 1673 Gene“. Da wie dort ein Kind aus des Volkes niedrigsten
1736 1623 2801 1680 „Was kann ein kleines Kind dem großen Frankreich thun“,
542 1658 1650 1709 Schichten, das mit den herrschenden Kreisen in enge Be¬
1744 1660 2825 1727 begünstigt er die Flucht. Cadet wird nun den in den
546 1696 1654 1738 rührung kommt und eine Rolle spielt. „Pamela“ ist eine
1742 1707 2820 1761 verschiedensten Verkleidungen harrenden Royalisten aus¬
552 1735 1652 1796 kleine Putzmacherin voll Grazie und Schlauheit, die ebenso
1748 1745 2815 1810 geliefert. Barras, der ihn eigentlich haben wollte und
548 1784 1643 1838 geschickt Intriguen einzufädeln weiß wie Nähnadeln, mit
1738 1792 2822 1854 sich von Pamela düpirt sieht, eilt den Flüchtlingen an
538 1823 1641 1888 denen sie die reizenden Kunstwerke aufertigt, die ihr das
1759 1835 2821 1899 ie Meeresküste nach, dort aber weicht er der Ueber¬
535 1880 1650 1934 Interesse der Damen des damaligen Frankreichs,
1740 1873 1862 1933 macht,
1890 1876 2164 1932 und, indem
2162 1880 2279 1935 er
2285 1884 2813 1938 ehrfurchtsvoll vor dem
531 1922 1647 1965 Madame Tallien, Josephine Beauharnais und anderer,
1733 1919 2815 1990 jungen Königssohn seine Reverenz macht und sich
539 1958 759 2012 gewinnen.
759 1967 1648 2018 „Pamela“ muß diese eleganten Damen
1738 1974 2816 2033 „Monsignore“ zu Gnaden empfiehlt, zieht er ab. So
544 2003 1634 2070 ankleiden oder richtiger verführerisch entkleiden, da¬
1731 2013 2809 2075 schließt das Stück mit einer royalistischen Verherrlichung,
774 2048 849 2103 in
542 2042 682 2103 mit
848 2049 1645 2107 den Salons des Löwen Barras
1737 2057 2816 2125 die tragikomisch wirkt angesichts der verkümmerten, aus¬
533 2089 1639 2156 ihre großen Erfolge finden. In diesem Salon, dessen
1722 2103 2812 2149 gemergelten Gestalt des Knaben, der überall die Zeichen
533 2138 1635 2194 Liebesspiele nicht hinter denen der Regentschaft zurück¬
1730 2142 2821 2194 der Grausamkeit seines Wächters, des Scheusals Simon,
534 2173 1635 2232 bleiben. Auch Pamela kommt eines Tages dahin, um
1724 2195 2813 2248 trägt. Welches Königthum, vor dem Barras, der Held
534 2215 1642 2264 Barras eine Rechnung von Josephine Beauharnais vor¬
1723 2237 2809 2292 der Directoires=Epoche, sich demüthig verneigt! Melo¬
532 2253 1642 2323 zulegen, und der girrende Löwe wird von der kleinen
1718 2270 2802 2328 dramatisch, auf grelle Effecte hinzielend, giebt sich das
538 2313 1643 2376 Putzmacherin so charmirt, daß sie in diesen Kreis galanter
1720 2318 2815 2379 Stück, dessen Handlung zwirnsdünn sich durch die fünf
544 2352 1630 2417 Damen und Männer von ihm hineingezogen wird. Ihre
1732 2361 2819 2405 Akte zieht, dessen Erfindung schwach ist und dessen
538 2400 1640 2446 Klugheit und Anmuth machen sie bald zu einem Mittel¬
1728 2405 2816 2471 Charaktere uninteressant und unwahr, wie Marionetten
538 2445 1628 2500 punkt, mehr aber noch ihre Geschicklichkeit, die Verschwörung
1733 2455 2808 2518 wirken. Ganz und gar im Theatralischen bleiht der
527 2483 1632 2539 der Royalisten zu leiten, zur Befreinung Ludwig's XVII
1721 2494 2815 2548 Autor stecken, nirgends ein starker Eindruck, nirgends
590 2536 1630 2580 Ladis Cadet — aus dem Temple Die Bürgerin
1732 2546 2821 2598 eine einheitliche Wirkung. Die Heiterkeit nicht erheiternd,
538 2564 1632 2631 Pamela wird eifrige Royalistin, sobald sie den armen
1718 2579 2814 2647 die Rührung nicht rührend, die Stimmung nicht stim¬
540 2622 1627 2671 Cadet gesehen in den Leiden und Qualen seiner Gefangen¬
1726 2630 2819 2692 mungsvoll. Kaum, daß es in vereinzelten Momenten
533 2667 1631 2726 schaft. Ihr Mitleid ist größer als ihre politische Ueber¬
1721 2673 2815 2733 dem Dichter, dessen dramatische Kraft sich ehemals als so
540 2701 1628 2758 zeugung. Cadet wird gerettet, indem sie als Wäscherin
1709 2715 1831 2770 groß
1869 2716 2437 2777 dessen Komödienwitz sich
2480 2721 2820 2786 s so zündend
528 2756 1636 2794 verkleidet in den Temple gelangt, mit einem Passir¬
1723 2753 2742 2824 erwies, gelang, einen etwas lebhafteren Anreiz
542 2795 1642 2860 schein von Barras ausgerüstet, den sie mit ihren
1713 2803 1873 2863 geben,
1904 2804 1999 2864 im
2016 2799 2812 2879 ganzen lastete bleierne Langweile
540 2838 1630 2900 Reizen bestrickt und mit lockenden Verheißungen
1713 2861 2806 2915 über dem Hause. Nicht einmal der glänzende Aus¬
540 2889 1633 2941 willig gemacht hatte, und der, in die Absichten
1725 2890 2811 2954 stattungsapparat vermochte das Publikum zu versöhnen,
543 2926 1639 2975 der Royalisten eingeweiht, die Entführung des
1718 2942 2805 2991 obwohl er den Beweis erbrachte, daß auch nach dieser
532 2969 1631 3015 Prinzen für sich ausbeuten möchte. In dem Augenblick,
1719 2982 2798 3035 Seite von der Direction Neumann=Hofer das Beste zu
539 3020 1629 3089 als Pamela in ihrem Waschkorb unter Wäschestücken ver¬
1714 3025 2818 3087 erwarten ist. Still und gleichgültig sah man das
622 3122 1456 3326 Puch.
3007 714 3333 785 legen, es konne 1
2893 770 3346 843 Deutschen“ wieder einm
2902 826 3344 899 daß sie zwar den Pe
2895 877 3325 961 aber geduldig zusehen
2922 931 3350 1018 mit der officiell at
2917 982 3266 1058 „Geschäfte“ macht.
3026 1118 3096 1189 G
2907 1174 3351 1242 politische Schauspiel S
2920 1232 3354 1290 scheiternt. Und währen
2926 1270 3338 1331 daß die Zeit vorüber i
2910 1316 3348 1374 und ausgeklügelte Büht
2911 1362 3351 1419 innere Leere und Unwa
2906 1403 3357 1461 täuschten und selbst die
2910 1443 3349 1507 der heutigen Generatio
2904 1492 3349 1558 mögen, entwickelt sich i
2910 1538 3351 1595 uns in Deutschland da
2897 1575 3361 1635 den Feinheiten und R#
2906 1615 3294 1683 spürt und aus ihr
2915 1666 3316 1726 Schlicht und klar. N
2901 1712 3160 1767 Genauigkeit
2901 1752 3258 1817 und Wendungen,
2892 1793 3161 1859 weiß, daß
2912 1843 3352 1895 fach und natürlich, als
2925 1888 3357 1951 Daseinsbedingungen un
2920 1933 3350 1990 ie Menschen leben, die
2977 1972 3361 2034 Zu den talentvollen
2896 2015 3120 2077 dieses Kunst
3141 2021 3346 2081 rincip hegen
2989 2063 3136 2119 st durch
3240 2067 3355 2123 Schau
3243 2112 3353 2167 geistvo
3274 2159 3321 2208 er
3297 2417 3359 2472 #e
3319 2560 3353 2609 n
3319 2869 3350 2908 er
3286 2905 3335 2959 #
2893 2987 2979 3056 den
3267 2993 3352 3046 allen
2878 3027 3052 3109 die Toch
3185 3029 3355 3111 hlerzogen
