3392 4384
935 111 2226 183 n Sie 1 eden dieser Geselschaft, von deren Söhnen sie verführt wur¬
927 153 2220 215 den, auf's Tiefste verachtet, als Menschen dritten oder vierten Ranges an¬
927 209 2220 259 gesehen werden. Ein solches Mädchen ist Christine in Schnitzlers 1895
935 247 2224 313 erschienenem Schauspiel „Liebelei“, das auch am Leipziger Stadttheater,
933 283 2229 336 dessen Publicum bekanntlich nicht für derartige Themen inclinirt, eine bei¬
935 333 2224 393 fällige Aufnahme fand. Christinens Liebhaber Fritz fällt in einem
937 374 2230 442 Duell, das er mit dem Ehemann einer Frau, mit welcher er vorher in
850 415 2224 460 pu Beziehungen gestanden, auszutragen hat. Fritz wird begraben und selbst
934 448 2223 523 seine in das Verhältniß mit Christine eingeweihten Freunde halten es
938 498 2229 542 nicht für nothwendig, das arme Mädchen, das in innigster Liebe an Fritz:
943 533 2220 603 hängt, zu benachrichtigen. Seine Familie, seine nächsten Angehörigen,
918 578 2228 645 nehmen Theil an der Trauerfeier und zu der Familie, zu den nächsten
928 618 2278 688 Angehörigen gehört ja Christine nicht. Sie gilt für ein Nichts, weil ihrem 1.
823 683 2278 738 AbonVerhältnisse das Wort des Standesbeamten, der Segen des Priestersn
833 713 2230 769 Abongehlte. Christine geräth darüber in Verzweiflung, halb wahnsinnig vor
936 754 2222 816 Schmerz verläßt sie das väterliche Haus und „Sie kommt nicht wieder“,
939 780 1456 836 sagt tonlos der alte Vater.
819 822 966 884 Inhal
1020 814 2257 890 Ein ähnliches Thema behandelt Schnitzler in dem drei Jahre später).
825 872 2226 933 b#üterschienenen Schauspiel „Das Vermachtniß“, das am vorgestrigen
824 923 2269 964 wodurMontag durch das Meßthaler=Ensemble im Sommer=Theater Hotel Stadt n
827 957 2016 1000 des INürnberg zur ersten Aufführung in Leipzig gebracht wurde.
835 989 968 1041 Werde
1014 997 2235 1065 Die Unglückliche, deren Sache hier der Dichter zu der seinen macht,
916 1033 2246 1109 ist Toni Weber, die, in elenden Verhältnissen aufgewachsen, den reichen
924 1082 2231 1131 Sohn des Professors Losatti kennen lernt. Es entspinnt sich ein Ver¬
917 1112 2224 1171 hältniß, in welchem trotz seiner Illegitimität beide junge Leute ihr Glück
920 1171 2228 1234 finden und das inniger, ja man kann fast sagen reiner ist, als manche zu¬
931 1211 2230 1275 sammengeschmiedete Ehe. Dem wilden Verhältniß, wie man so zu sagen
918 1235 2262 1316 pflegt, entspringt ein Kind und dieses Kind steigert ihr Glück zum Ueber¬
927 1300 2232 1358 maß. So hat Toni Weber mit ihrem Kinde in einer einfachen Wohnung
928 1331 2221 1400 Jahre lang dahingelebt. Die Stunden, da ihr Hugo auf Besuch kam
916 1381 2231 1441 und mit dem Kinde spielte, bedeuteten für sie das Leben und ihm waren
919 1411 2230 1495 sie die Zeit, zu welcher er, gelöst von den Fesseln der Gesellschaft, sich geben
910 1465 1316 1515 konnte, wie er war.
1004 1481 2230 1573 Plötzlich wird diesem Glücke ein jähes Ende. Bei einem Spazier¬
917 1540 2234 1611 ritt stürzt Hugo mit dem Pferde und wird sterbend in die Wohnung seiner
916 1592 2227 1649 Eltern gebracht. In der Todesstunde offenbart er sein Geheimniß der
924 1629 2229 1676 Mutter und nimmt ihr das Versprechen ab, seine Toni und seinen Buben
913 1673 2243 1757 zu holen und sie dort zu behalten, wohin sie gehören — in dem Hause,
910 1716 1984 1767 in welchem er aufgewachsen! Das ist sein Vermächtniß!
1012 1763 2236 1825 Des Sterbenden Wille geschieht. All die Liebe, die man dem ver¬
924 1804 2228 1865 storbenen Lieblinge des Hauses geschenkt, überträgt man jetzt auf sein
922 1843 2231 1901 Söhnchen und ein Theil dieser Liebe wird auch der bedauernswerthen
919 1879 1212 1938 Toni zu Theil.
1002 1915 2225 1997 Doch das Unglück schreitet weiter: Das Kind stirbt und von dem
922 1966 2227 2039 Augenblicke an, da man es in das Grab senkt, hat man kein Herz, kein:
919 1994 2230 2099 Mitleid mehr für die Mutter. Vergessen ist das Versprechen, das man
919 2059 2220 2117 dem sterbenden Sohne gegeben. Man will das Mädchen unterstützen, aber
912 2102 2223 2168 man will mit ihr nicht mehr unter einem Dache wohnen. Das bricht ihr,
924 2134 2215 2208 die jetzt von aller Welt verlassen dasteht, das Herz. Sie verläßt das
917 2185 2219 2247 Haus, in dem sie eine zweite Heimath zu finden gehofft, und in ihrem
920 2226 2215 2290 Zimmer findet man einen Zettel mit den inhaltsschweren Worten:
926 2263 2222 2332 „Suchet mich nicht, Ihr werdet mich nicht finden.“ Auch sie kommt, ge¬
919 2314 2224 2390 nau wie die Christine in „Liebelei“, nicht wieder: die Gesellschaft hat ein
928 2341 1380 2415 weiteres Opfer gefordert!
999 2375 2217 2460 Man kann nicht sagen, daß diese Handlung besonders erfindungs¬
907 2443 2216 2494 reich sei. Geschichten, wie die eben angeführte, gehören in der Großstadt
915 2488 2215 2556 nicht zu den Seltenheiten. Aber die Handlung selbst war ja nie die
923 2520 2202 2572 Stärke Schnitzlers. Seine Force ist die Stimmungsmalerei, die
923 2568 2212 2632 Schilderung des Lebens, wie es wirklich ist. Und diese Schilderung ist
912 2606 2212 2670 ihm auch in dem „Vermächtniß“ gelungen. Es ist ein grelles Spiegel¬
916 2656 2207 2716 bild, das er hier der Gesellschaft, ihren Formen mit all' ihrer Rücksichts¬
913 2693 2209 2761 losigkeit gegen das, was nicht zu ihr gehört, vorhält, ein Bild, das mehr
909 2741 1983 2793 zu denken giebt als mancher Band ethischer Abhandlungen.
1005 2775 2208 2840 Es wird Leute geben, welche die Entwickelung des Stücks — im
913 2816 2220 2897 ersten Acte der todte Vater, im zweiten Acte das todte Kind, im dritten
917 2867 2211 2928 Acte die todte Mutter — für zu primitiv halten. Uns will gerade diese
914 2901 2213 2980 Einfachheit in der Entwickelung als ein Vorzug erscheinen. Mit voller
908 2941 2214 3011 Klarheit wendet sich so der Verfasser, von Act zuAct nachdrücklicher werdend,
907 2993 2217 3038 gegen die Vorurtheile der Gesellschaft. In der Zeichnung der einzelnen
905 3022 2226 3089 Figuren, mit denen er agirt, treten die menschlichen Schwächen vielleicht
915 3076 2207 3140 etwas zu scharf hervor, doch wir treffen ja auch in der Wirklichkeit mehr
906 3113 1630 3180 Schwächlinge als charakterfeste Leute!
991 3144 2220 3217 Die von Max Walden inscenirte Aufführung des Stückes
908 3209 2206 3267 durch das Meßthaler=Ensemble war stimmungsvoll und sie wäre noch
907 3236 2220 3328 stimmungsvoller gewesen, wenn nicht der Souffleur allzu oft und allzu
914 3289 1555 3335 laut hätte in Action treien müssen.
997 3325 2212 3402 Die beste Leistung bot unstreitig Max Eißfeldt, der seinem
908 3362 2163 3426 sterbenden Hugo wahre Töne des Herzens verlieh. Auch Adele Da¬¬
904 3403 2210 3486 mer brachte als Toni Weber die Liebe zu dem Sterbenden und zu ihrem
914 3460 2200 3533 Kinde, den Schmerz über den Verlust und über das, was man ihr an¬
912 3501 1521 3564 gethan, ergreifend zum Ausdruck.
995 3547 2209 3607 Von den zahlreichen anderen Mitwirkenden heben wir noch den un¬
912 3565 2203 3654 schlüssigen, trotz aller liberalen Anschauungen, mit denen er sich brüstet,
911 3625 2193 3685 an die Formen der Gesellschaft gefesselten Professor Losatti Otto
912 3668 2207 3741 Ripperts und den gefühllosen, allerRücksicht baarenArzt Dr. Schmidt
910 3705 1379 3770 Cäsar Becks hervor.
1002 3756 2217 3819 Genannt seien dann weiter Therese Paulmann als Frau
908 3798 2206 3854 Professor, Agnes Waldmann und Grete Mudra als deren!
912 3854 2208 3928 Kinder, Anna Jordan als Wittwe Winter, Anna Huber als
905 3888 2206 3976 deren Tochter, und Ferdinand Martini als Freund der Pro¬
908 3924 1194 3997 feffor=Familie.
998 3977 2198 4046 Das Publicum, das sich anfangs schwer mit dem ernsten Stoff ver¬
902 4016 2010 4089 traut machen wollte, applaudirte an den Aetschlüssen lebhaft.
1691 4061 2205 4139 Fritz Cl. Malt!
