3484 4480
1377 222 1871 324 box 16/4
187 230 1264 341 10. Das Vernnechtnis
1593 1654 1859 1746 —.
1201 1700 3328 1803 Ider Typus des Wiener liberalen Mannes. Währendjzeihen? Vermessen ist das. Strafen dürsen wir — undl stimmen
241 1601 1019 1815 7 Un da Vermächtnig.
1212 1762 3346 1861 die anderen Personen nicht geräde plastisch charakterisirt rächen meinethalben . . . .. Aber zu verzeihen ist doch talitätsfrei
259 1786 1207 1868 Schauspiel in 3 Akten von Arthur Schnitzler.
1189 1796 3335 1879 sind, ganz dem Wesen des Problemdramas entsprechend,Keiner gut genug.“ Lieber wäre es dem Herrn Professor man von
276 1846 1196 1936 (Münchener Schauspielhaus d. 15. Sept.)
1191 1845 3357 1937 dem die Hauptsache der Fall ist, ist dieser Normalmannfreilich gewesen, sein Sohn hätte sein Leben genossen.sorgen wer
1217 1900 3336 1973 eingehender und schärfer gezeichnet. Seine Frau Betty,wie das nun mal Sitte ist und wie er auch, der dieworan sie
281 1910 1228 1984 „Wir sind feig gewesen, wir haben es nicht gewagt,
1212 1939 2183 2008 die zu ihm in keinen „wirklichen Beziehungen steht“ ist
2173 1937 3151 2025 Dinge stets in ihrer wahren Bedeutung und nicht nach
3138 1959 3352 2010 Dasein vo
220 1950 1218 2031 sie 's pob zu haben, wie sie es verdient hat. Gnade
1221 1981 2187 2055 weich und gutmüthig, aber ohne allen Fonds. Weiter
2171 2001 3149 2061 der landläufigen Moral auffaßt, es verstanden hätte. Ein
3139 1998 3349 2063 Rücksichten,
219 2007 1225 2074 haben #er ihr erwiesen, Gnade — wir! Und hätten ein¬
1222 2033 2180 2089 ist de die Schwägerin Emma, die vertraute Freundin
2178 2041 3354 2096 Verhältniß haber als junger Mann — natürlich, aber haben gesie
228 2031 682 2119 fach gut sein müssen!““
664 2055 1231 2126 In diesen Worten zieht der
1226 2076 2180 2134 Hugos, jungverwittwet, aber offen und resolut und voll
2167 2079 3156 2153 das Hängenbleiben muß ausgeschlossen sein. Und wer
224 2091 1234 2162 Sprecher des Antors das Schlußsazit aus dem Fall, der
1220 2119 2175 2183 Theilnahme für die Toni, die wie sie selbst Freud und
2178 2129 3354 2191 weiß, ob er nicht Recht hat, wenn er weiter kalkulirt: Frau Emn
221 2140 1222 2203 dem Vermächtniß als Grundlage dient. Also ein
1209 2159 2176 2232 Schmerz der Liebe durchgemacht hat. Dann ihre Tochter
2172 2173 3352 2250 Wäre Hugo am Leben geblieben, er hätte dies Verhält= sich zu neh
227 2191 1225 2266 Thefendrama. Die Unversöhnlichkeit zweier Welten wird
1213 2216 2176 2271 Agnes, die backfischartig für den Lugo schwärmte. Im
2174 2218 3148 2281 niß gelöst und eine Frau aus der anständigen Gesell¬
226 2224 475 2298 verhandelt.
1202 2250 3150 2324 schrossen Kontrast dazu Dr. Ferd. Schmidt, der Haus=schaft genommen, wie es ausschließlich alle jungen Männer
3192 2245 3355 2330 Franz
297 2279 1221 2353 Der Sohn einer großbourgeoisen Familie, Dr. Hugo
1213 2298 2183 2361 arzt Losattis, von der Familie ihrer Tochter Franziska
2167 2292 3141 2364 thun, die in der Welt und mit der Welt leben wollen.
3138 2296 3356 2368 Unrecht, da
224 2321 1214 2393 Losatti, hat seit Jahren ein Liebesverhältniß mit einem
1212 2341 2178 2400 zum Gatten bestimmt. Wie Frau Emma die versöhn¬
2240 2353 3144 2404 Das Band, das die beiden einander fremden Welten
3138 2351 3352 2413 lat. Alles
225 2373 1227 2441 kleinbürgerlichen Mädchen, Toni Weber, das seinetwegen
1216 2389 2175 2441 liche, wenschliche Geinnung verkörpert, so er das kon¬
2168 2388 3139 2452 zusammenhält, ist das Kind. Für Toni ist es Alles und
3128 2394 3342 2457 der Alles
221 2430 1222 2481 den Vater verlassen mußte und nun von dem reichlichen
1222 2415 2188 2490 ventionelle Prinzip. Ein freudenloses hartes Leben hat
2178 2441 3141 2493 Eins, nachdem sie den Vater und den Geliehten verloren
3131 2428 3359 2507 Tysten er
226 2466 1220 2527 Taschengelde des reichen jungen Mannes unterhalten
1216 2484 2187 2536 alles Freie und Heitere in ihm erstickt. Pflicht und Sitte
2169 2481 3135 2541 hat und in hilfloser Verlassenheit dasteht. Für die Lo¬
3127 2486 3350 2546 in don Wo
226 2516 1231 2575 wird. Ihrem Bunde, den nur die Zärtlichkeit knüpfte
1212 2505 2178 2592 und die starre bürgerliche Moral bilden einen undurch¬
2167 2525 3137 2577 sattis ist die Mutter nur das Zubehör zum Kinde —
3125 2527 3351 2591 des Dram#
226 2551 1215 2616 und den der Trauschein nicht legitimirte, ist ein hübscher,
1216 2555 1728 2626 dringlichen Panzer um ihn.
2160 2569 3143 2633 von vornherein, wenn es ihnen auch zunächst nicht voll
3137 2569 3362 2638 über die ##
225 2586 1226 2666 blasser Knabe entsprossen. In ihrem süßen Glück leben
1279 2588 2188 2674 In diese Gesellschaft tritt Toni Weber mit ihrem
2168 2607 3138 2674 ins Bewußtsein tritt. Auf den Lippen, in den Augen
3134 2609 3426 2680 Schbeidt,
220 2632 1217 2700 die beiden Menschen dahin, unbesorgt um das, was die
1216 2643 2187 2715 Kinde ein. Was in der Rührung versprochen wurde,
2164 2653 3138 2719 des Buben da sind für Frau Betty all' die Tage, die
3130 2662 3371 2736 gefähle er#
219 2674 1216 2746 Zukunft bringt. Mit einem jähen Ruck wird es ge¬
1207 2710 2181 2763 wird gehalten von der Familie Losatti's. Ja der Pro¬
2173 2705 3147 2772 ihr der Hugo nicht gegeben hat. Das Kind legitimirt
3202 2708 3362 2780 Sch
228 2725 1214 2787 sprengt. Was nun? Huge ist von dem Pferde gestürzt.
1218 2739 3138 2804 fessor, der sich rühmt, allezeit ein liberaler Mann ge=gewissermaßen die Mutter. Der Konflikt bleibt latent.
3124 2745 3361 2816 ganz verni
221 2773 1222 2832 Zu Tobe verwundet wird er ins väterliche Haus gebracht.
1209 2784 3145 2843 wesen zu sein und ein liebender Vater, findet eine ge=[Was wird aus unserem Problem — der Unvereinburkeit
3127 2798 3354 2858 das Räse
231 2819 1217 2881 Nock, hat er die Kraft, seiner Mutter sein Geheimniß
1212 2827 3145 2894 wisse Genugthnung darin, die Freiheit seiner Ansichten der beiden Lebenskreise? Schnitzler läßt den Bubi krän¬
3122 2841 3343 2902 Advokasenp
214 2869 1231 2933 anzuvertrauen, ihr das Versprechen abzunehmen, daß
1204 2871 3346 2938 zu beweisen. Mit posirendem Stolze ist er bereit, auf keln und sterben. Die Gegenpartei in Gestalt des Dr. Trauerslimg
216 2899 1213 2977 man Toni und ihr Kind ins Haus aufnehmen werde,
1205 2915 3355 2991 den Verkehr mit Leuten aus seiner Gesellschaft zu ver=Schmidt, greift jetzt ein. Für ihn ist die Mutte. jepzif nicht imme
224 2950 1218 3012 als ob sie immer seine rechtmäßige Frau gewesen wäre.
1205 2960 3359 3038 zichten, die ihn nunmehr meiden wollten. „Eine Pflicht  zur Maitresse geworden, die in einem anständigen bür=brochen di
213 2986 1210 3063 Zum letzten Abschiede werden beide rasch herbeigeholt.
1219 2993 3345 3063 haben wir zu erfüllen, das ist das erlösende Wort“, sagt gerlichen Hause nichts mehr zu suchen hat. Dene in Novellisten
212 3036 1217 3107 Um das Sterbelager sind beide Welten versammelt.
1203 3054 3360 3133 er mit wohlklingendem Pathos. Ja er spricht sogar von dieser Welt gelten andere Gesetze. auf denen die ganze die Densch#
217 3086 1218 3149 Und wenn auch die offenen Widersprüche und Gegen¬
1204 3088 2178 3154 einem Rechte, das man solchen Geschöpfen wie Toni
2165 3096 3356 3179 Ordnung beruht, als in jener, in der man sich einfach zu plander
213 3124 1222 3190 sätze in dem feierlichen Ernste der Todesstunde
1206 3132 3332 3195 gegenüber in Anspruch nehmen dürfe, dem Recht zu ver=nimmt, was einem gefällt — ohne Skrupel, ohne vermögen.
219 3171 3362 3243 schweigen, wir ahnen sie bereits. Der Vater Hugos,zeihen, worauf ihm Frau Emma erwidert: „Verzeihen? Reue. Im Einverständniß mit dem Professor und Maupassant#
216 3215 1225 3308 der Professor und liberale Abgeordnete Lossati, ist
1270 3234 3354 3316 . was hat überhaupt ein Mensch dem andern zu ver= dessen Gattin, deren Schwäche sich rasch um= „Vermichtn
