3484 4256
1357 230 1812 319 box 16/2
167 234 1214 348 10. Das Vernaechtnis
1126 531 1603 625 IIN TNRRII I
1643 611 2008 695 Telefon 12801.
2332 691 2557 757 Ausschnitt
1366 681 2280 780 Unternehmen für Zeitungs-Ausschnitte.
1092 696 1365 823 103.
2257 768 2569 866 Nr. 30
1512 765 2131 902 „OBSERVER
1083 853 2566 950 I. österr. behördl. concess. Bureau für Zeitungsberichte und Personalnachrichten
1393 949 2278 1046 Wien, IX/1 Türkenstrasse 17.
1346 1019 2334 1107 Filiale in Budapest: „Figyelö“, VIII. Josefsring 31 a. —
1094 1174 1591 1274 Ausschnitt aus:
1593 1190 2372 1287 „uar Terreichische Volkszeitung“
1104 1268 1553 1413 vom 1/18.55
1364 1446 2371 1588 Theater- und Kunstnachrichten.
1613 1590 2149 1668 „Das Vermächtniß.“
1366 1628 2398 1721 Schauspiel in deri Alten von Arthur Schuitzler. Zum erstenmale auf¬
1574 1698 2196 1738 geführt im Burgtheater am 30. Neormber.
1445 1724 2380 1778 Es ist das größte Verdienst unserer jungen Bühnen¬
1373 1768 2385 1811 dichter, daß sie uns Alten die Wehleidigkeit im Theuter
1373 1811 2385 1872 abgewöhnen. Mitleidige Aerzte machen faule Wunden.
1387 1853 2392 1913 Das ist der Grundsatz unseres chirurgischen Zeitalters,
1380 1896 2389 1945 den mit Recht auch unsere sozialen Heilkünstler zu dem
1384 1936 2390 1992 rihrigen gemacht. gleichviel ob sie sich die Rednertribüne, den
1378 1978 2382 2038 Lesetisch oder die Schaubühne zu ihrem Operationsgebiet
1372 2015 2388 2078 ausersehen haben. Wer die veralieten Uebel und Gebreste
1368 2066 2385 2118 unserer Gesellschaft bei der Wurzel fassen will, der darf
1376 2105 2395 2168 nicht erst lange nach den Nerven des Patienten fragen.
1373 2141 2390 2197 Darum wären wir die Letzten, Arthur Schnitzler aus
1388 2190 2394 2250 der Nervenpein, die er uns in seinem neuesten Schau¬
1388 2237 2375 2315 spiel „Das Vermächtniß“ auferlegt, einen Vor¬
1388 2296 2387 2366 wurf zu machen. Sterben sehen ist allerdings kein
1383 2325 2397 2404 Kinderspiel, und der Dichter des „Vermächtnisses“ fängt
1387 2380 2396 2466 damit an, uns das Sterben mit all seinen schreckhaften
1387 2414 1906 2486 klinischen Details zu zeigen.
1450 2462 2381 2544 Während der größeren Hälfte des ersten Aktes
1377 2512 2393 2588 zwingt uns der Autor an das Todtenbett des jungen
1366 2550 2384 2628 Hugo Losatli, damit wir Zeugen seien seines letzten
1363 2607 2376 2671 Wunsches, es hören, wie er sterbend seinen Eltern das
1355 2645 2373 2700 Versprechen abnimmt, seiner Geliebten und seinem
1344 2676 2366 2753 ledigen Kinde in ihrem eigenen Hause eine Heimstätte.
2401 2701 2578 2779 inclusive
1167 2723 1276 2793 Fer
1286 2730 2368 2794 50 7 zu bereiten., Man mag darüber streiten, ob es nöthig
2415 2758 2563 2794 Porto.
2403 2783 2562 2825 Zahlbar
1273 2776 2375 2850 100 fwar, zum „wecke dieser Exposition ein pathologisches,
2389 2808 2587 2866 im Voraus
1264 2823 2388 2904 200  Sterben auf der Bühne zu veranstalten, schließlich be¬
1255 2850 1359 2896 500
1359 2852 2627 2935 hielt doch der Dichter Recht, weil er die peinlichepuille ist de¬
1215 2900 2627 2989 " 1000 lAufgabe mit hohem künstlerischen Geschick gelöst.h steht es den.
1304 2948 2531 3030 i und den Zuschauer nicht allein mächtig ergriffen,, ändern.
1178 2982 2366 3056 Abonnen sondern dessen Theilnahme an dem Schicksale der Ver¬
1180 3016 2373 3087 Abonnen waisten durch die Unmittelbarkeit der Anschauung auch
1348 3053 2384 3157 viel kräftiger geweckt hat. Dieser erste Akt, der beste desg
1358 3102 2372 3180 Stückes, zählt auch zu dem Besten, was der begabte:
1356 3143 2353 3223 Autor=bisher für die Bühne geschrieben hat, denn es
1337 3170 2360 3269 dünkt uns der erste vollgiltige Beweis dafür, daß der
1331 3251 2362 3328 Weistvolle Nopellist und Bühnenplanderer Schnitzler auch
1321 3288 2235 3339 sein Dichter von dramatischer Gestaltungskraft ist.
1411 3324 2350 3402 Leider versiegt in den folgenden Akten diese dramatische
1327 3363 2347 3437 Kraft vollständig und mit ihr das Interesse an dem
1352 3405 2333 3490 Prohlem, das sich der Autor gestellt hat. Die Frage
1345 3453 2333 3528 job die Macht der elterlichen Liebe den Wunsch des ver¬
1347 3494 2333 3572 storbenen Sohnes zu erfüllen und das Gefühl der
1345 3531 2342 3612 Pflicht gegen seine ledige Witwe und deren Kind stark
1340 3578 2336 3654 genug sind, dem gesellschaftlichen Vorurtheil zu trotzen.
1340 3633 2341 3687 wird vom zweiten Akte jab fast ausschließlich in einer
1344 3665 2345 3738 Reihe von Bühnengesprächen der Betheiligten abge¬
1346 3701 2340 3781 handelt. Die Stimme des Vorurtheils wird in dieser
1340 3739 2341 3845 Tisputation von zwei trefflich beobachteten und äußersi
1318 3808 2340 3855 lebensvoll gezeichneten Figuren repräjentirt, dem alten
1331 3832 2328 3908 Professor Losatti und dem Verlobten seiner Tochter,
1337 3881 2338 3951 einem jungen Arzte, während die Schwägerin Losatti's
1328 3924 2328 3995 und seine Tochter Franziska, die Braut des Arztes, die
1330 3962 2329 4034 Sache des Gewissens und der Menschlichkeit führen.“
1326 4002 2324 4084 Gewissen und Menschlichkeit bleiben im Vortheil und
1322 4041 2321 4129 Toni mit ihrem Kinde im Hause des Professors, so
1311 4085 2327 4171 lange dieses Kind am Leben ist. Mit dem Tode des
1312 4126 2340 4211 Kleinen jedoch, d. i. nach Schluß des zweiten Aktes, siegt
1313 4170 1988 4225 das Vorurthei Tom wird sanft ab
