3484 4384
1448 126 1929 225 box 16/6
261 136 1324 257 10. Das Vernaechtnis
590 1163 950 1244 sahe iud Seire..
2480 1191 3409 1264 Frei=der „Vorw.“ auf die Aufsichtsrathssteus
585 1200 1871 1306 50 J, für Gerste um 2.50 M, gegeunder der Reglesssinnige.
2027 1255 3419 1314 Soaldemokraten be¬ meinen Elektrizitätsgesellschaft hin. A
595 1283 3414 1329 rungsvorlageterhöht worden sind. Ob sich hierbeit schlossen für die Landtagswahlen ein Zu=gegen derartige Erörterungen schwerl
357 1246 510 1394 3
1632 1373 3409 1450 hältniß mit einem aus kleinbürgerlicher Familie Losatti'sche Familie einen willkommen
559 1381 659 1472 4
1629 1432 3406 1505 stammenden jungen Mädchen Toni Weber. Dem aller Verpflichtungen gegen das verla
803 1387 1443 1546 Feuilleton.
1637 1480 3404 1555 Bunde entsproß ein hübscher Knabe, 4 Jahre ist er liche Weib ledig zu erklären. Durch
1635 1534 3409 1603 alt. Da wird durch des Schicksals rauhe Hand das läßt man Toni mittheilen, daß nun i
1626 1568 3382 1646 stille Glück der Liebenden zerstört. Hugo Losatti im Hause Losatti nicht mehr auf!
820 1518 1423 1658 Das Vermächtniß.
1630 1620 3418 1693 stürzt bei einem Spazierritt und wird sterbend seinen kann, daß man aber außerhalb des Ha
575 1638 1639 1720 Schauspiel in 3 Aufzügen von Arthur Schnitzler.
1635 1659 3419 1729 Eltern in's Haus getragen; er hat eben noch die rieller Beziehung für sie sorgen werde.
397 1534 510 1756 *
657 1700 1637 1765 t. Nürnberg, 13. Okt. (Intimes Theater.)
1626 1708 3414 1785 Kraft, ihnen sein Geheimniß anzuvertrauen und zu= Verlassene zieht aber einem solchen Da
587 1730 1636 1817 Arthur Schnitzler ist wohl der bedeutendste und kraft¬
1635 1760 2652 1820 gleich das Versprechen abzunehmen, sein Kind und
2640 1758 3415 1834 vor. Sie entfernt sich unter Hinterl
580 1786 1640 1863 vollste Dramatiker „Jungwien's“, jener bunten
1635 1807 2660 1862 dessen Mutter in ihr Haus aufzunehmen. Und wenn
2639 1805 3424 1891 Zettels, man möge nicht nach ihr such
587 1843 1637 1911 Gruppe von Literaten, die um Hermann Bahr sich
1628 1853 3402 1932 auch von Seiten der Angehörigen Bedenken sich gel- spät. Die Klasseninteressen haben
590 1899 3261 1962 schaart, der, nachdem er in einem Wanderleben die tend machen, das Vermächtniß des Todten ist im Menschlichkeit und Pflicht.
3274 1915 3416 1972 Frai
593 1942 1639 2007 ganze Kultur Mitteleuropa's, wie er selbst von sich
1629 1947 3430 2013 ersten Augenblick denn doch heilig genug, als daß empfindet die ganze Schwere des Unrech
581 1983 1638 2051 mit Stolz rühmt, in sich aufgenommen, als ein Mo¬
1622 1987 2276 2057 man es unerfüllt lassen könnte.
2627 1988 3421 2063 an dem „Vermächtniß" des verstorbenen
576 2018 1632 2091 derner modernen Geist in das literarische Wien
1686 2036 2651 2109 Zwei verschiedene Welten werden so einander
2649 2050 3391 2104 gangen hat: „Wir sind feig gewesen,
582 2074 1638 2143 brachte. Schnitzler ist eigentlich der Einzige, der sich
1627 2084 2652 2151 näher gerückt. Die Klassengegensätze platzen auf¬
2648 2078 3418 2161 nicht gewagt, sie so lieb zu haben, w
579 2122 1636 2191 von dieser Jungwiener Schule emporgearbeitet hat.
1624 2130 2649 2198 einander. „In uns Allen ist die Sehnsucht nach
2642 2136 3420 2200 dient hat. Gnade haben wir ihr erwi
586 2170 1621 2234 Während Bahr Positives nur wenig geleistet hat
1623 2175 2659 2242 Glück.“ Aber in der einen Welt genießt man dieses
2644 2182 3426 2246 Und wir hätten einfach gut sein müssen
579 2202 1625 2275 und die Anderen von seiner Sippe an den von
1631 2225 2653 2293 Glück, wo man es findet, skrupellos und reuelos, wie
2652 2231 3422 2287 richtiger Konsequenz dieses Bewußtsein
577 2254 1630 2328 Schnitzler geschaffenen Typen des „süßen Mädels“
1659 2274 2652 2345 ni Weber es gethan, in der anderen muß man es
2645 2285 3426 2341 ziska sich los von der Weltanschauung
573 2313 1636 2380 und des müden Anatol hängen geblieben sind, fand
1625 2314 2657 2373 sich unter Entbehrungen erringen oder ihm auch
2643 2326 3417 2379 und diesem selbst. Das ist der einzig
571 2344 1624 2425 er in kräftiger und fortschreitender Entwickelung den
1625 2367 2657 2435 ganz entsagen wie Dr. Schmidt, der Hausarzt bei
2644 2375 3410 2423 dem düsteren Drama, über das sich
572 2395 1621 2472 Anschluß an die Berliner dramatische Revolution.
1629 2402 2646 2471 Losattis, in dem eine freudelose, harte Jugend alles
2639 2409 3423 2473 sentimentale Stimmung breitet, die auf
575 2443 2645 2514 Schon in die „Liebelei“ mengen sich soziale Töne,Menschliche erstickt hat und in dem sich das kon¬
2637 2458 3425 2524 wie ein drückender Alp, von dem man
569 2492 2653 2555 und stärker noch schlägt er sie in seinem Schauspiel ventionelle Prinzip, die bürgerliche Gesellschaft mit
2642 2512 3426 2572 zu befreien sucht. Les extrèmes se to
583 2532 2650 2614 „Freiwild“ an. Auch in seinem Schauspiel „Ver= ihren hergebrachten Begriffen von Sitte und Moral
2637 2551 3428 2618 gilt auch von dem Eharakter des Wiene#
574 2587 3428 2654 mächtniß", das am Samstag Abend im Intimen verkörpert Er ist Losatti's Tochter Franziska zum wäre es kaum erklärlich, wie diese vo
580 2629 3428 2686 Theater zum ersten Mal aufgeführt wurde, will er Gatten bestimmt und leitet hieraus das Recht ab, in talität triefende Dichtung auf dems
579 2685 2653 2762 Schilderer und Richter des Bestehenden sein. Er Familienangelegenheiten mitreden zu dürfen. Mit
2634 2696 3422 2759 sprossen konnte, der die Königin unter
574 2727 1620 2786 kämpft darin für das Recht der unehelichen Kinder
1627 2738 3419 2812 Dr. Schmidt im Bunde steht der alte Losatti mit mit ihren prickelnden Walzermelodien h
581 2773 1624 2841 und deren Mütter, auf die unsere sog. Gesellschaft
1615 2779 2654 2849 seinem Scheinliberalismus; ihnen gegenüber die der
2640 2790 3431 2851 hat. Einige Situationen in dem Stü
568 2817 1624 2892 in ihrem Pharisäerthum verächtlich herabsieht und
1628 2825 2660 2891 Familie Losatti verschwägerte Wittwe Winter und
2641 2836 3429 2908 der Natürlichkeit, so die Szenen am
581 2866 1627 2949 die sie als Unwürdige und Aussätzige aus ihrer
1626 2878 3420 2943 Franziska als Vertreter der Menschlichkeit und Ver= 1. Akt. In der Schilderung der Charal
562 2903 961 2974 Mitte ausschließt.
1610 2920 1893 3004 söhnlichkeit.
2625 2916 3420 2993 die Schnitzler eigene feine Beobachtung
639 2941 1632 3025 Dr. Hugo Losatti, der Sohn des Professors der
1674 2945 2652 3040 Als nun gar das Kind stirbt, da ist das Band,
2690 2981 3421 3034 Der Dichter hat als Ort der Handlu
566 3001 3424 3080 Nationalökonomie und „liberalen“ Abgeordneten das die beiden einander fremden Welten eine Zeit gegeben. In der Aufführung des Intin
566 3052 3428 3161 Losatti, hat seit Jahren ein heimliches Liebesver= lang zusammengehalten hat, gelöst, da hat die suchte man den „Weaner“ Lokalton verg
