3436 4384
240 151 1286 257 10. Das Vernaechtnis
1098 1096 1471 1185 Telephon 12801.
1160 1187 1320 1267 69
549 1232 1263 1336 „UBSEHVEN
386 1308 1476 1370 I. österr. behördl konz. Unternehmen für Zeitungs-Ausschnitte
581 1355 1312 1457 Wien, I., Concordiaplatz 4.
797 1423 1108 1504 Vertretungen
397 1458 1489 1548 in Berlin, Budapest. Chicago, Christiania, Genf, Kopenhagen,
408 1515 1495 1604 London, Madrid, Mailand, Minneapolis, New-York, Paris, Rom,
566 1556 1333 1621 San Francisco, Stockholm, St. Petersburg.
751 1598 1172 1658 (Quelienangabe ohue Gewähr.)
587 1617 1575 1695 Illustrirtes Wiener Extrablatt, Wien
405 1662 832 1754 Ausschnitt aus:
625 1730 924 1823 19 1. 1906
422 1786 596 1872 vom
446 1851 1284 2012 Wiener Theatergeschichten.
814 1973 937 2041 XXI.
451 1999 1284 2107 Mareell Prevost und Schuitzler.
474 2036 1394 2159 Im Hofburgtheater stehr die Auf¬
371 2097 1389 2207 führung einer Novität bevor: „Das schwache
374 2142 1398 2243 Geschlecht“ von Marcell Prevost. Zum ersten
385 2185 1397 2287 Male erscheint dieser moderne Pariser im Spielplane
380 2226 1400 2323 der Hofbühne. Bei der Leseprobe des Dramas ergab
378 2267 1398 2383 sich eine interessante Thatsache, daß hier nahezu das¬
1400 2285 1519 2379 8
388 2303 1404 2416 selbe Thema behandelt wurde, das Arthur Schnitzler
403 2344 1410 2449 hin einem vor Jahren aufgeführten Schauspiele „Das
396 2391 1407 2514 Vermächtniß" zur Discussion gestellt hatte. Während
399 2438 1420 2552 aber der Wiener Poct der Haudtung einen düsteren Ab¬
393 2487 1429 2587 schluß gab, führt sie der Franzose zu einem gemüthlichen
411 2533 1422 2628 Ende. Es gäbe einmal eine dankbare Aufgabe, dieses
398 2568 1424 2659 verschiedenartige Durchleuchten eines dramatischen
406 2610 1418 2719 Stoffes bei Bühnenschriftstellern zu verfolgen, die
406 2639 1443 2752 ohne sich zu keunen, nahezu den gleichen mensch¬
412 2683 1448 2800 lichen Conflict ersinnen und auf ihre Weise
508 2742 1435 2846 lösen suchen. Das gäbe werthvolle Bei¬
411 2781 1436 2878 träge zur Psychologie dichterischen Schaffens.
415 2820 1437 2913 Bei Componisten kommt es ebenfalls vor, daß sie
411 2862 1441 2967 dasselbe Motiv vorbringen, doch geschieht es hier
416 2910 1447 3001 mehr in Form einer flüchtigen Erinnerung. Nun, es
425 2962 1391 3061 dürfte anläßlich der Première des eingangs er
430 2987 1459 3086 wähnten Stückes sich Gelegenheit bieten, Weiteres
429 3061 1084 3168 über diesen Gegenstand zu sagen.
1444 133 1889 229 box 16/6
1746 1051 3076 1152 jugendlichen Feuern gefunkelt hat. Echtblütige Verfeinerung und berzinnige
1752 1113 3081 1200 Freude am Dasein, die guten Grundlagen seiner Kunst tragen den Gereiften,
1757 1161 3078 1245 der die Bonoivants lange hinter sich geworfen hat, nun in die große Helle
1748 1208 3085 1290 einer harmonisch geläuterten Menschlichkeit hinüber. Alles wird Licht, Schönheit,
1746 1256 3091 1352 Lebenssegen in ihm und um ihn her. Die Verklärungen, die sein Spiel
1756 1300 3089 1394 über seine Menschen breitet, verkünden tiefstes, ruhigstes Einverständnis
1758 1355 3085 1442 mit der Welt. In diesem stolz erfreuten Verbundensein mit allem, was
1761 1417 3087 1487 lebt, liegt auch das Geheimnis der überraschend modernen Gestaltungen,
1760 1465 3090 1535 die seine Künstlerschaft in den letzten Jahren bereichert haben. Denn modern
1760 1503 3095 1586 sein, heißt: im tiefen Gefühl unendlicher Zusammenhänge leben, heißt: zuerst
1754 1557 3091 1625 und in allem die Relativität alles Seins und Geschehens anerkennen, heißt:
1765 1600 3100 1674 die Grenzen zwischen Welt und Seele überwinden. Bis zu solcher weithin
1767 1644 3089 1730 überschauenden Höhe ist der innere Adel Hartmanns jetzt emporgewachsen.
1759 1684 3096 1789 Es war ein Wachsen vom Herzen aus, von Krästen des Gemütes gefördert
1761 1770 3106 1827 und vom Bewußtsein persönlichen Wertes gerichtet; ein Wachstum, dem
1755 1804 3092 1879 jedes Zerren und Treiben des ungeduldig spürenden Geistes ferne blieb.
1771 1855 3098 1918 Dem ist zweierlei zu kanken: daß ihn dieses scheinbare Neuwerden von
1768 1904 3107 1972 der Möglichkeit, den Stilen früherer Dichter nachzugestalten, keineswegs
1775 1944 3111 2027 losgerissen hat, und daß auch seiner modernen Schöpfung ein so vornehm
1778 1996 3107 2079 müheloses Gleichgewicht innewohnt. Triumph der Geschmeidigkeit war die
1777 2037 3107 2119 anmutig kavalierhafte Haltung und der sprungbereite Uebermut seiner jungen
1771 2091 3112 2171 Herren; Triumph der Geschmeidigkeit, von allem Aeußeren auf alles Innere
1775 2138 3102 2227 gewendet, ist das sublime Gefühl, die ganz modern beseelte tiefe Lebendig¬
1773 2186 3118 2273 keit, die jede seiner neuen Gestaltungen segnet. Im räsonnierenden Salon¬
1771 2235 3113 2312 stück, dessen verbröckelnde Reste noch immer durch unser Repertoire ge¬
1786 2289 3125 2376 spenstern, fällt ihm nun die Stimme der ganz ausgereisten Vornehmheit
1772 2331 3105 2406 zu. Man erinnert sich etwa an seinen Edelmann in „Geschäft ist Geschäft¬
1774 2410 3124 2463 oder an eine Figur aus Herviens „Rätsel“ als an Erscheinungen von
1784 2432 3121 2510 höchstem mildesten Glanz, Idealbilder gegenwärtiger Kultur, im Persönlichen
1781 2478 3128 2553 wie im Gesellschaftlichen. Und wo die Vielgestaltigkeit des klassichen
1790 2537 3122 2620 Dramas einen raschen Strahl von besonderer Wärme braucht, ein Herz,
1790 2575 3134 2661 das ohne Sturm und ohne Tat unsre Herzen einfängt, blanke Menschlichkeit,
1795 2632 3129 2707 die möglichst knapp und eindringlich für sich selbst redet, da wird nun
1801 2672 3123 2759 Hartmann hingestellt. So spielt er den Kammerdiener des Fürsten
1791 2726 3125 2794 oder den Medina Sidonia, und diesen Rollen kleinsten Umfanges wird
1796 2778 3125 2848 höchster menschlicher Wert gegeben. Und wenn ei als Wanderer im zweiten
1793 2821 3126 2901 Teil des Faust auf die Bühne tritt, beseligt lächelnd und die edlen Hände,
1795 2866 3130 2946 wie der ganzen Welt zum Gruß, vor sich gebreitet, so ist es, als käme
1808 2913 3140 3002 Goethe selber in seine Dichtung und verkündete leuchtenden Gesichtes:
1805 2982 2437 3071 „Ja, sie sinds, die alten Linden!“
1869 3011 3139 3097 Die kräftige Tiefe dieser wohlgebildeten Innerlichkeit und das feine
1802 3094 3139 3139 Ueberschauen menschlicher Dinge, zu dem seine angeborene Kultur neuestens
1809 3120 3145 3194 ausreift, begaben seine Kunst nun auch mit der Kraft ganz moderner Be¬
1807 3177 3156 3259 seelung. Was er dem Drama unsrer Zeit geben kann, ist nicht die kundig
3065 3251 3122 3302 1•7
