3484 4256
1432 134 1901 240 box 16/2
236 153 1297 259 10. Das Vernaechtnis
317 1224 3229 1355 berechenbaren Zufällen des Lebens. Gerade hier erweist den Vater Hugos, einen innerlich unsicheren Character, Beamten der Ortsgruppe des Rothen Kreuzes, Abord¬
324 1289 3225 1368 es sich, wie unrecht dieser Hugo Losatti gehandelt hat, einen jener Männer, die sich nur nach dem „On dit“nungen der Vereine u. s. w. beiwohnten. Vor der
324 1349 2254 1428 als er ein Weib an sich fesselte, ein Kind in die Welt richten, mit großer Meisterschaft; gerade die satirischen
2247 1374 3224 1454 Kirche hatten das Schützencorps, die Vetera nvereine
325 1393 3232 1502 setzte, ohne bei Zeiten für einen starken Schutz seiner Pointen dieser Rolle arbeitete er glücklich heraus. Ueber= und Feuerwehrvereine, in der Kirche der Katholische
319 1451 3223 1530 Geliebten und seines Kindes — auf Tod und Leben — haupt muß Schnitzler dem Burgtheater dankbar für die Vell##erein Aufstellung genommen. Nach Schluß des
323 1499 1301 1566 zu sorgen. Wenn nun der Dichter dies nicht einsieht,
1290 1502 1783 1577 gesammte Darstellung sein.
2228 1507 3221 1600 Gottesdienstes defilirten die Vereine, worauf sich die
315 1542 1304 1613 sich nur daran erfreut, der „Gesellschaft“ Hiebe zu ver¬
1374 1556 3225 1631 Nun noch eine nicht uninteressante Mittheilung aus Abordnungen der verschiedenen Corporationen zum Be¬
321 1603 1295 1658 setzen, seinen todten Helden aber zu vertheidigen, so denkt
1285 1603 3230 1693 dem Deutschen Volkstheater. Girardi geht auf dem zirkshauptmann begaben, um ihre Glückwünsche für den
322 1642 3222 1750 er schief, weichlich, parteiisch, und wie viel Kunst theatra- eingeschlagenen Wege der vornehmen Charactercomödie] Laiser zu übermitteln. Abends fand im isr. Tempel
323 1696 3231 1775 lischer Beredtsamkeit er auch auswenden mag: er bleibt] mit aller Euergie vorwärts. Gestern (1. Decbr.) spielte ein Festgottesdienst statt, bei welchem der Rabbiner eine
308 1721 2246 1821 doch im Unrecht! Und man bedauert herzlich, daß dem er den „Eingebildeten Kranken“ in Molières un¬
2234 1769 3223 1830 der Feier des Tages augepaßte Predigt hielt. Zur
307 1787 1303 1864 so ist, daß sich Schnitzler nicht aus seiner garconhaften
1283 1813 2250 1868 vergänglicher Posse. Wer das vor zehn, nein, auch nur
2239 1814 3221 1878 Feier sanden sich ein: der Bezirkshauptmann mit meh¬
309 1846 1294 1903 Moral zukeinem verstäudigeren Standpunkte erheben
1282 1846 2253 1921 vor fünf Jahren dem Alleinherscher im tollen Reich der
2237 1856 3212 1931 reren Beamten, der Steuerinspector, Vertreter des Be¬
307 1890 1285 1949 kann. Denn er ist der begabteste der jungen Wiener
1291 1901 3232 1981 Operette zugetraut hätte! Man hätte ihn wohl ausge= zirksgerichtes, Bürgermeister Kremling, Abgeordneter von
320 1945 3221 1981 Dichter, voller Esprit, reich an Gemüth, mit hochgebil= lacht! Gestern war die gesammte, hochernste Kritik im Eltz, Dr. R. v. Wottawa, die Directoren der Volks¬
306 1966 1299 2059 detem Kunstverstand. Schnitzler muß hinaus aus der
1285 1996 3226 2089 Voikstheater, die sich auf die Wieden nur an ganz be= und Bürgerschule u. s. w. Die Stadt war reich be¬
320 2035 1295 2115 Anatol=Sphäre, wenn er das erfüllen soll, wozu er be¬
1281 2038 2389 2134 sonders auserwählten Tagen zu verirren pflegte, und flaggt.
309 2078 1291 2149 rufen ist: der Wiener Dramatiker zu werden, an dem
1280 2091 2261 2148 lauschte mit hoch emporgezogenen Brauen dem Spiele
2311 2080 3231 2178 Lobositz, 4. December. Am 2. December fand im
313 2140 1292 2197 wir Alle ohne Vorbehalt unsere Freude haben sollen!
1270 2127 2244 2209 Girardis und seinem geradezu rührenden Demühen, sich
2230 2140 3215 2212 israel. Tempel ein Festgottesdienst statt, zu dem sich
402 2184 1290 2251 Ob das Stück nach dem Erfolg im Burgtheater
1275 2192 2250 2260 in den classischen Stil der Molidreschen Comödie hinein¬
2237 2200 3222 2258 nahezu sämmtliche Gemeindemitglieder einfanden. Nach
316 2227 1280 2297 noch seinen Weg über andere Bühnen machen wird?
1267 2225 2245 2314 zuspielen. Nun — in aller Ehrlichkeit sei es gesagt —
2229 2243 3222 2325 Vortrag einiger Psalmen hielt Herr Rabbiner Saar eine
303 2274 1281 2349 Schwer zu sagen. Der Schwerpunkt des „Vermächt¬
1273 2300 3225 2383 gelacht hat man wohl schon; schließlich kann ein so ge-patriotische Rede. Mit der Absingung der Kaiser=Hymne
313 2316 1288 2390 nisses“ liegt nicht in den Situationen, sondern in den
1275 2334 2238 2400 wandter Künstler wie Girardi sich in Mancherlei hinein¬
2231 2352 2718 2420 schloß die erhebende Feier.
306 2369 1284 2451 Gesprächen, die geführt werden. Der erste, meisterlich
1275 2382 2250 2460 finden. Allein, daß man von seinem Spiel eine beson¬
2317 2380 3226 2463 R. Rakonitz, 4. December. Am 2. December
316 2422 1291 2491 exponirende Act wirkt packend; er erinnerte mich flüch¬
1268 2420 2239 2510 ders denkwürdige Erinnerung mitgenommen hätte, läßt
2238 2435 3213 2513 fanden in der hiesigen Decanalkirche Festmessen statt,
310 2471 2244 2555 #tig an den ersten Act der „Versunkenen Glocke,“ wo sich doch auch nicht sagen. Lewinsky spielt dieselbe Rolle
2235 2502 3221 2558 welchen das Stadtverordneten=Collegium mit dem
309 2523 2233 2604 Heinrich von der Gattin Abschied — für immer, wie er im Burgtheater, und ich muß sagen, Girardi hat mir
2229 2549 3211 2595 Bürgermeister, die landesfürstlichen Beamten und zahl¬
310 2573 2245 2654 meint — nimmt. Schnitzler wirkt noch ergreifender. Der das Bild davon nicht verdunkelt. Wenn er den Wiener
2228 2588 3214 2656 reiche Andächtige beiwohnten. Für die Schuljugend und
299 2608 3218 2709 zweite Act ist viel schwächer: den dritten sund Schlußact Boden verläßt, dann geht doch auch der größte Reiz die Studentenschaft wurden separate Festgottesdienste
311 2666 3219 2720 rettete Frau Hohenfels, welche die frische Schwester seiner Kunst verloren, die im Dialect und im Localhumor abgehalten, nach welchen die Directoren der verschiedenen
300 2720 3223 2770 Hugos darzustellen hat, mit ihrem verständnißvollen und beruht. Erwähnt sei noch, daß Fräulein Retty mit Schulanstalten an die Schulkinder und Studenten patrio¬
299 2760 3218 2825 hinreißenden Spiel in den letzten Momenten der Hand= dem Stubenmädchen Toinette einen großen und wohl= tische Ansprachen hielten. Nachmittags wurde in der
304 2821 3219 2897 lung. Ernst Hartmann, der sich in den letzten Jahren verdienten Erfolg hatte. Man kann sich die Schelmereien Synagoge ein feierlicher Gottesdienst abgehalten. Die
289 2863 1815 2961 mit manierirten Spiel viel Sympathien verscherzte, gab nicht graziöser gespielt denken.
1991 2888 3222 2968 M. N—r.Festrede hielt der hiesige Rabbiner Herr Dr. Neumark,
