3436 4384
1366 135 1829 229 box 16/5
181 149 1224 253 10. Das Verngechtnis
619 960 1239 1069 Klose & Seidel
532 1047 1523 1131 Bureau für Zeitungeausschnitte.
475 1111 1373 1184 Berlin NO. 43, Georgenkirchplatz 211
529 1197 1306 1292 (Liest die meisten Zeitungen und ist das
527 1275 1310 1354 bestorganisierteste Bureau Deutschlands.)
1119 1373 1320 1458 nblatt
912 1370 1065 1464 Fren
291 1408 592 1513 Zeitung.
303 1524 676 1609 Ort: —
297 1621 658 1726 Datum:
423 1820 1725 1881 (Theater in der Josefstadt.) Wer würde einem Fünfziger
316 1869 1721 1949 an seinem Geburtstag nicht die Artigkeit erweisen, ihn für höchstens
321 1939 1720 1997 oierzig zu halten? Wer brächte es übers Herz, bei einer Schnitzler¬
322 1974 1728 2040 Feier an den Schwimmsand zu rühren, auf dem das „Ver¬
325 2020 1725 2079 mächtnis“ erbaut ist? Die Sentimentalitäten dieses Allerheiligen¬
323 2069 1728 2127 dramas mögen vorübergehend das Auge trüben, die Betrachtung des
315 2123 1730 2188 dichterischen Lebenswerkes, zu der diese Tage stimmen, wird es rasch
315 2170 1731 2232 erhelken. Das Theater in der Josefstadt, überzeugt davon, wo alles
313 2230 1719 2284 lieht, auch nicht gleichgiltig sein zu dürfen, schöpfte die Tränen in
321 2270 1722 2338 Eimern. Einmalige Aufführung! Man mühte sich, seinen Tränenvorrat
322 2318 1735 2386 auszugeben, weinte mit einer geburtstäglichen Ergriffenheit. Das
318 2376 1729 2455 Tränenkrüglein des Stückes ging so lange zum Brunnen, bis die
322 2411 1737 2481 ganze Geburtstagsfreude beinahe zerbrach. Es weinten: Frau Jo¬
428 2468 1730 2527 fy (hochdeutsch), Herr Meyvelt (norddeutsch), Fräulein
314 2510 1733 2575 Kaiser (wohlgenährt), Frau Schleinitz (mit edlem Anstand),
324 2555 1732 2622 Fräulein Kovacs (bakschierlich), Gustav Maran (so perfid hinter¬
320 2602 1741 2675 hältig und komisch=traurig, wie nur er das trifft), Herr Olmühl
334 2652 1728 2720 (infolge der Situation), Herr Meyerhofer (aus Solidarität).
987 2705 1731 2771 war die Niese. Aber die
333 2709 964 2780 Noch eine weinte, das
335 2750 1730 2821 weinte aus einem elementaren Erlebnis heraus. Sie wusch mit ihren
323 2807 1736 2867 Tränen dieses Schauspiel blank, bis es seine dichterische Seele zeigte.
334 2853 1747 2925 Ihr gellender Schreck, wenn der Geliebte stirbt, bleibt einem im Ohr
335 2897 1734 2961 sowie ihre Lautlosigkeit im Ohre bleibt, mit der das süße Mädel in
339 2965 1742 3017 den Tod hinaus schleicht. Sie erst gibt diesem Stück seinen Horizont,
334 2999 1737 3077 sie erst diesem Horizont seine Lichter und Wetter und Wolken. Es muß
325 3042 1749 3113 noch von Herrn Lessen gesprochen werden. Man hat sich seiner
339 3097 1737 3160 außerordentlichen, alle Gestalten scharf abgrenzenden Begabung oft
335 3149 1743 3219 erfreut; gestern aber hat er den strebernden, lebensunfreudigen Doktor
346 3189 1743 3254 Ferdinand Schmidt mit hundert famos beobachteten Details und in
332 3235 1751 3304 konsequenter typischer Durchführung vorgelebt. Haltung, Spiel und
337 3282 1748 3353 Maske verwuchsen zu überzeugender, künstlerisch vollendeter Einheit¬
345 3340 1742 3415 lichkeit. Die Schnitzler=Gemeinde war herzlich dankbar, daß auch
349 3387 1748 3456 Direktor Jarno dem Dichter einen Abend gab und feierte zumal
1592 3438 1712 3494 —S.
346 3433 1006 3526 Hansi Niese bewegten Gemütes.
2138 1269 2760 1382 Klose & Seidel
1817 1362 2883 1443 = Bureau für Zeitungsaueschnitte.
1971 1423 2896 1509 Berlin NO. 43, Georgenkirebplatz 21.
2042 1524 2831 1597 (Liest die meisten Zeitungen und ist das
2047 1590 2829 1673 besterganisierteste Bureau Deutschlands.)
1809 1694 2577 1822 t 1
2620 1751 2681 1836 —
1816 1827 2081 1922 Ort: —
1816 1940 2093 2036 Datum: —
2237 2016 2482 2106 16. Mai
1982 2132 2921 2202 Theater in der Josefstadt. „Das Ver¬—
1902 2185 2866 2238 mächtnis“ von Arthur Schnitzler. Nun
1913 2230 2882 2299 haben wir wieder einmal dieses Räsonnement
1920 2274 2879 2340 gegen einen philiströsen Liberalismus gesehen,
1914 2313 2877 2384 das — ganz anders als die anderen wundervoll
1908 2357 2880 2423 überlegenen Werke Arthur Schnitzlers — nicht
1913 2418 2880 2476 Menschen darstellt, wie sie sind, sondern wie sie
1921 2448 2882 2512 sein sollten, wie der Dichter sie sich von Herzen
1924 2499 2877 2556 wünscht. Ein Sterbender, der seinen Eltern das
1912 2545 2880 2603 Vermächtnis auferlegt, seine Geliebte und sein
1918 2591 2872 2651 Kind ins Haus zu nehmen, und schließlich bleibt
1921 2634 2887 2694 nach dem Tod des Knaben die illegitime Mutter
1920 2679 2877 2729 allein. Ein bißchen allzuviel zugemutet für
1918 2711 2884 2773 bürgerliche Naturen... Eine Schnitzler=Feier
1928 2767 2879 2823 sollte es werden. Und es wurde ein Fest für
1916 2800 2885 2861 die unvergleichliche Kunst der Niese und
1916 2861 2883 2916 Gustav Marans. Der gibt den liberalen
1923 2907 2883 2954 Universitätsprofessor und Abgeordneten, bläht
1926 2935 2888 3001 sich vor freisinnigen Phrasen und kokettiert mit
1923 2984 2880 3046 seinem Aufklärungsbewußtsein. Die Niese
1914 3035 2882 3086 weint erst um den Geliebten, weint dann um
1926 3075 2875 3133 das tote Kind, und sie ist immer grandios in
1913 3106 2887 3195 der Darstellung solch naiver Urgefühle, nahs
1924 3170 2240 3237 dem Instinkt.
