3392 4384
543 122 1588 174 gebracht wird. Er fühlt das Nahen des Sensenstern.
549 161 1522 222 mannes und hat nur noch eine Sorge, die Zu¬
555 207 1510 264 kunft seiner Geliebten und ihres Kindes dadurch
549 262 1518 313 zu sichern, daß er sich deren Aufnahme in die
546 298 1532 356 Familie sterbend von seinen Eltern versprechen
551 353 1528 412 läßt. Das ist das „Vermächtniß.“ Man versucht
548 393 1533 456 es im Hause Losakti zu halten. Toni Weber ist¬
546 441 1520 504 im zweiten Acie im Hause Losatti; allein sie
542 504 1520 557 fühlt es, daß sie da nur eine Geduldete ist, und
542 549 1519 603 doch fürchtet sie fortzugehen; denn draußen ist
547 596 1523 643 sie allein mit ihren Gedanken, einsam inmitten
539 649 1518 704 der großen Siast. Ihre Empfindung hat tiefen
542 684 1510 748 Grund. Denn, wie sehr auch Hugo's Mutter
537 737 1523 801 und seine Schwester Franzi ihr geneigt sind, es
550 792 1511 845 liegt etwas Fremdes zwischen ihr und dem Hause,
542 834 1515 900 insbesondere zwischen ihr und Hugos Vater, der
543 884 1529 951 nur widerstrebend ihrer Aufnahme ins Haus zu¬
542 929 1510 981 gestimmt, und namentlich zwischen ihr und Franzis
546 981 1522 1041 Bräutigam, Dr. Schmidt, einem Egoisten, dem
550 1028 1512 1090 in seiner Selbstsucht menschlich reines Empfinden
549 1074 1507 1141 völlig fehlt und der nur die Härte der gesell¬
544 1122 1513 1178 schaftlichen Moral predigt. Der Tod des Kindes,
550 1169 1518 1226 das Toni Weber mit ins Haus gebracht, zerreißt
548 1219 1516 1300 bald das letzte Band zwischen ihr und der Familie,
554 1265 1519 1323 in welcher die Gegenwart der verwaisten Mutter,
550 1318 1527 1364 die doch kkeine Witwe ist, drückend empfunden
538 1363 1527 1426 wird, nachdem man merkt, wie sich die Freunde
558 1418 1530 1470 zurückziehen und die gesellschaftlichen Beziehungen
557 1461 1519 1514 lockern. Noch hält man jedoch an dem „Vermächtnisse“.
561 1513 1529 1576 fest. Man will Toni nicht ins Elend stoßen, man
561 1558 1528 1616 will für sie sorgen, aber dem Hause soll sie ferne
558 1608 1529 1666 bleiben. Toni begreift leicht die dießbezügl in
552 1654 1534 1727 Andeutungen. Was soll sie noch im Leben? Sie
573 1700 1521 1763 sucht den Tod, während Franzi, die Alles be¬
603 1752 1534 1817 reift und darum Alles verzeiht, sich in seelischer
596 1801 1538 1866 lufwallung von ihrem Bräutigam und seiner
587 1849 1533 1907 harten Moral lossagt. Das festgefügte Stück mit
570 1893 1527 1950 seiner interessanten Handlung und der trefflichen,
564 1946 1518 2003 scharf individualisirenden Characteristik ergriff
565 1994 1531 2058 sichtlich die Hörer, die erst nach den Actschlussen
572 2037 1527 2093 ihren Gefühlen durch rauschenden Beifall Aus¬
567 2081 1533 2134 druck gaben. Die größte Wirkung übt allerdings
566 2133 1532 2191 der prächtig aufgebaute erste Act, der mächtig
566 2189 1530 2244 erschüttert. Die schwächere Wirkung der folgenden
574 2236 1540 2291 Acte war auf unserer Bühne auch durch das
567 2290 1537 2341 gelockerte Zusammenspiel in demselben verschuldet,
562 2335 1533 2386 und die Schlußwirkung versagte, weil es Frl.
562 2386 1534 2444 Wolf, welche als Vertheidigerin natürlichen
575 2425 1533 2483 Empfindens erscheinen soll, gerade hier an flam¬
572 2470 1544 2522 mendem Ausdrucke fehlen ließ. Die Wiedergabe
566 2520 1544 2587 des Stückes war eine nicht in allen Theilen
572 2576 1534 2621 gleichmäßig gute. Frl. Husz, die Repräsentantin
584 2620 1543 2672 der Toni Weber erschien zu gedrückt und weiner¬
702 2664 1536 2734 anz gegen die Absicht des Dichters, der diese
719 2716 1537 2781 zwar in einfachen Linien, aber als selbst¬
717 2761 1542 2821 en, energischen Character hinstellt, der die
710 2808 1546 2882 hme ins Losatti'sche Haus nicht als Almosen,
699 2861 1547 2919 n als ein Recht beansprucht und erst nach
669 2909 1538 2963 hrener Enttäuschung zusammenbricht. Es lag
679 2956 1324 3022 ihrer Toni zu viel Müdigkeit un
1362 2959 1546 3023 Gebrech¬
679 3003 1275 3072 it, zu viel alternde Verdrie
699 3044 1265 3109 s Liebe unerklärlich macht. Ein
676 3100 1248 3158 enen das Herz aufschrie, gelan
673 3144 1249 3221 refflich. Aus der Reihe der übr
589 3195 1280 3263 rag## l. Hohenau hervor der
613 3243 1210 3315 sich wieder glänzend.
891 3288 1166 3374 araeters=kar
1156 3332 1573 3412 M#findungsreichthum
1078 3372 1458 3437 e. Die Rolle
1475 3396 1589 3449 des
865 3388 983 3476 inus
1106 3426 1603 3501 Wemn Friedheim in
631 3449 998 3523 den“ besden ersten¬
1166 3479 1575 3545 1 schöner Geltung ge¬
628 3502 1015 3570 bracht, während im
1122 3521 1589 3598 nActe Gedächtnißlücken
625 3548 1598 3642 den Eindruck beeinträchtigten. Sonst wären noch
618 3612 1591 3687 die Herren Reiter (Schmidt), Wolfram und
619 3659 1579 3741 Willhain (Hugo), der die Sterbescene, die
614 3693 1583 3786 stark auf der Schneide steht, mit großer Zurück¬
609 3725 1583 3823 haltung spielte, sowie die Damen Wolf, Hils¬
621 3788 1580 3871 bach und Luy und die kl. Schmidt als Lulu
612 3860 1585 3926 zu nennen. Fr. Luy sprach nur zu leise und es
619 3900 1583 3969 fehlte der innige Ausdruck mütterlichen Fühlens.
617 3942 1585 4026 Das Publikum schien an dem tiefen Ernste des
621 3985 1576 4056 Stückes weniger Gefallen zu finden, als an den
584 4043 1579 4114 leichten Reizungen, an die es sich gewöhnt hat.
2348 1004 2974 1182 Du I# #
1652 1194 2307 1272 und nordamerikanische Zeitschriften.
2627 1215 2794 1277 1232
1803 1317 2810 1387 bemerkt. Einige Puschkiniana beschließen den er¬
1817 1380 2445 1434 wähnenswerten Inhalt des Heftes.
1645 1375 1774 1439 etzten
1857 1417 2072 1490 Petersburg.
2448 1413 2769 1483 A. von Engelhardt.
1655 1433 1760 1483 Wir
1652 1470 1769 1530 den
1631 1514 1767 1563 micht
2178 1498 2429 1587 Rumänten.
1634 1548 1760 1605 Jubi¬
1888 1571 2831 1642 Als Einführung zu einer in Aussicht genommenen
1653 1593 1760 1640 ldem
1805 1620 2821 1668 Uebersetzung des Dramas „Einsame Menschen“ giebt
1649 1625 1763 1690 fbar¬
1809 1667 2818 1708 Eleonora Stratilescu in den „Convorbiriliterare“
1641 1671 1768 1732 gung
1813 1703 2814 1753 eine eingehende Analyse der Dramen Gerharts Haupt¬
1677 1710 1761 1762 die
1803 1747 2822 1792 mann, besonders der „Weber“ und der Versunkenen
1814 1773 2822 1839 Glocke“; zum Schluß zieht sie einen Vergleich zwischen
1666 1792 1752 1837 Die
1805 1820 2827 1856 Hauptmann und Ibsen: „Hauptmann ist ein humaner
1666 1830 1764 1880 lche
1820 1860 2822 1904 Philauthrop, der für jede Menschenseele Interesse
1664 1869 1760 1919 Volk
1805 1901 2813 1946 empfindet, daher vermagen seine Dramen auch so viel
1657 1906 1771 1959 jifen
1826 1942 2823 2001 Sympathie zu erwecken; Ibsens Dramen dagegen treffen
1656 1948 1770 2004 Luß¬
1810 1981 2810 2017 den Hörer zerschmetternd wie Hammerschläge, seine Ge¬
1647 1990 1769 2044 jand
1816 2018 2826 2076 stalten wirken mit einer Macht und Größe jenseits von
1666 2028 1713 2082 1d
1818 2062 2818 2114 Sympathie und Mitleid.“ — Begeisterte Worte der Be¬
1801 2103 2822 2145 wunderung widmet Calypso Demetrescu der rumä¬
1817 2135 2824 2184 nischen Volkspoesie, vor allem der „Doina“, in deren
1811 2176 2810 2223 melodischen Weisen voll süßer Wehmut, innigen Natur¬
1814 2220 2822 2276 empfindens die Seele des Rumänenvolkes ihren reinsten
1808 2260 2831 2298 Ausdruck findet. Anders urteilt Al. Antemireann
1804 2302 2820 2335 in der „Floare albastra“. Er spricht über die Gleich¬
1816 2345 2814 2396 gültigkeit des Publikums der Volkspoesie gegenüber,
1808 2371 2825 2433 die plötzlich an die Stelle der früheren Begeisterung
1810 2421 2814 2462 getreten ist, die durch die Sammlungen von Alexandri,
1675 2428 1749 2474 en
1806 2452 2821 2514 Creanga, Ispirescu u. a. geweckt und genährt worden
1815 2495 2818 2543 war, und führt diese Gleichgültigkeit auf den Mangel
1805 2538 2812 2592 künstlerischen Wertes in jenen Dichtungen zurück. In
1802 2583 2827 2630 derselben Zeitschrift tritt sodann ein kurzer Artikel der
1807 2610 2818 2663 Anschauung entgegen, daß die mohammedanische Frau
1803 2654 2816 2707 in äußerster Unbildung dahinvegetiere, und zählt eine
1811 2697 2816 2744 ganze Reihe von berühmten Frauen bei den Mohamme¬
1801 2734 2818 2791 dauern von früher Vergangenheit bis zur Neuzeit auf,
1806 2760 2810 2829 die sich in Kunst, Litteratur und Wissenschaft hervor¬
1798 2812 2817 2859 ragende Namen erworben haben. — Den Dichtungen
1806 2846 2824 2912 Richards Dehmel widmet Bogdan=Duica eine Be¬
1800 2884 2804 2934 sprechung voll Lobes und Bewunderung, während J.
1800 2932 2873 2991 Duscian in Kürze Arthur Schnitzlers „Vermächtnis“ —
1808 2972 2811 3026 betrachtet, dem durch das Neue in ihm, das Gepräge
1795 3006 2816 3068 der Persönlichkeit des Dichters, die gleiche Bedeutung
1797 3045 2829 3094 für die deutsche Bühne zukomme wie Rostands „Cyrano
1799 3091 2813 3149 de Bergerac“ für die französische. Ueber Möbius' Arbeit,
1802 3124 2806 3177 „Ueber das Pathologische bei Goethe“ plaudert Maria
1800 3166 2817 3226 Rzewska. Unter den poctischen Beiträgen finden sich
1803 3213 2489 3262 gute Uebersetzungen heinischer Lieder.
2481 3240 2753 3321 im- o
2060 4100 2232 4184 e
