3436 4256
197 152 1248 258 10. Das Vernaechtnis
626 981 1311 1039 leute Gallerloberrtage sPruce—
588 1038 1312 1109 yse=Sömmerda und Generalsekretär
428 1071 606 1138 Berlin.
167 1179 1322 1231 Akt erwartet man im Familienkreis die Heimkehr des ältesten
175 1233 1320 1284 Sohnes vom Volkswirtschaftsprofessor und Wiener Reichsrats¬
178 1272 1318 1332 abgeordneten (natürlich von der Linken) Adolf Losatti.
171 1317 1316 1374 Während Dr. jur. Hugo auf sich warten läßt, entwickelt
175 1371 1327 1431 sich ein ganz stimmungsvolles Backfischgespräch zwischen seiner
182 1404 1331 1456 Schwester und Kusine; letztere, Agnes genannt, liebt
183 1457 1319 1511 ihn und fragt unschuldig=neugierig, ob sie „Chancen“
327 1490 1319 1548 Da erscheint er, aber im Wagen gesahren
177 1495 324 1561 habe.
184 1539 1324 1588 und in Decken — er ist beim Rennen gestürzt.
170 1582 1330 1639 Er fühlt, daß es mit ihm zu Ende geht; er offenbart den
186 1634 1324 1678 Eltern, daß er eine Geliebte habe, der er treu ergeben sei und
185 1674 1320 1726 von der er ein vierjähriges Söhnchen hat; er verlangt sie
185 1709 1320 1776 noch einmal zu sehen, und stirbt, nachdem er deren Schutz
850 1755 1326 1823 „Vermächtnis“ hinter¬
184 1756 823 1808 und Pflege seiner Familie als
178 1795 1327 1855 lassen hat. Wie die Auseinandersetzung mit dieser Aufgabe,
188 1850 1326 1903 nachenfander die erst weiblich natürlich empfindende Mutter,
181 1892 1324 1945 dann den konventionell opportunistischen Vater, dann die ideal
179 1940 1309 1990 schwärmende Lieblingsschwester u. s. w. bis zu deren stillen. Ver¬
188 1967 1333 2030 lobten, dem Hausarzt und bösen Prinzip des Stückes, trifft, das
191 2012 1326 2074 ist ausgezeichnet dargestellt. Der Akt ist zu Ende; auch das Stück
182 2063 1329 2123 könnte zu Ende sein; und daß nach diesem Höhepunkt die gespannte
185 2119 1328 2164 Frage „Was nun?“ dauernd interessant beantwortet wird, das
195 2158 1336 2208 muß man der Technik des Dichters zum Ruhme anrechnen. Der
180 2198 1325 2255 zweite Akt zeigt uns die Erfüllung des „Vermächtnisses“. Die
186 2244 1328 2315 Geliehte und das Kind des Sohnes werden in die Familie auf¬
180 2280 1344 2342 genoh#len; selbst der Herr Professor stakt als Gemütsmensch
295 2333 1338 2382 der Bühne herum und scheut selbst gesellschaftliche
183 2376 1336 2433 Bromillierungen nicht. Dann stirbt aber plötzlich das
186 2411 1334 2491 von allen als „Vermächtnis“, gehätschelte Kind, und
197 2454 1341 2518 nun siegt im dritten Akt der „böse Geist“. Entgegen den
193 2497 1339 2557 Versprechungen am Totenbett treibt man die hinterbliebene,
194 2542 1341 2611 als Tochter und Schwester aufgenommene Geliebte des Sohnes
196 2584 1341 2643 unter Anbietung einer Rente — „natürlich“ — aus dem
190 2624 1336 2689 Hause; und keiner hat schließlich die Schuld. Selbst die junge
193 2672 1345 2744 Tanke und Freundin des Verstorbenen kann ihre unabhängigeren
192 2719 1343 2790 Entschließungen nicht durchsetzen, da ihre Tochter, die
192 2758 1345 2840 ja den Verstorbenen liebte, einer Aufnahme in das mütterliche
217 2807 1342 2874 Haus einen natürlichen Widerstand entgegensetzt. Natürlich
191 2850 1337 2914 ist überhaupt sehr viel an der mißlingenden Lösung des höchst
190 2886 1348 2963 unnatürlichen Vermächtnisses, das der Sohn niemals hinterlassen
1401 150 1855 242 box 16/3
1842 988 2895 1053 Das wäre ein volliger formeller S
3075 1004 3144 1081 5
1845 1008 3024 1090 der Dreyfuspartei. Eine ostentative Demonstrat gegen
2953 1071 3132 1141 S
2117 1085 2314 1145 h
1855 1123 3019 1190 durfte, wenn er selbst nicht den Mut gehabt hatte, seine Geliebte
3036 1169 3123 1226 an
1858 1184 3020 1260 zu seiner Frau zu machen. Die Halb= und Unwahrheit der
3035 1213 3141 1273 lich
1856 1218 3017 1276 modernen Stücke beruht ja immer auf der Halb= und Un¬
3038 1263 3144 1321 des
1862 1275 3022 1334 wahrheit seiner Probleme. Daß das Theaterpublikum
3032 1307 3157 1364 zär:
1856 1310 3025 1381 dadurch zu schiefen Anschauungen erzogen und ent¬
3062 1349 3151 1403 meil
1866 1356 3033 1413 nervt, entmännlicht wird, ist auch bei diesem Stück zu
3047 1395 3113 1443 du
1865 1392 3024 1449 beklagen. Auch Wärme zu erzeugen vermag es darum nicht.
3045 1435 3164 1498 dafü
1867 1439 3023 1496 Gespielt wurde recht gut. Emanuel Reicher spielte den
3041 1479 3158 1537 viel
1863 1483 3030 1541 Professor sehr charakteristisch, hin und wieder etwas
3042 1519 3171 1582 schlei
1870 1531 2961 1590 übertreibend, mit orientalischem Accent, als ob
3041 1568 3177 1627 Ehre
1874 1579 3029 1629 im Wiener Reichsrat zu der Mauthnergruppe gehörtes
3048 1604 3182 1669 wied
1863 1612 3026 1674 er erhielt dafür aber zweimal Zischen bei offener Bühne, wa;
1865 1666 3029 1717 freilich ebenso stark den Dichter traf. Frl. von Pöllnitz als
3048 1698 3183 1761 zeichs
1878 1698 3039 1763 Frau Professor, Luise D umont als junge Tante, und auch
3049 1740 3188 1795 Mil
1883 1739 3038 1812 Dora Lur, Lotti Sarrow u. s. w. bis zum vierjährigen
3054 1782 3186 1851 seiner
1882 1792 3024 1852 Franzl hinab spielten gut; ebenso Oskar Sauer als
3047 1830 3181 1883 Klaue
1874 1832 3033 1892 Arzt. Die Regie Emil Lessings war recht
3047 1874 3180 1932 freilich
1875 1878 3038 1945 gut. Einzelheiten mögen uns entgangen sein, weil die Direktion
3050 1918 3181 1974 moden
1877 1938 3032 1986 unaufmerksam genug gewesen war, uns in die 19. Reihe zu
3042 1962 3183 2031 unchh
1888 1963 3028 2037 plazieren. Der Dichter wurde nach jedem Akt lebhaft gerufen.
2926 2012 2977 2067 .
3060 2008 3173 2059 alle
3142 2053 3183 2108 h
1943 2093 3042 2162 * Bartel Turaser, das körnige Proletarierdrama
3050 2137 3214 2194 Heler
1889 2146 3030 2210 des jungen Brünner Dichters Philipp Langmann, ist
3057 2172 3213 2231 Stück¬
1892 2184 3043 2246 den Berlinern keine völlige Neuheit mehr: Bereits im Dezember
3055 2212 3229 2280 mißreife
1897 2231 3037 2300 vorigen Jahres fand es im „Lessingtheater“ seine erste, bei¬
3064 2266 3240 2330 Dicht
1893 2274 3039 2349 fallreiche Aufführung. Aber auf die Dauer ist es dem unge¬
1890 2324 3041 2380 hobelten Jungen aus dem Böhmerland in dem vornehmen,
1896 2387 3045 2435 erklusiven Hause an der Kronprinzenbrücke doch wohl un¬
3116 2403 3231 2463 h in2
1889 2402 3041 2468 heimlich geworden; still hat er sich inzwischen von dem
3067 2448 3254 2511 zwele
1897 2449 3042 2516 glatten Parkett der hier immer ausgesprochener gepflegten
3061 2494 3267 2551 Opern
1902 2498 3037 2555 wienerisch= sybaritischen Lebemännerkunst hinweggeschlichen,
3062 2534 3222 2596 bereits
1907 2537 3044 2604 um fern im Osten, wo das „Schillertheater“
3063 2581 3216 2638 dieses
1901 2587 3040 2648 Berlins bürgerliche Bescheidenheit zu frugalerem Mahle lädt,
3057 2619 3271 2682 Weltruf
1906 2624 3042 2683 ein neues Leben zu beginnen. Und wenn der Knabe
3072 2670 3275 2726 gefunden.
1898 2670 3056 2734 selbst auf dieser Wanderung auch nicht reifer geworden
3068 2708 3307 2766 mit 6000.
2000 2702 3059 2777 nun hat das Mantelkind dort wenigstens eine
3064 2753 3284 2818 ohne And
1912 2754 3062 2812 Stätte, wo es sich heimisch fühlen, und einen Tisch, unter
3070 2789 3296 2856 mit einen
1894 2802 3061 2878 den es, ohne schamrot zu werden, seine Füße strecken darf.
1896 2858 3272 2933 Zudem ist der Zeitpunkt der Wiederbelebung gar nicht so übel bandelt;
