3436 4480
1405 237 1882 327 box 16/4
219 199 1290 351 10. Das Vernaechtnis
157 1062 3365 1190 Bericht, sei gewesen, daß Busch irgend etwas sondern auch durch eine entschiedene Opposition, i5d folche sächlich dentschen Beszardeltrrte...... „sgenahnter; uns Rurup
3130 1118 3329 1172 heit auf
2030 1122 3144 1194 „alter" Verband) hatte bekanntlich in Ausführung von Beschlüssen
933 1137 2046 1210 geboten ist. So hat es das Centrum bisher gehalten und so wird
3126 1159 3364 1214 wurden, un
156 1162 945 1226 anuskript von Brockhaus zurückzog. Mein
931 1197 3138 1244 es das Centrum auch ferner halten, den eigenen Grundsätzen ent= mehrerer großer Bergarbeiter=Versammlungen an die Zechenver¬
3132 1192 3374 1258 den zu geber
188 1203 937 1250 „Die Monologe Bismarck's liegen ohne
925 1204 3145 1271 sprechend und nach reiflicher Erwägung, was dem wahren Wohle waltungen die Forderung einer Lohnerhöhung von 10 Procent für
151 1238 932 1290 as meiste, was jetzt veröffentlicht wurde, und
926 1235 3363 1313 des Vaterlandes dienlich ist. Wenn das Centrum in der letzten! alle Bergleute gerichtet. Kurz nachher zeigte der Vorstand in seinem eine Verglei
159 1277 936 1329 Busch, wenn er auch das Manuskript ausliefern
3134 1313 3356 1375 Mann als
2024 1325 3146 1407 an der Enttäuschung, die der heutige Abend uns bereitet, aber daß
945 1345 2051 1409 lirte Voraussetzung hätte der Dichter festhalten sollen, und wahr¬
3128 1356 3354 1416 Stande der
2036 1371 3134 1435 sie wenig gethan hat, um dem Werke zu Hilfe zu kommen, ist unsere
944 1390 2045 1447 scheinlich wäre ihm der Nachweis gelungen, daß die Gesellschaft,
3132 1402 3362 1458 leichte Kör#
2043 1403 3145 1466 feste Ueberzeugung. Herr Bolz und verwunderlicherweise Herr
163 1358 837 1486 tes Feuilleton.
943 1427 2045 1487 wenn die ersten Rührungen vorüber sind, auch aus einem so ganz
3185 1441 3355 1497 Richte
2041 1441 3151 1506 A. Müller (er möge uns unsere Ueberraschtheit verzeihen!)
945 1468 2047 1521 besonderen Anlaß mildernde Umstände auf die Dauer nicht zuge¬
2037 1476 3151 1543 waren, genau betrachtet, die Einzigen, die mit den wenigen Worten
946 1495 2044 1558 steht. Allein er läßt das Kind im zweiten Akt sterben und schiebt
2036 1528 3149 1593 ihrer Rollen wirkten. Minder genau betrachtet, wird man auch
426 1524 911 1598 Frankfurt, 2. Januar.
940 1541 2050 1604 dadurch das Thema genau wieder auf die Stelle zurück, wo er es in
2037 1556 3151 1632 die Damen Boch und Klinkhammer gern gelten lassen.
931 1571 2049 1642 der „Liebelei“ verlassen hat. Und leider wiederholt er blos dieses
3287 1587 3372 1651 ide
3126 1589 3229 1663 der
153 1584 946 1665 ter Schauspielhaus.] Außer dem sichtbaren
2034 1595 3147 1675 Frl. Pollner machte in ihrem ersten Erscheinen Erwart¬
949 1619 2047 1677 sein Motiv und nicht auch seine frühere Kunst. Wohl fühlt man
3205 1618 3361 1704 Staa
154 1638 947 1697 trums zwischen Dunkelroth und Lavendel
2039 1639 3149 1709 ungen rege, ließ aber späterhin Wärme und Leibenschaft
944 1662 2050 1720 da und dort namentlich im ersten Aufzug, ihren raschen, heißen
3135 1666 3246 1738 zeug.
152 1685 949 1740 weiß, noch auf beiden Seiten Strahlen nach¬
2044 1685 3146 1742 und jedes Bedeutende vermissen. Und unsere gute Frau
944 1691 2058 1773 Athem; wohl sind seine Menschen echte Menschen, nicht „gut“ oder
3186 1701 3360 1768 Ange
154 1714 951 1778 für das Auge nicht wahrnehmbar sind, ihre
2051 1708 3157 1782 Freund, die nie versagt, wenn man sie am richtigen Plaße
948 1734 2053 1786 böse“ wie in der alten Komödie, sondern sie stecken nur fest in
3146 1747 3360 1814 dös elekkri
160 1749 949 1815 h andere Aeußerungen darthun. Eine ähnliche
2045 1753 3147 1825 beschäftigt, sollte heut einen großen Schmerz zeigen, wie man dies
943 1775 2057 1833 ihrem Leben und können aus ihm nicht heraus; wohl ist er in der
3187 1787 3366 1844 Stant
158 1788 947 1855 die Anwendung eines Gleichnisses erlaubt ist)
2048 1784 3158 1859 allenfalls von Frl. Frank hätte beanspruchen lönnen, und so stand
944 1819 2057 1878 Art, wie er seine These auseinandersetzt und vertheidigt, so logisch.
3200 1817 3365 1891 Ange
160 1822 949 1898 bürgerlichen Gesellschaft: Zwischen Dunkelroth
2055 1819 3149 1903 sie natürlich hilflos vor ihrer Aufgabe. Den vorzüglich gezeich¬
945 1850 2047 1912 so beredt und warm wie damals, — aber das „Vermächtniß" ist
3143 1855 3362 1937 scheint, He
157 1858 950 1934 lles, hell und bunt, für Jedermann sichtbar,
2051 1864 3161 1940 neten Pater familias, den Professor Losatti, diesen halbfeigen
941 1893 2043 1954 kein so gutes Theaterstück wie die „Liebelei", und die tech¬
159 1910 952 1966 gibt es Strahlen, die nicht zu existiren scheinen.
2040 1913 3161 1974 Schwächling, der sich an seinen eigenen Worten zu berauschen
948 1930 2046 1989 nischen Mängel stechen die inneren Vorzüge aus. Vor Allem kann
154 1940 951 2006 Fren nicht, nicht weil man sie nicht sieht, sondern
2049 1942 3167 2014 pflegt, hätte vielleicht Herr Bauer spielen können, statt dessen
941 1970 2054 2026 sich der Dichter diesmal selber nicht genug thun und die Folge
3146 1981 3217 2053 Ak
148 1978 949 2055 t, weil man geflissentlich die Augen zumacht.
2053 1976 3163 2059 spielte er den nüchternen gemüthslosen Arzt des Stücks, und da
949 2008 2047 2074 davon ist, daß er zuviel thut. Die weise Oekonomie in Dialog
156 2021 961 2085 oth und Lavendel liegt die von Gesetzen
2049 2018 3155 2091 Herr Bauer Gemüth hat, gab er dem Charakter, der stiner Natur
941 2039 2054 2116 und Vorgang, die in der Liebelei" die Handlung vorantrieb, fehlt
147 2065 960 2137 Herkommen gefestigte, von Privilegien ge¬
3138 2056 3213 2132 na
2044 2059 3158 2136 so fernelag, eine Schärfe, die ihm schadete. Frl. Irmen spielte
954 2093 2056 2143 dem neuen Drama. Was geschieht, wird nicht mehr ange¬
159 2099 960 2162 Welt der Legitimität, — und dicht dabei
2045 2099 3151 2171 einen Gymnasiasten, — von dem, was sie sprach, verstanden wir
951 2121 2057 2189 deutet und blos in den Hauptpunkten stark angefaßt
3146 2030 3368 2201 1
144 2135 957 2196 häre des Außerbürgerlichen, die man kennt,
2046 2144 3156 2210 nur wenig, — infolgedessen konnte sie, die einzige Naive, die wir
947 2153 2053 2228 sondern es verliert sich in Einzelheiten, wird breit, statt tief
146 2182 955 2237 t, die ihr Lebensrecht hat wie Alles, was leben¬
3141 2175 3368 2253 gestern im
2043 2179 3160 2242 haben, das junge Mädchen des Dramas nicht spielen, eine Rolle, mit der
951 2194 2056 2261 und findet kein Ende mehr. Wir sprechen, wenn wir von einem
3193 2215 3368 2284 Wegen
146 2214 962 2290 bunt ist, wie Alles, was irdisch ist, die kämpft
2055 2227 3156 2291 sich Frl. Steimann so geschickt abfand, als dies die Routine
952 2237 2054 2312 Poeten reden, nicht gern den Namen Sardou aus, aber dieser
3148 2247 3338 2327 lich zu f
151 2253 967 2315 Ees, was menschlich ist. Die Grenzlinie
2048 2257 3169 2328 einer Künstlerin, die nicht mehr auf die jugendlichsten Parthien
960 2280 2054 2347 Hexenmeister der Szene und beste Kenner des Publikums weiß, daß
139 2287 971 2371 ürgerliche und die außerbürgerliche Welt zu¬
2048 2310 3158 2378 reflektirt, nur irgend ermöglicht. Kurz und gut, — nein, kurz
960 2320 2050 2374 man in einem ersten Akt einen Menschen nicht eine halbe Stunde
3143 2326 3374 2394 wöchentlich
165 2325 966 2401 t Arthur Schnitzler in seinen Dichtungen
2050 2339 3152 2417 und schlecht: nichts entsprach so recht dem Begehren des Stücks
951 2363 2053 2419 lang auf offener Bühne sterben lassen kann, und in seiner „Fedora“
3150 2381 3340 2429 Bei der
163 2375 967 2426 In der „Liebelei" zeigte er an einem proleta¬
2057 2388 3154 2442 und alle Töne standen, in sich nicht verbunden, lose und dishar¬
963 2396 2057 2467 hat er genau die Dofis abgemessen, die der Zuhörer ohne Wider¬
3155 2414 3349 2469 Sakkara)
151 2408 964 2481 icksal den schroffen Gegensatz zwischen Kaste und
2060 2415 3162 2485 monisch nebeneinander. Das Publikum klatschte und zischte, beides
949 2430 2058 2494 spruch verträgt. Dazu kommt, daß Schnitzler des so wichtigen
3152 2453 3350 2513 Museum f
155 2454 956 2509 seinem neuen Drama „Das Vermächtniß“,
2050 2465 3156 2535 ohne Eifer, und dieser Mangel an innerlicher Berührtheit war
956 2474 2062 2546 ]Wechsels der Stimmungen diesmal gar nicht achtet und mit
3146 2487 3357 2553 welche, tro
157 2492 962 2552 s zögerndem, theils schwankendem Erfolg bei uns
2062 2509 3160 2563 eigentlich das bedauerlichste Ergebniß des Abends. Es sei denn,
968 2511 2065 2576 einer Beharrlichkeit, die schließlich nervös macht, wieder und immer
3159 2526 3370 2593 doch bereits
148 2524 968 2588 ung gelangte, weist er an einem Einelfalle, der
2053 2543 3159 2605 man fühlte bei diesem Anlaß auch, wie groß die Lücken im Künstler¬
952 2541 2066 2621 wieder den gleichen Mollaccord greift. Dadurch wird das, was tragisch
3218 2562 3366 2625 den al
153 2575 958 2632 daß er zu noch höherer Duldung eint##en müßte,
3152 2570 3228 2623 in
2046 2579 2764 2647 personal unseres Theaters geworden sind.
955 2601 2060 2649 sein sollte, blos traurig und das Blostraurige wird larmoyant.
3153 2610 3368 2669 thum de
149 2612 974 2675 Unversöhnlichkeit der beiden Lebensformen nach.
2107 2593 3165 2670 = [Die Finanzen eines englischen Klubs.] Man breibt
955 2620 2069 2702 Und daher kommt es, daß man des Stücks nirgends recht frohwird
3160 2640 3355 2700 von einer
145 2646 966 2719 ohl der Fall sein, daß der Protestschrei, mit dem
2062 2666 3160 2715 aus London: Wenige Leute machen sich einen Begriff davon,
949 2643 2071 2724 und daß alle guten Absichten des Dichters, an denen wir von
3157 2680 3380 2740 Der Erba##
145 2679 965 2735 aus dem Bereich der dunklen Strahlen, Christine,
2060 2696 3165 2750 wie groß das Budget eines der vornehmen Westend=Klubs ist. Dem
962 2706 2067 2777 Herzen gern Antheil nähmen, erst ermüden und endlich quälen.
3165 2723 3371 2785 sogenannt
148 2723 960 2786 r Gesellschaft verdeutlichte: „Und wer bin ich?“
2055 2721 3173 2798 Londoner Mitarbeiter des Manchester Guardian ist darüber eine
962 2742 2068 2809 Vermuthlich wird das Drama dort, wo die Darstellung das wieneri¬
3158 2767 3372 2824 Sonnenhe
136 2757 968 2826 aßt hätte, das früher behandelte Problem noch
2066 2769 3176 2832 interessante Nachricht zugegangen. Sie bezieht sich auf den „Junior
962 2790 2064 2849 sche Milieu besser zu treffen weiß, auch ein besseres Schicksal haben,
3161 2796 3375 2857 Altar, des
135 2802 968 2872 erzuführen. Aus der Liebelei ist eine Liebe
2056 2808 3165 2865 Constitutional“, dessen Palast Piccadilly ziert. Dieser vornehme
959 2829 2065 2881 vermuthlich auch dort, wo man es einfach besser spielt, wo also
3151 2840 3370 2899 Heiligthu
147 2839 976 2909 e ernste Liebe; zwei Menschen, die einander von
2065 2851 3179 2918 Klub begann seine Laufbahn mit einer Schuld von 1,400,000 M
974 2863 2068 2926 einerseits ein gut abgestimmtes Ensemble thätig ist, andererseits die
3160 2874 3374 2941 Abufir bi
151 2881 976 2941 nehmen sich das Recht heraus, glücklich zu sein,
2062 2894 3164 2949 und hatte eine weitere Million durch eine Hypothek aufzubringen.
971 2908 2069 2973 Feinheiten der Rede nicht direkt verlorengehen. Worauf beruht denn
3160 2912 3363 2974 der franz
155 2909 972 2980 irche oder den Staat um Erlaubniß zu fragen.
2064 2928 3182 2998 Er hat jetzt die Schuldenlast auf 1,180,000= und die Hypothek
966 2946 2068 3002 eigentlich die Vorbereitung eines Theaterstücks? Etwa darauf,
3166 2960 3313 3015 pflegt
142 2964 971 3040 ls wird der bürgerliche Held von einem jähen
2070 2958 3171 3028 auf 920,000 % verringert, was ihn immer noch mit einer jähr¬
967 2980 2065 3038 daß die Möbel alle an der richtigen Stelle stehen? Oder darauf, daß
3165 2996 3372 3053 vorbildlich
162 2999 979 3055 da die Gesellschaft für die Nuancirungen der
2059 3001 3169 3065 lichen Zinsenlast von über 80,000 belastet. Weitere große
972 3015 2073 3086 die Schauspieler ihre Rollen können und daß sie wissen, durch welche
3160 3032 3371 3095 sam zu ma
151 3031 980 3103 ichkeit kein Auge hat, würde dieser Fall genau so
2074 3039 3175 3108 Jahresausgaben sind 40,000 M Grundrente, 40,000 = Steuern,
979 3057 2081 3124 Thüren sie zu kommen und zu gehen haben? Unsinn! Eine Aufführung
3160 3079 3368 3135 deutscher
161 3077 982 3135 erste. Aber eine Schwierigkeit ist jetzt zu über¬
2063 3081 3165 3148 Abgaben und Versicherungskosten, 140,000  Gehalte, Löhne und
964 3103 2078 3160 ist unfertig, solange die Sprache der Dichtung nicht vollkommen
3162 3116 3366 3186 geschehen
145 3112 978 3183 kann die Kaste das Unbequeme nicht so leicht von
2075 3122 3177 3186 Livreen, 32,000 % Gas und elektrische Beleuchtung 2c. Trotz dieser
976 3131 2082 3205 durchgearbeitet ist, solange jeder Betheiligte den Ton bildet, wie
162 3144 978 3223 ein Kind ist da! Mit flehenden Worten
2072 3137 3170 3229 großen Auslagen hat der Klub aber jedes Jahr einen Ueber¬
983 3172 2077 3241 es ihm peßt und die Regie nicht unnachsichtlich darauf beharrt,
136 3198 984 3246 de den kleinen Franz seinen Angehörigen ans
3164 3198 3374 3265 Nationen
2075 3206 2579 3281 schuß von etwa 60,000 .
979 3209 2085 3283 daß dem Autor das erste und bedeutsamste seiner Rechte gewahrt:
145 3229 985 3297 tter und Kind nicht zu trennen sind, entschließt
2175 3220 3174 3291 [Gestern und heute.] Aus Wien wird vom 31. Decbr.
980 3258 2082 3322 wird: nämlich verstanden zu werden. Wir möchten durchaus
153 3261 986 3333 e Familie Losatti, auch Toni Weber, die Geliebte
154 3288 3184 3397 ich ins Haus zu nehmen. Diese bestimmt formu= nicht die Meinung äußern, die Frankfurter Darstellung sei schuldl berichtet: Vor dem Strafrichter von Hernals erschien gestern ein:
