3436 4480
1372 178 1832 283 box 16/4
170 180 1211 282 10. Das Vernaechtnis
2099 654 2340 731 Seite 3.
768 679 1338 769 Beil. z. Boh. Nr. 52.
727 758 2699 867 Codex steht, völlig aus dem Spiele l. sen. Schnitzlertreiben? Nein, dieser Schluß ist ein Advocaten=sd
2196 800 2699 878 — er nützt der gutens9
1680 819 2207 881 schluß, eine Plaidoyerfinte,
735 834 1674 915 spricht und gestaltet im Auftrage dieser Empfindung,
2629 857 2713 933 *
1683 855 2639 934 Sache nicht, für die der Autor mit so warmem
729 882 1687 960 die zu einem neuen Gesetze hindrängt; aber gerade,
1691 905 2635 973 Gefühle eintritt, und er umnebelt zuletzt die Natür¬
725 929 1684 1008 weil diese Ehrlichkeit in ihm waltet, weil der Hauch
2639 944 2715 1008 si
1686 943 2643 1030 lichkeit, die der Autor in Wort und Charakteristik
722 978 1688 1041 des inneren Erlebnisses aus seiner Dichtung entgegen¬
2637 983 2722 1045 u
1692 1000 2324 1076 sonst so sicher hervorzukehren weiß.
738 1024 1687 1091 weht, hebt sich das Erkünstelte, die Zuthat, die der
2638 1036 2724 1101 st
1761 1025 2646 1121 Die Aufführung des Stückes war noch nicht in
735 1067 1691 1140 Tendenz dient, umso schärfer ab. Daß es sich im
1690 1077 2717 1167 allen Theilen ausgedieben, aber in der Hauptsache, in sa
730 1118 1681 1187 Schauspiel nicht in erster Linie um das Vermächtniß
1693 1150 2724 1204 Gegeneinanderspiel der Charaktere glücklich. In den an id
729 1167 1687 1235 handelt, fühlt wohl jeder Zuschauer heraus. Das
1693 1183 2656 1275 schärfsten umrissenen gesellschaftlichen Typen trafen
734 1209 1697 1296 Versprechen, das die bestürzten Eltern dem sterbenden
1702 1221 2721 1314 Herr Schmidt und Herr v. Wymetal das We= (
735 1262 1694 1348 Hugo geben, ist ja nicht wie Fuhrmann Henschels
1694 1270 2710 1364 sentliche. Herr Schmidt hätte als Losatti der unfrei¬S
731 1315 1687 1393 treuherzige Zusage eine Offenbarung des inneren
2647 1326 2718 1394 3
1698 1332 2659 1414 willigen Komik der gespreizten Selbstgefälligkeit und
743 1355 1690 1433 Menschen, in der sich das beste Theil des Wesens zu¬
1699 1377 2655 1455 der biegsamen Grundsätze einen noch freieren Lauf
744 1408 1697 1486 sammenfaßt, sondern ein aus der Situation heraus¬
2657 1416 2719 1482 1
1698 1431 2664 1515 lassen können; aber die Grundzüge des Charakters
744 1446 1686 1536 gequältes, von Schreck und Pein eingegebenes Wort
1706 1468 2667 1553 waren gut getroffen, der Gegensatz zwischen der ge¬
745 1498 1699 1573 der Beruhigung. Es soll auch nicht mehr sein, als die
1702 1524 2661 1599 wandten Repräsentation und der inneren Hohlheit
735 1549 1693 1630 Maschine, die die Frage aufrollt und die bürgerliche
1711 1569 2664 1642 that seine Schuldigkeit. Herr v. Wymetal wußte das
735 1595 1703 1682 Welt in Bewegung versetzt. In Wahrheit handelt es
1705 1621 2670 1703 grämlich=nüchterne, philiströs=selbstbewußte Wesen des
741 1649 1692 1715 sich um Recht und Anspruch der Frau, die nach kirch¬
1709 1665 2665 1738 unerquicklichen Dr. Schmidt consequent festzuhalten.
749 1696 1702 1771 lichem und bürgerlichem Brauche nicht Gattin heißt,
1703 1722 2664 1798 Frl. Erl trat für die Franzi mit frischem Tempera¬
743 1738 1701 1815 aber ihren Mann glücklich macht und aue Pflichten
1712 1762 2660 1838 mente ein. Im letzten Acte überschrie sie sich ein
750 1788 1699 1870 der Gattin und Mutter in hingebungsvoller Weise
1711 1814 2659 1879 wenig, aber es war Natur in dieser überschäumenden
752 1840 1709 1913 erfüllt. Nicht nach der juristischen Seiie hin, sondern
1710 1859 2663 1939 Kraftäußerung, die nicht ohne Widerhall blieb. Frl.
742 1890 1698 1948 nach der des Gefühles wird diese große Frage aufge¬
1722 1902 2661 1982 Immisch brachte in der weiblichen Hauptrolle
759 1931 1708 2015 worfen. Meisterhaft sind die Charaktere gezeichnet,
1723 1953 2673 2024 Empfindung genug ins Spiel und zeigte Verständniß
744 1983 1712 2062 die zu dem Problem Stellung nehmen, sind vorge¬
1722 1990 2674 2079 für den prunklosen Ton einer ehrlichen Natur; aber
750 2024 1706 2110 täuschte und echte Empfindungen gegeneinander ge¬
1725 2052 2673 2123 ihr ganzer Habitus und die Klangfarbe ihrer Stimme
753 2077 1709 2147 halten. und wenn zuletzt die jugendliche Sprecherin,
1726 2092 2677 2180 sind dem Eindruck des Schlicht=Volksthümlichen nicht
762 2127 1713 2196 der der Autor die stärksten Naturlaute der eigenen
1724 2142 2682 2223 günstig — Frl. Fasser hätte Vergangenheit und Wesen
758 2171 1717 2233 Empfindung auf die Lippen zu legen scheint, für das
1726 2187 2687 2264 der Heldin lebhafter in die Vorstellung gerufen. Herr
751 2221 1714 2297 Naturrecht des treuliebenden Weibes eintritt und die
1719 2248 2687 2321 John gab die Sterbescene recht ergreifend, nur das
748 2268 1715 2333 Vorstellung von sich weist, daß irgend etwas, „was
1724 2288 2680 2371 Uibermaß kräftiger Bewegungen war in mehr als
751 2317 1716 2400 einen guten Menschen glücklich macht, eine Sünde
1720 2336 2692 2423 einer Beziehung von Uibel. Frl. Baumgart hatte
765 2369 1711 2431 sein kann“, gelingt es dem Dichter, mit sich fortzu¬
1725 2388 2676 2468 als Emma Winter den rechten vornehmen Ton inner¬
755 2415 1723 2492 reißen. Demonstrativer Beifall bei offener Scene be¬
1722 2427 2692 2502 licher Uiberlegenheit, Frl. Urfus vermittelte den
766 2457 1724 2546 zeugte bei der Erstaufführung diese Wirkung. Aber
1728 2471 2694 2562 Charakter der Agnes mit Verständniß, nur etwas zu
769 2514 1721 2574 mit einem einzigen gewaltigen Stück ist die Frage
1728 2526 2689 2610 kleinlaut, und Frl. Ehrhardt war, soweit sie das
766 2559 1727 2626 nicht zu lösen. Das ist nur eine momentane Befrei¬
1735 2583 2698 2650 Wort verständlich brachte, in der Mutterrolle ganz
767 2609 1726 2670 ung des Gefühles, keine Entwirrung des Problems.
1726 2628 2689 2708 leidlich. Entschiedenes Lob verdienen Herr Tauber,
760 2655 1728 2716 Der Autor hat das selbst empfunden und in einer feinen
1729 2661 2695 2740 der für das schlichie Wesen des theilnehmenden
766 2702 1727 2770 Wendung angedeutet. So sehr er die Personen, die sich
1734 2724 2697 2795 Freundes die rechte Empfindung zeigte, und Frl.
761 2750 1722 2807 kleinlich und eugherzig gegen seine Heldin verhalten, in
770 2767 2694 2865 den Schatten stellt, ein so gelles Licht er auch über Bardi, die den Gymnasiasten mit guter Laune gab.
1720 2820 2700 2916 Der sehr günstige Erfolg des Schauspiels wurde be¬
773 2839 1688 2921 die Menschen der freieren Empfindung ausgießt,
2485 2863 2659 2923 A. A.
766 2873 2036 2971 hat er es doch nicht versäumt, auch in das Naturs reits festgestellt.
1884 2900 2698 3003 Neues dantschas Tharton NDr MIäc.
763 2940 1731 3002 recht des Gewordenen und Uiberlieferten hineinzus
764 2979 1724 3052 leuchten. Die herzhafte, gefühlvolle Agnes erklärt zu¬
763 3046 1748 3104 letzt, mit Toni nicht zusammenleben zu wollen; ihr
775 3093 1745 3150 Gefühl sträubt sich dagegen und wenn darin auch die
766 3126 1748 3201 späte Eifersucht, die nach dem Tode des geliebten
778 3175 1748 3237 Kindes frei wird, mitwirken mag, so liegt doch in
766 3227 1745 3294 dieser Eifersucht selbst ein gewisser, nicht recht zum
774 3247 1749 3337 Bewußtsein gelangter Mädchenstolz, eine stille Auf¬
778 3323 1743 3382 lehnung der rückhaltenden, entsagungskräftigen Liebe
777 3364 1748 3440 gegen die schrankenlose und hingebende um jeden
771 3414 1737 3469 Preis. Dieser leise Naturlaut ist den kräftigeren der
777 3463 1745 3533 Franzi hinzugesellt. Ein Ursprüngliches kämpft gegen
782 3515 1747 3586 ein Ursprüngliches, das Recht der Scham gegen das
772 3565 1744 3620 Recht der Leidenschaft, die verschlossene Mädchen¬
777 3594 1754 3668 haftigkeit gegen diefrücksichtslose Weiblichkeit. Psychische
781 3651 1751 3714 Phänomene streiten da gegen einander und im Sinne
782 3703 1750 3763 dieser offenen Frage, die so fein angedeutet ist, hätte
779 3752 1739 3808 der Autor schließen und das letzte Wort wie in
777 3792 1752 3858 „Liebelei“ dem Gefühl des Zuschauers überlassen
785 3851 1752 3906 sollen. Aber es drängt ihn zuletzt zu einer hand¬
773 3893 1751 3948 festeren Wirkung hin, und um das Urtheil über die
780 3937 1758 4006 Gesellschaft zu einem vernichtenden zu machen
775 3972 1752 4057 läßt er die Heldin an der Grausamkeit, die sie ver¬
781 4033 1751 4106 stößt, zu Grunde gehen. Diese Uibertreibung der
784 4083 1757 4140 Tendenz rächt sich: der Schluß des Stückes über¬
778 4116 1760 4175 redet, aber er überzeugt nicht. Soviel der Autor
