3484 4384
1370 191 1825 282 box 16/5
175 198 1227 296 10. Das Vernaechtnis
832 490 1197 563 enion 12601.
502 577 1509 668 Unternehmen für Zeitungs-Ausschnitte.
1387 629 1556 708 Ausschnitt
1389 673 1699 792 Nr. 56
663 663 1306 799 „OBSERVER“
436 681 594 797 95
281 791 1735 869 L. österr. behördl. cene. Bureau für Zeitungsberichte u. Personalnschrichten
446 859 1590 960 Wien, IX/1. Türkenstrasse 17.
670 953 1339 1037 Filiale in Budapest: „Figyelé“
370 1020 1642 1098 Vertretungen in Berlin, Chicago, London, Newyork, Paris, Stockholm.
287 1151 822 1244 Ausschnitt aus:
296 1265 820 1388 3/17150
586 1540 1304 1617 Das Vermächknis.
748 1610 1156 1686 (Freie Volksbühne.)
376 1655 1586 1721 Die Halbwelt läßt die „Welt“ nicht ruhen. Immer wieder findet
323 1711 1582 1766 sch ein Dichter, der die Frage aufwirft, ob nicht doch die Halbwelt
336 1749 1578 1806 schtießlich anständiger ist, als die Welt, die den Anstand nicht nur
330 1793 1590 1840 gepachtet, sondern in ihrem eigenen Interesse auch erfunden hat. Die
327 1832 1583 1877 Halbwelt ist ein Gespenst der modernen bürgerlichen Gesellschaft, ein in
336 1862 1587 1924 seiner Art sehr lustiges Gespenst, das aber sofort furchtbar wird,
334 1910 1585 1962 wenn man ihm am hellen Tage begeguet. Die Gesellschaft hat
328 1956 1577 2001 gegen das Gespenst nichts einzuwenden, wenn es in dem Dunkel
326 1984 1574 2027 bleibt, das einem rechtschaffenen Gespenst zukommt. Die Sache wird
323 2022 1593 2067 aber sofort unangenehm, wenn das Dunkel schwindet, und das Ge¬
336 2062 1593 2117 spenst auf den abenteuerlichen Gedanken kommt, den korrekten
334 2092 1586 2166 Gentleman X. auch Unter den Linden zu grüßen. Der aufrichtige
322 2147 1589 2194 Mensch ist in unserer Zeit der schlinunste Verbrecher und wird
336 2175 1588 2239 auch ganz iogisch als Verbrecher behandelt. Es ist jedem gestattet.
327 2219 1587 2276 eine Geliebte zu haben; aber er wird zum Sünder, wenn
336 2254 1593 2314 er seine Geliebte — liebt. Er darf ihr eine kostspielige Wohnung
336 2296 1581 2349 mieten — Papa bezahlt's. Er darf ihr ein Konpee mit echten
336 2330 1588 2396 Gäulen stiften — die Mittel reichen. Was er immer an gewöhn¬
343 2368 1582 2421 licher Sinneslust zur Verfügung hat, er darf's befriedigen. Die
347 2410 1608 2467 Gesellschaft segnet den Bund, und man braucht sich nur an den
330 2445 1578 2512 nächsten Ortspfarrer zu wenden, um einen Mann zu haben, der
909 2487 1589 2539 Der Handel wird keine dramatische
331 2502 910 2552 auch die Gesellschaft segnet.
1246 2527 1590 2583 Die Gesellschaft
342 2541 1248 2586 Handlung, so lange er unsittlich bleibt.
1281 2567 1605 2623 so doch einen
342 2561 1238 2628 hat, wenn auch keinen feinen Verstand,
1240 2600 1596 2669 ihr nichts und
701 2613 1241 2663 Die Unsittlichkeit mnunt
333 2606 691 2675 feinen Instinkt.
688 2636 1591 2715 Es ist daher vollkommen logisch, daß sie
341 2650 681 2711 giebt ihr alles.
337 2673 1588 2749 die Unsittlichkeit toleriert. Wenn sie sich bei dieser Freigeisierei
393 2711 1580 2780 wie üblich — auf Lessing beruft, begeht sie eine Frechheit, die
337 2761 1592 2800 man um ihrer Seltenheit willen entschuldigen kann. Tragisch — im
334 2801 1580 2858 bürgerlichen Sinn — wirkt die Sache erst, wenn ein anständiger
1055 2831 1589 2900 so ein reiner Thor auf
910 2845 1061 2899 Wenn
335 2840 881 2910 Mensch dazwischen kommt.
875 2870 1593 2934 seine Geliebte als sein Weib
343 2883 876 2948 den Gedanken kommt,
1359 2916 1601 2969 Ein Duft
341 2920 1336 2988 zu behandeln, wird der Handel sofort unrein.
336 2949 1594 3010 von Sittlichkeit steigt auf, der ein allgemeines Naserümpfen ver¬
331 2987 1598 3067 ursacht. Die Gesellschaft hat, um es noch einmal zu sagen, einen
344 3027 1592 3105 feinen Instinkt. Es lebe die Unsittlichleit, damit wir leben können!
335 3082 914 3155 Aus Krenz mit dem Schächer!
427 3093 1594 3169 Schntzler, der die eben geschilderte Tragikomödie behandelt hat,
341 3148 1596 3215 konnte in der Freien Volksbühne auf ein dankbares Publikum rechnen
342 3191 1607 3240 und hat auch ein dankbäres Püblikum gefünden. Männer und
345 3226 1597 3287 Frauen, die von der Korrektheit so weit entfernt sind, wie etwa ein
344 3256 1608 3335 Geheimrat von der historischen Vernunft, mußien seinem Stück#ur¬
343 3303 1605 3364 sprüngliche Sympathien entgegen bringen. Der Beifall, den es
337 3334 1610 3396 fand, kommt zum größten Teil auf Rechnung der Tendenz. Menschen,
349 3374 1607 3448 die selbst gelitten haben, haben auch Mitleid und sie machen von
345 3421 1597 3483 dieser Gave keinen unwürdigen Gebrauch, wenn sie sie an ein
340 3468 1606 3524 Wesen wenden, dessen Ehrbarkeit von der ehrbaren Gesellschaft be¬
343 3511 627 3566 stritten wird.
429 3526 1618 3593 Schnitzler hat sich nun freilich die Sache leicht gemacht, zweimal
342 3573 1613 3646 leicht sogar, wie wir gleich sehen werden. Er hat eine Dame zu¬
348 3609 1598 3672 seiner Heldin gemacht, die schließlich auch nach bürgerlichen Begriffen
344 3661 1608 3720 ein durchaus anständiges Weib genannt werden muß. Seine Toni ist¬
345 3691 1605 3748 nicht nur eine brave Geliebte, die um ihren Liebhaber in Sack und
345 3727 1606 3782 Asche trauert, sie ist daneben auch Mutter, und zwar eine sehr treue
347 3768 1611 3834 und aufopfernde Mutter. Daß aber ein solches Wesen unser Herz.
348 3800 1619 3870 gewinnt, ist, selbst vom bürgerlichen Standpunkt aus, selbstverständ¬
348 3842 1595 3905 lich. Schnitzler hat eine Frage gestellt, die gar keine Frage ist.
358 3881 1599 3944 Man wird ihm gerecht, aber man spricht ihm auch sein Urteil, wenn
353 3921 1612 3989 man sein Stück ein Thesenstück nennt. Was er aber verficht ist keine.
352 3960 1609 4017 These, sondern ein Gemeinplatz. Selbst die „Welt“ hat immer ge¬
367 4005 1403 4071 bußt, daß es in der Halbwelt anständige Menschen giebt.
431 4012 1593 4090 Wenn Schnitzler ein Dichter und nicht ein poetisches Talent ge¬
341 4095 1605 4155 wesen wäre, hätte er die Frage anders gestellt. Dann hätte er uns
364 4113 1604 4176 die brave Toni geschenkt und hätte uns eine geschminkte Toni ge¬
1499 4147 1606 4188 Meit
1591 2701 1702 2765 bar
1590 2726 1729 2807 raus.
1604 2816 1782 2871 ist das
1613 2855 1774 2926 es den
1981 1502 3230 1577 also ließ unser Dichter die Halbwelt fallen, und mn läßt er auch
1983 1552 3219 1622 die Welt fallen, insofern nämlich, als er eine Situation erfindet, in
1978 1604 3219 1658 der selbst die „Welt“ nicht wie die moralische Halbwelt handelt. Er
1988 1628 3226 1690 hat sich's damit leicht gemacht. Die Tugend Tonis ist in diesem Zu¬
1986 1681 3219 1735 sammenhang ebenso leicht zu schildern, wie die Heuchelei der Bourgeoisie.
1992 1710 3229 1771 Daß Schnitzler trotzdem Anleihen machen mußte, beweist viel gegen
1985 1756 3233 1805 sein Talent. Der Professor Losatti, indem er die konventionelle
1987 1776 3225 1847 Moral an den Pranger stellt, ist eine Kopie, um nicht zu sagen ein
1985 1835 3230 1885 Plagiat. In Ibsens „Wildente“ lebt derselbe Mensch als Photo¬
1977 1852 3218 1931 graph. Schnitzler hat ihn ins Oestreichische und Liberale übersetzt.
1991 1901 3229 1957 Aus dem allgemein menschlichen Typus, in dem schließlich jeder
1989 1936 3231 2002 Mensch sich bis zu einem gewissen Grade wiederfindet, ist ein Wiener
1993 1979 3221 2049 Philister geworden, der uns zwar zum Lachen, aber auch zu nichts
1987 2020 3238 2078 anderem bringt. Schnitzler hat den Typus, den Ibsen geschaffen
1994 2065 3226 2117 hat, kokalisiert und verkleinert. Am letzten Ende ist sein
1989 2089 3234 2152 Stück eine Frage der Halbwelt, die eigentlich gar keine
2248 2129 3232 2194 t, an die „Welt", die eigentlich gar keine
1984 2152 2220 2209 Halbwelt¬
1983 2164 3244 2236 Welt ist. Schnitzler hat, um mit Jean Paul zu reden, den Aether
1985 2221 2734 2289 mit Aether in den Aether hineingemalt.
2074 2222 3242 2314 In der Vorstellung fesselte vor allem Frau Pank=Steinert.
1996 2284 3228 2356 Ihr diskretes und doch zugleich ergreifendes Spiel ließ in uns nur
1992 2331 3236 2384 den Wunsch aufkommen, sie auch an andern Bühnen in bedeutenden
2000 2373 3232 2432 Rollen zu sehen. Herr Klein war als Professor Losatti sehr
1987 2400 3246 2481 komisch, womit er Herrn Schnitzler gerecht wurde. Die Rölle hätte
1996 2445 3246 2503 feiner gespielt werden können, aber schließlich kann Klein ja nichts
1995 2497 2903 2572 dafür, daß Schnitzler Ibsens Figuren vergröbert. -
2754 2503 3204 2597 Erich=Schlailjer.
