<?xml version="1.0" encoding="UTF-8" standalone="yes"?>
<PcGts xmlns="http://schema.primaresearch.org/PAGE/gts/pagecontent/2013-07-15" xmlns:xsi="http://www.w3.org/2001/XMLSchema-instance" xsi:schemaLocation="http://schema.primaresearch.org/PAGE/gts/pagecontent/2013-07-15 http://schema.primaresearch.org/PAGE/gts/pagecontent/2013-07-15/pagecontent.xsd">
    <Metadata>
        <Creator>prov=University of Rostock/Institute of Mathematics/CITlab/Gundram Leifert/gundram.leifert@uni-rostock.de:name=ONB_Newseye_GT_M1+(htr_id=10810)::::v=2.4.2
prov=University of Rostock/Institute of Mathematics/CITlab/Tobias Gruening/tobias.gruening@uni-rostock.de:name=de.uros.citlab.module.baseline2polygon.B2PSeamMultiOriented:v=2.4.2
prov=University of Rostock/Institute of Mathematics/CITlab/Tobias Gruening/tobias.gruening@uni-rostock.de:name=/mnt/transkribus/LA/DEA/URO/LA_news_onb_att.pb:de.uros.citlab.segmentation.CITlab_LA_ML:v=2.4.2
Transkribus</Creator>
        <Created>2019-10-07T11:35:26.817+02:00</Created>
        <LastChange>2019-10-08T19:33:48.562+02:00</LastChange>
        <TranskribusMetadata docId="223986" pageId="9500938" pageNr="319" tsid="16607875" status="IN_PROGRESS" userId="40391" imgUrl="https://files.transkribus.eu/Get?id=UKTUYVRRLLQDHPNFJXGZDHDB&amp;fileType=view" xmlUrl="https://files.transkribus.eu/Get?id=VJQNIQJBBGTQWTYPSVBNEZAF" imageId="6191160"/>
    </Metadata>
    <Page imageFilename="223986_0319.jpeg" imageWidth="3436" imageHeight="4384">
        <ReadingOrder>
            <OrderedGroup id="ro_1711447915960" caption="Regions reading order">
                <RegionRefIndexed index="0" regionRef="r1"/>
                <RegionRefIndexed index="1" regionRef="r2"/>
                <RegionRefIndexed index="2" regionRef="r3"/>
            </OrderedGroup>
        </ReadingOrder>
        <TextRegion orientation="0.0" id="r1" custom="readingOrder {index:0;}">
            <Coords points="196,210 196,3879 1386,3879 1386,210"/>
            <TextLine id="r1l1" custom="readingOrder {index:0;}">
                <Coords points="188,262 361,241 585,286 1247,255 1247,208 1142,175 616,176 572,208 460,177 361,225 310,186 188,199"/>
                <Baseline points="196,232 248,238 300,243 352,247 404,250 457,252 509,254 561,255 613,255 665,255 718,254 770,253 822,253 874,251 926,250 979,249 1031,248 1083,247 1135,247 1187,247 1240,247"/>
                <TextEquiv>
                    <Unicode>10. Das Vernaechtnis</Unicode>
                </TextEquiv>
            </TextLine>
            <TextLine id="r1l2" custom="readingOrder {index:1;}">
                <Coords points="262,701 686,719 951,692 1038,716 1186,673 1185,624 967,611 761,647 620,620 262,675"/>
                <Baseline points="269,696 314,697 360,698 405,698 451,699 496,699 542,699 587,699 633,698 678,698 724,697 769,696 815,694 860,693 906,691 951,689 997,687 1042,683 1088,681 1133,678 1179,675"/>
                <TextEquiv>
                    <Unicode>sschnitt aus: Osterreich. Volhszeitung, Witn</Unicode>
                </TextEquiv>
            </TextLine>
            <TextLine id="r1l3" custom="readingOrder {index:2;}">
                <Coords points="462,786 535,798 571,769 599,786 652,773 726,780 755,767 752,711 608,719 588,708 547,718 509,710 494,723 458,713"/>
                <Baseline points="469,778 494,778 519,778 544,777 570,775 595,773 620,771 645,769 671,768 696,767 721,765 747,765"/>
                <TextEquiv>
                    <Unicode>16 S. 1911</Unicode>
                </TextEquiv>
            </TextLine>
            <TextLine id="r1l4" custom="readingOrder {index:3;}">
                <Coords points="249,803 269,801 279,809 293,811 342,809 353,802 369,804 370,754 356,756 350,762 338,755 323,767 293,770 266,785 249,783"/>
                <Baseline points="257,803 283,804 309,805 335,805 361,803"/>
                <TextEquiv>
                    <Unicode>m:</Unicode>
                </TextEquiv>
            </TextLine>
            <TextLine id="r1l5" custom="readingOrder {index:4;}">
                <Coords points="347,958 1286,945 1285,879 1088,924 915,880 741,927 347,893"/>
                <Baseline points="355,947 401,948 447,948 493,949 539,949 586,949 632,949 678,950 724,949 770,949 817,949 863,949 909,948 955,948 1001,947 1048,946 1094,945 1140,945 1186,943 1232,942 1279,941"/>
                <TextEquiv>
                    <Unicode>Theater in der Josefstadt. Als eine Art</Unicode>
                </TextEquiv>
            </TextLine>
            <TextLine id="r1l6" custom="readingOrder {index:5;}">
                <Coords points="276,997 1202,1004 1287,962 981,946 848,977 637,946 276,976"/>
                <Baseline points="284,993 333,994 383,995 433,996 483,996 533,996 582,996 632,996 682,995 732,994 782,993 831,992 881,992 931,990 981,989 1031,988 1080,987 1130,986 1180,986 1230,985 1280,985"/>
                <TextEquiv>
                    <Unicode>Schuitzlerfeier dachte sich die Direktion dieser Bühne</Unicode>
                </TextEquiv>
            </TextLine>
            <TextLine id="r1l7" custom="readingOrder {index:6;}">
                <Coords points="277,1045 1251,1041 1303,1030 1303,994 277,997"/>
                <Baseline points="285,1035 335,1036 386,1036 436,1037 487,1037 537,1038 588,1038 638,1038 689,1038 739,1038 790,1037 841,1037 891,1037 942,1036 992,1035 1043,1034 1093,1033 1144,1032 1194,1031 1245,1029 1296,1028"/>
                <TextEquiv>
                    <Unicode>die Aufführung des Schauspiels „Das Vermächt¬</Unicode>
                </TextEquiv>
            </TextLine>
            <TextLine id="r1l8" custom="readingOrder {index:7;}">
                <Coords points="287,1085 1303,1071 1302,1035 1194,1032 287,1053"/>
                <Baseline points="295,1080 345,1080 395,1081 445,1081 495,1081 545,1081 595,1082 645,1082 695,1082 745,1082 795,1082 845,1082 895,1081 945,1080 995,1079 1045,1078 1095,1076 1145,1074 1195,1072 1245,1069 1295,1067"/>
                <TextEquiv>
                    <Unicode>nis“. Das Wiener Publikum mag sie ja gern haben</Unicode>
                </TextEquiv>
            </TextLine>
            <TextLine id="r1l9" custom="readingOrder {index:8;}">
                <Coords points="280,1125 1287,1124 1268,1080 280,1091"/>
                <Baseline points="288,1124 337,1124 387,1125 436,1125 486,1125 536,1124 585,1124 635,1123 684,1123 734,1122 784,1121 833,1121 883,1120 932,1119 982,1118 1032,1118 1081,1117 1131,1117 1180,1117 1230,1116 1280,1117"/>
                <TextEquiv>
                    <Unicode>diese „tüchtigen, lebensvollen und — leistungsfähigen</Unicode>
                </TextEquiv>
            </TextLine>
            <TextLine id="r1l10" custom="readingOrder {index:9;}">
                <Coords points="285,1191 502,1161 1254,1176 1295,1138 284,1140"/>
                <Baseline points="292,1170 341,1169 391,1169 441,1169 491,1168 541,1168 590,1168 640,1167 690,1167 740,1166 790,1166 839,1165 889,1165 939,1164 989,1164 1039,1163 1088,1163 1138,1162 1188,1161 1238,1160 1288,1160"/>
                <TextEquiv>
                    <Unicode>Fünfziger“ von der Bedeutung eines Artur Schnitzler,</Unicode>
                </TextEquiv>
            </TextLine>
            <TextLine id="r1l11" custom="readingOrder {index:10;}">
                <Coords points="288,1215 1137,1203 1284,1231 1298,1154 287,1188"/>
                <Baseline points="295,1214 344,1213 394,1212 444,1212 494,1211 544,1211 593,1211 643,1211 693,1211 743,1210 793,1210 842,1210 892,1209 942,1209 992,1208 1042,1207 1091,1206 1141,1204 1191,1202 1241,1200 1291,1198"/>
                <TextEquiv>
                    <Unicode>und es ist auch berechtigt, wenn man in Artikeln,</Unicode>
                </TextEquiv>
            </TextLine>
            <TextLine id="r1l12" custom="readingOrder {index:11;}">
                <Coords points="281,1262 1297,1245 1259,1210 1139,1204 281,1222"/>
                <Baseline points="289,1258 339,1257 389,1257 439,1257 489,1256 539,1256 589,1255 639,1255 689,1254 739,1254 789,1253 839,1252 889,1251 939,1250 989,1250 1039,1249 1089,1248 1139,1247 1189,1246 1239,1245 1289,1244"/>
                <TextEquiv>
                    <Unicode>Feuilletons und durch die Aufführung seiner Stücke an</Unicode>
                </TextEquiv>
            </TextLine>
            <TextLine id="r1l13" custom="readingOrder {index:12;}">
                <Coords points="282,1303 1191,1308 1287,1293 1287,1253 282,1278"/>
                <Baseline points="289,1303 338,1301 388,1299 437,1298 487,1297 536,1296 586,1296 635,1295 685,1295 734,1295 784,1295 833,1295 883,1295 932,1294 982,1294 1031,1293 1081,1292 1130,1291 1180,1290 1229,1288 1279,1285"/>
                <TextEquiv>
                    <Unicode>seinem 50.Geburtstage Lobes= und Liebeshymnen anstimmt.</Unicode>
                </TextEquiv>
            </TextLine>
            <TextLine id="r1l14" custom="readingOrder {index:13;}">
                <Coords points="291,1354 1168,1354 1294,1326 1293,1280 1167,1309 290,1314"/>
                <Baseline points="298,1346 347,1345 396,1344 446,1343 495,1343 545,1342 594,1341 644,1340 693,1340 743,1339 792,1339 841,1338 891,1337 940,1336 990,1335 1039,1334 1089,1332 1138,1332 1188,1330 1237,1329 1287,1327"/>
                <TextEquiv>
                    <Unicode>aber gerade das erwähnte Bühnenwerk scheint am aller¬</Unicode>
                </TextEquiv>
            </TextLine>
            <TextLine id="r1l15" custom="readingOrder {index:14;}">
                <Coords points="289,1387 1299,1370 1240,1340 289,1355"/>
                <Baseline points="297,1389 346,1389 396,1389 446,1388 495,1388 545,1387 595,1386 644,1385 694,1384 744,1383 794,1382 843,1381 893,1380 943,1379 992,1378 1042,1377 1092,1376 1141,1375 1191,1374 1241,1374 1291,1373"/>
                <TextEquiv>
                    <Unicode>wenigsten dazu geeignet, das Publikum derart zu be¬</Unicode>
                </TextEquiv>
            </TextLine>
            <TextLine id="r1l16" custom="readingOrder {index:15;}">
                <Coords points="282,1434 1182,1436 1306,1422 1306,1374 282,1411"/>
                <Baseline points="289,1436 339,1435 390,1434 440,1433 491,1432 541,1431 592,1430 642,1429 693,1429 743,1428 794,1427 844,1426 895,1425 945,1424 996,1423 1046,1422 1097,1421 1147,1421 1198,1420 1248,1419 1299,1417"/>
                <TextEquiv>
                    <Unicode>geistern, daß es sich zu einer Kundgebung für den</Unicode>
                </TextEquiv>
            </TextLine>
            <TextLine id="r1l17" custom="readingOrder {index:16;}">
                <Coords points="292,1480 1043,1462 1299,1494 1284,1419 1170,1450 1056,1426 990,1453 873,1428 836,1454 753,1430 291,1455"/>
                <Baseline points="299,1475 348,1475 398,1475 447,1475 497,1475 547,1474 596,1474 646,1473 695,1472 745,1472 795,1471 844,1470 894,1469 943,1467 993,1466 1043,1465 1092,1464 1142,1463 1191,1461 1241,1460 1291,1458"/>
                <TextEquiv>
                    <Unicode>Dichter hinreißen lassen könnte. Schon aus</Unicode>
                </TextEquiv>
            </TextLine>
            <TextLine id="r1l18" custom="readingOrder {index:17;}">
                <Coords points="1028,1513 1100,1512 1132,1524 1159,1512 1174,1518 1189,1506 1253,1523 1270,1515 1292,1528 1292,1485 1251,1470 1175,1481 1134,1479 1122,1469 1098,1478 1028,1468"/>
                <Baseline points="1036,1505 1063,1505 1091,1504 1118,1504 1146,1505 1173,1505 1201,1505 1228,1505 1256,1504 1284,1503"/>
                <TextEquiv>
                    <Unicode>dies aus¬</Unicode>
                </TextEquiv>
            </TextLine>
            <TextLine id="r1l19" custom="readingOrder {index:18;}">
                <Coords points="281,1526 487,1539 638,1510 724,1534 1025,1499 1024,1467 833,1500 740,1475 281,1481"/>
                <Baseline points="289,1517 325,1517 361,1517 398,1517 434,1517 471,1516 507,1516 543,1516 580,1515 616,1515 653,1514 689,1514 725,1513 762,1513 798,1512 835,1511 871,1511 907,1510 944,1509 980,1509 1017,1508"/>
                <TextEquiv>
                    <Unicode>bühnentechnischen Gründen erscheint</Unicode>
                </TextEquiv>
            </TextLine>
            <TextLine id="r1l20" custom="readingOrder {index:19;}">
                <Coords points="283,1571 1303,1569 1283,1502 1039,1537 283,1523"/>
                <Baseline points="291,1563 341,1563 391,1562 441,1562 491,1561 542,1561 592,1560 642,1560 692,1559 742,1558 793,1557 843,1557 893,1556 943,1555 993,1554 1044,1553 1094,1552 1144,1551 1194,1550 1244,1549 1295,1549"/>
                <TextEquiv>
                    <Unicode>geschlossen, denn die drei Aktschlüsse sind absolut</Unicode>
                </TextEquiv>
            </TextLine>
            <TextLine id="r1l21" custom="readingOrder {index:20;}">
                <Coords points="295,1611 1210,1609 1301,1603 1301,1555 294,1575"/>
                <Baseline points="303,1604 352,1604 402,1604 451,1604 501,1604 550,1604 600,1603 649,1603 699,1602 748,1602 798,1601 847,1601 897,1600 946,1599 996,1598 1045,1597 1095,1597 1144,1596 1194,1595 1243,1594 1293,1593"/>
                <TextEquiv>
                    <Unicode>wirkungslos, wie beabsichtigt, ist jeder Effekt vermieden</Unicode>
                </TextEquiv>
            </TextLine>
            <TextLine id="r1l22" custom="readingOrder {index:21;}">
                <Coords points="294,1656 1287,1648 1299,1603 294,1611"/>
                <Baseline points="302,1646 351,1646 400,1646 450,1647 499,1647 549,1647 598,1647 648,1646 697,1646 747,1646 796,1646 845,1645 895,1644 944,1644 994,1643 1043,1642 1093,1641 1142,1640 1192,1639 1241,1637 1291,1635"/>
                <TextEquiv>
                    <Unicode>worden. Im ersten Akt stirbt der Vater, im zweiten das</Unicode>
                </TextEquiv>
            </TextLine>
            <TextLine id="r1l23" custom="readingOrder {index:22;}">
                <Coords points="284,1687 670,1708 1307,1674 1275,1638 284,1672"/>
                <Baseline points="291,1688 341,1689 391,1689 442,1690 492,1690 543,1690 593,1690 643,1690 694,1689 744,1689 795,1688 845,1687 895,1686 946,1685 996,1684 1047,1683 1097,1682 1147,1681 1198,1679 1248,1678 1299,1677"/>
                <TextEquiv>
                    <Unicode>Kind, im dritten die Mutter. Ende tot, alles tot!</Unicode>
                </TextEquiv>
            </TextLine>
            <TextLine id="r1l24" custom="readingOrder {index:23;}">
                <Coords points="299,1739 1298,1735 1297,1675 1076,1708 1031,1684 299,1709"/>
                <Baseline points="307,1735 356,1735 405,1734 454,1734 503,1734 553,1734 602,1733 651,1733 700,1732 749,1731 799,1731 848,1730 897,1729 946,1729 995,1728 1045,1727 1094,1726 1143,1725 1192,1724 1241,1723 1291,1722"/>
                <TextEquiv>
                    <Unicode>In einer gedrückten Stimmung verläßt man das</Unicode>
                </TextEquiv>
            </TextLine>
            <TextLine id="r1l25" custom="readingOrder {index:24;}">
                <Coords points="293,1782 743,1795 1295,1759 1294,1729 1194,1724 560,1758 292,1737"/>
                <Baseline points="300,1780 349,1779 398,1779 448,1779 497,1778 547,1777 596,1777 645,1776 695,1775 744,1774 794,1773 843,1773 892,1772 942,1771 991,1770 1041,1769 1090,1769 1139,1768 1189,1768 1238,1767 1288,1767"/>
                <TextEquiv>
                    <Unicode>Theater gleich wie ein Trauerhaus und der Regisseur</Unicode>
                </TextEquiv>
            </TextLine>
            <TextLine id="r1l26" custom="readingOrder {index:25;}">
                <Coords points="286,1821 1292,1831 1304,1792 285,1774"/>
                <Baseline points="293,1818 343,1819 393,1819 443,1819 493,1819 544,1819 594,1819 644,1818 694,1818 744,1817 795,1816 845,1815 895,1814 945,1814 995,1813 1046,1812 1096,1811 1146,1810 1196,1810 1246,1809 1297,1809"/>
                <TextEquiv>
                    <Unicode>kommt beim besten Willen nicht dazu, an das Publikum</Unicode>
                </TextEquiv>
            </TextLine>
            <TextLine id="r1l27" custom="readingOrder {index:26;}">
                <Coords points="292,1868 1300,1869 1299,1831 1232,1814 291,1831"/>
                <Baseline points="300,1864 349,1865 399,1866 448,1866 498,1866 548,1866 597,1865 647,1865 696,1864 746,1863 796,1862 845,1861 895,1860 944,1859 994,1858 1044,1857 1093,1856 1143,1856 1192,1855 1242,1854 1292,1854"/>
                <TextEquiv>
                    <Unicode>eine passende Ansprache zu richten und bei diesem</Unicode>
                </TextEquiv>
            </TextLine>
            <TextLine id="r1l28" custom="readingOrder {index:27;}">
                <Coords points="290,1906 1241,1911 1292,1899 1292,1863 290,1867"/>
                <Baseline points="298,1908 347,1909 396,1909 446,1909 495,1909 544,1908 594,1908 643,1907 692,1907 742,1906 791,1905 840,1904 890,1903 939,1902 988,1901 1038,1900 1087,1900 1136,1899 1186,1898 1235,1898 1285,1898"/>
                <TextEquiv>
                    <Unicode>Anlasse das Jubiläum des abwesenden Dichters zu</Unicode>
                </TextEquiv>
            </TextLine>
            <TextLine id="r1l29" custom="readingOrder {index:28;}">
                <Coords points="294,1973 1273,1952 1304,1912 293,1913"/>
                <Baseline points="301,1953 350,1952 400,1952 450,1951 500,1950 550,1950 599,1949 649,1948 699,1947 749,1947 799,1946 848,1945 898,1945 948,1944 998,1943 1048,1943 1097,1942 1147,1942 1197,1942 1247,1941 1297,1941"/>
                <TextEquiv>
                    <Unicode>feiern. Die Darstellung verdiente unbedingtes Lob,</Unicode>
                </TextEquiv>
            </TextLine>
            <TextLine id="r1l30" custom="readingOrder {index:29;}">
                <Coords points="296,2007 1223,2003 1296,1986 1296,1950 295,1971"/>
                <Baseline points="303,1996 352,1997 401,1997 450,1997 500,1996 549,1995 598,1994 648,1994 697,1992 746,1991 796,1989 845,1988 894,1987 943,1986 993,1985 1042,1984 1091,1984 1141,1983 1190,1984 1239,1984 1289,1985"/>
                <TextEquiv>
                    <Unicode>besonders die hervorragende Leistung der Frau Niese,</Unicode>
                </TextEquiv>
            </TextLine>
            <TextLine id="r1l31" custom="readingOrder {index:30;}">
                <Coords points="301,2044 841,2063 1300,2015 1289,1986 300,2006"/>
                <Baseline points="308,2040 357,2041 406,2041 455,2040 504,2040 554,2039 603,2038 652,2037 701,2036 750,2034 800,2033 849,2032 898,2031 947,2029 996,2029 1046,2028 1095,2027 1144,2027 1193,2027 1242,2027 1292,2028"/>
                <TextEquiv>
                    <Unicode>die durch warme, innige Herzenstöne zu rühren verstand</Unicode>
                </TextEquiv>
            </TextLine>
            <TextLine id="r1l32" custom="readingOrder {index:31;}">
                <Coords points="290,2084 1148,2092 1305,2066 1304,2022 841,2063 289,2053"/>
                <Baseline points="297,2084 347,2084 397,2084 447,2083 497,2083 547,2082 597,2082 647,2081 697,2080 747,2079 797,2078 847,2077 897,2076 947,2076 997,2075 1047,2074 1097,2074 1147,2073 1197,2073 1247,2073 1297,2073"/>
                <TextEquiv>
                    <Unicode>und die des Herrn Maran, der mit sein abgetöntems</Unicode>
                </TextEquiv>
            </TextLine>
            <TextLine id="r1l33" custom="readingOrder {index:32;}">
                <Coords points="291,2137 1298,2117 1297,2063 1149,2092 855,2077 780,2108 708,2082 291,2098"/>
                <Baseline points="299,2129 348,2128 398,2127 447,2127 497,2126 547,2126 596,2125 646,2125 695,2124 745,2124 795,2123 844,2123 894,2122 943,2122 993,2121 1043,2120 1092,2119 1142,2118 1191,2116 1241,2115 1291,2113"/>
                <TextEquiv>
                    <Unicode>Humor die Figur des Poseurs Professor Losatti</Unicode>
                </TextEquiv>
            </TextLine>
            <TextLine id="r1l34" custom="readingOrder {index:33;}">
                <Coords points="304,2183 1219,2176 1294,2154 1294,2118 304,2145"/>
                <Baseline points="311,2171 359,2170 408,2168 457,2168 506,2167 555,2166 603,2166 652,2165 701,2165 750,2165 799,2165 847,2165 896,2165 945,2165 994,2164 1043,2164 1091,2163 1140,2162 1189,2161 1238,2159 1287,2157"/>
                <TextEquiv>
                    <Unicode>modellierte. Die Uebrigen müssen sich mit einer Pauschal¬</Unicode>
                </TextEquiv>
            </TextLine>
            <TextLine id="r1l35" custom="readingOrder {index:34;}">
                <Coords points="293,2222 973,2207 1107,2238 1231,2205 1306,2239 1290,2151 962,2188 293,2186"/>
                <Baseline points="301,2211 350,2211 400,2212 450,2212 500,2212 550,2212 600,2211 649,2211 699,2211 749,2210 799,2210 849,2209 899,2209 949,2208 998,2208 1048,2207 1098,2206 1148,2206 1198,2205 1248,2204 1298,2204"/>
                <TextEquiv>
                    <Unicode>anerkennung begnügen. Wir machen dem Theaterzettel</Unicode>
                </TextEquiv>
            </TextLine>
            <TextLine id="r1l36" custom="readingOrder {index:35;}">
                <Coords points="1114,2279 1130,2273 1147,2279 1154,2273 1183,2280 1195,2273 1275,2280 1271,2218 1230,2217 1219,2208 1193,2222 1164,2212 1153,2225 1148,2222 1111,2240"/>
                <Baseline points="1120,2260 1149,2255 1178,2252 1207,2250 1236,2250 1265,2249"/>
                <TextEquiv>
                    <Unicode>A. L.</Unicode>
                </TextEquiv>
            </TextLine>
            <TextLine id="r1l37" custom="readingOrder {index:36;}">
                <Coords points="296,2259 372,2271 398,2264 420,2280 635,2284 636,2233 622,2230 602,2241 585,2224 514,2231 466,2216 297,2223"/>
                <Baseline points="304,2251 330,2253 357,2255 384,2256 411,2257 438,2257 465,2258 492,2258 519,2258 546,2258 573,2258 600,2259 627,2260"/>
                <TextEquiv>
                    <Unicode>unsere Reverenz.</Unicode>
                </TextEquiv>
            </TextLine>
            <TextLine id="r1l38" custom="readingOrder {index:37;}">
                <Coords points="689,2576 781,2586 981,2562 1116,2581 1206,2553 1255,2562 1253,2511 1215,2505 909,2515 857,2496 776,2526 687,2504"/>
                <Baseline points="697,2564 724,2565 752,2565 779,2565 807,2565 834,2565 862,2564 889,2563 917,2563 944,2562 972,2560 999,2559 1027,2558 1054,2557 1082,2555 1109,2553 1137,2553 1164,2550 1192,2549 1219,2547 1247,2545"/>
                <TextEquiv>
                    <Unicode>Deutsches Taghlatt</Unicode>
                </TextEquiv>
            </TextLine>
            <TextLine id="r1l39" custom="readingOrder {index:38;}">
                <Coords points="260,2600 379,2603 404,2588 466,2599 586,2568 691,2565 689,2520 593,2556 426,2539 318,2549 305,2562 258,2555"/>
                <Baseline points="267,2591 293,2590 319,2589 345,2587 371,2586 397,2584 423,2583 449,2582 475,2581 501,2579 527,2578 553,2577 579,2575 605,2574 631,2573 657,2571 684,2570"/>
                <TextEquiv>
                    <Unicode>#schnitt aus:</Unicode>
                </TextEquiv>
            </TextLine>
            <TextLine id="r1l40" custom="readingOrder {index:39;}">
                <Coords points="314,2682 654,2682 827,2637 1293,2643 1289,2584 1155,2561 311,2634"/>
                <Baseline points="320,2671 368,2672 416,2672 464,2671 512,2669 561,2666 609,2663 657,2659 705,2655 753,2651 802,2647 850,2642 898,2638 946,2634 994,2631 1043,2628 1091,2626 1139,2624 1187,2623 1235,2624 1284,2625"/>
                <TextEquiv>
                    <Unicode>16. MAl. 18 fstdeutsche Rumischae</Unicode>
                </TextEquiv>
            </TextLine>
            <TextLine id="r1l41" custom="readingOrder {index:40;}">
                <Coords points="890,2718 912,2719 927,2705 944,2717 983,2717 1000,2727 1048,2705 1062,2712 1074,2708 1073,2683 1061,2685 1034,2664 1013,2670 996,2657 966,2651 960,2658 939,2649 918,2662 888,2663"/>
                <Baseline points="897,2709 925,2706 953,2705 982,2704 1010,2704 1038,2703 1067,2703"/>
                <TextEquiv>
                    <Unicode>Wien</Unicode>
                </TextEquiv>
            </TextLine>
            <TextLine id="r1l42" custom="readingOrder {index:41;}">
                <Coords points="258,2736 276,2741 280,2738 292,2747 381,2742 386,2681 363,2687 328,2676 325,2679 317,2669 299,2678 291,2673 277,2677 264,2672"/>
                <Baseline points="267,2714 294,2714 321,2717 348,2720 375,2722"/>
                <TextEquiv>
                    <Unicode>11</Unicode>
                </TextEquiv>
            </TextLine>
            <TextLine id="r1l43" custom="readingOrder {index:42;}">
                <Coords points="413,2822 884,2849 1015,2821 1348,2840 1387,2813 1366,2786 1044,2786 991,2759 414,2770"/>
                <Baseline points="421,2825 471,2825 521,2825 572,2825 622,2826 673,2826 723,2826 774,2827 824,2827 875,2827 925,2827 976,2828 1026,2828 1077,2828 1127,2828 1178,2828 1228,2827 1279,2827 1329,2826 1380,2825"/>
                <TextEquiv>
                    <Unicode>Theater in der Josefstadt. Frau Niese be¬</Unicode>
                </TextEquiv>
            </TextLine>
            <TextLine id="r1l44" custom="readingOrder {index:43;}">
                <Coords points="307,2869 1360,2880 1390,2830 307,2836"/>
                <Baseline points="314,2871 367,2871 420,2870 474,2870 527,2870 581,2871 634,2871 687,2871 741,2871 794,2871 848,2872 901,2872 954,2872 1008,2872 1061,2872 1115,2872 1168,2872 1221,2872 1275,2872 1328,2872 1382,2871"/>
                <TextEquiv>
                    <Unicode>nützte das Schnitzlerjubiläum, um wieder einmal jene</Unicode>
                </TextEquiv>
            </TextLine>
            <TextLine id="r1l45" custom="readingOrder {index:44;}">
                <Coords points="308,2905 1393,2918 1393,2890 1287,2872 309,2878"/>
                <Baseline points="316,2913 369,2914 423,2914 476,2915 530,2915 583,2916 637,2916 690,2916 744,2916 797,2916 851,2916 904,2916 958,2916 1011,2916 1065,2916 1118,2916 1172,2916 1225,2916 1279,2916 1332,2916 1386,2916"/>
                <TextEquiv>
                    <Unicode>künstlerischen Verpflichtungen gegenüber dem höheren</Unicode>
                </TextEquiv>
            </TextLine>
            <TextLine id="r1l46" custom="readingOrder {index:45;}">
                <Coords points="310,2964 1387,2974 1354,2920 310,2919"/>
                <Baseline points="318,2955 371,2957 424,2958 477,2959 530,2959 583,2960 636,2960 689,2960 742,2960 795,2959 849,2959 902,2959 955,2958 1008,2958 1061,2958 1114,2957 1167,2957 1220,2957 1273,2957 1326,2957 1380,2958"/>
                <TextEquiv>
                    <Unicode>Drama abzutun, die sie sich nun einmal von befreundeten</Unicode>
                </TextEquiv>
            </TextLine>
            <TextLine id="r1l47" custom="readingOrder {index:46;}">
                <Coords points="320,3015 1388,2999 1286,2960 320,2973"/>
                <Baseline points="327,3003 379,3003 432,3002 485,3002 537,3001 590,3001 643,3001 695,3001 748,3001 801,3002 854,3002 906,3002 959,3002 1012,3003 1064,3003 1117,3003 1170,3003 1222,3002 1275,3002 1328,3001 1381,3001"/>
                <TextEquiv>
                    <Unicode>Ratgebern aufbürden läßt. Sie spielte die Toni</Unicode>
                </TextEquiv>
            </TextLine>
            <TextLine id="r1l48" custom="readingOrder {index:47;}">
                <Coords points="315,3051 1187,3060 1325,3051 1379,3004 315,3009"/>
                <Baseline points="323,3045 375,3044 427,3044 480,3044 532,3044 585,3044 637,3044 690,3044 742,3044 795,3044 847,3044 899,3044 952,3044 1004,3044 1057,3044 1109,3044 1162,3044 1214,3044 1267,3044 1319,3044 1372,3044"/>
                <TextEquiv>
                    <Unicode>Weber in Schnitzlers „Vermächtnis“</Unicode>
                </TextEquiv>
            </TextLine>
            <TextLine id="r1l49" custom="readingOrder {index:48;}">
                <Coords points="319,3096 1390,3084 1280,3044 319,3053"/>
                <Baseline points="326,3090 378,3088 431,3086 484,3085 537,3084 590,3084 642,3083 695,3083 748,3083 801,3083 854,3084 906,3084 959,3084 1012,3085 1065,3085 1118,3086 1170,3086 1223,3086 1276,3086 1329,3086 1382,3086"/>
                <TextEquiv>
                    <Unicode>Wenn manFran Nlese durch die weiner¬</Unicode>
                </TextEquiv>
            </TextLine>
            <TextLine id="r1l50" custom="readingOrder {index:49;}">
                <Coords points="307,3128 1381,3139 1381,3106 1224,3088 307,3094"/>
                <Baseline points="315,3130 370,3130 426,3130 482,3130 537,3130 593,3130 649,3130 705,3130 760,3130 816,3130 872,3130 928,3130 983,3130 1039,3130 1095,3130 1151,3131 1206,3131 1262,3132 1318,3132 1374,3134"/>
                <TextEquiv>
                    <Unicode>lichen Szenen dieses schwächlichen Theaterstückes be¬</Unicode>
                </TextEquiv>
            </TextLine>
            <TextLine id="r1l51" custom="readingOrder {index:50;}">
                <Coords points="314,3175 1280,3196 1387,3166 1291,3136 314,3141"/>
                <Baseline points="321,3174 373,3174 426,3174 479,3174 532,3174 585,3174 638,3173 691,3173 744,3173 797,3173 850,3173 902,3172 955,3172 1008,3172 1061,3172 1114,3173 1167,3173 1220,3173 1273,3174 1326,3174 1379,3175"/>
                <TextEquiv>
                    <Unicode>hutsam schreiten sieht, dann bewundert man den sicheren</Unicode>
                </TextEquiv>
            </TextLine>
            <TextLine id="r1l52" custom="readingOrder {index:51;}">
                <Coords points="307,3221 1375,3230 1375,3193 1150,3172 307,3191"/>
                <Baseline points="315,3220 367,3219 420,3218 472,3217 525,3217 578,3217 630,3216 683,3216 736,3216 788,3216 841,3216 894,3216 946,3216 999,3217 1052,3217 1104,3217 1157,3218 1210,3218 1262,3219 1315,3219 1368,3219"/>
                <TextEquiv>
                    <Unicode>Bühneninstinkt dieser urwüchsigen Frau, der sie an den</Unicode>
                </TextEquiv>
            </TextLine>
            <TextLine id="r1l53" custom="readingOrder {index:52;}">
                <Coords points="305,3259 1376,3267 1376,3233 1289,3219 305,3229"/>
                <Baseline points="313,3263 365,3262 418,3261 471,3261 524,3260 577,3260 629,3260 682,3260 735,3260 788,3260 841,3261 893,3261 946,3261 999,3262 1052,3262 1105,3263 1157,3263 1210,3263 1263,3263 1316,3263 1369,3263"/>
                <TextEquiv>
                    <Unicode>übrigen Tagen des Jahres davon abhält, sich an Auf¬</Unicode>
                </TextEquiv>
            </TextLine>
            <TextLine id="r1l54" custom="readingOrder {index:53;}">
                <Coords points="307,3298 1348,3321 1383,3262 307,3268"/>
                <Baseline points="315,3308 368,3307 421,3305 474,3304 527,3303 580,3303 633,3303 686,3302 739,3303 792,3303 845,3303 898,3304 951,3304 1004,3305 1057,3306 1110,3306 1163,3307 1216,3308 1269,3309 1322,3309 1375,3310"/>
                <TextEquiv>
                    <Unicode>gaben heranzumachen, deren Lösung nicht mehr ihre</Unicode>
                </TextEquiv>
            </TextLine>
            <TextLine id="r1l55" custom="readingOrder {index:54;}">
                <Coords points="314,3347 1391,3343 1154,3306 314,3320"/>
                <Baseline points="321,3350 374,3348 427,3346 480,3345 533,3344 586,3343 639,3343 692,3343 745,3344 798,3344 852,3345 905,3345 958,3346 1011,3347 1064,3347 1117,3348 1170,3348 1223,3348 1276,3348 1329,3347 1383,3346"/>
                <TextEquiv>
                    <Unicode>Sache ist. Gerade das kluge Sich=Bescheiden, das bedacht¬</Unicode>
                </TextEquiv>
            </TextLine>
            <TextLine id="r1l56" custom="readingOrder {index:55;}">
                <Coords points="309,3399 1392,3402 1392,3347 309,3371"/>
                <Baseline points="316,3389 369,3389 422,3389 476,3389 529,3389 583,3389 636,3389 689,3389 743,3389 796,3389 850,3389 903,3389 956,3389 1010,3389 1063,3389 1117,3389 1170,3389 1223,3389 1277,3389 1330,3389 1384,3390"/>
                <TextEquiv>
                    <Unicode>same Gefühl für das, was den natürlichen Eigenschaften</Unicode>
                </TextEquiv>
            </TextLine>
            <TextLine id="r1l57" custom="readingOrder {index:56;}">
                <Coords points="308,3417 1387,3430 1333,3391 308,3399"/>
                <Baseline points="316,3433 369,3433 422,3432 475,3432 528,3432 582,3432 635,3431 688,3431 741,3431 794,3431 848,3431 901,3431 954,3431 1007,3431 1060,3432 1114,3432 1167,3432 1220,3433 1273,3433 1326,3434 1380,3435"/>
                <TextEquiv>
                    <Unicode>angemessen, ist ein wesentliches Merkmal echter Künstlerschaft.</Unicode>
                </TextEquiv>
            </TextLine>
            <TextLine id="r1l58" custom="readingOrder {index:57;}">
                <Coords points="316,3478 1372,3482 1372,3446 1277,3439 317,3438"/>
                <Baseline points="324,3476 376,3476 428,3476 480,3476 532,3475 584,3475 636,3475 688,3475 740,3475 792,3475 844,3475 896,3475 948,3476 1000,3476 1052,3476 1104,3477 1156,3478 1208,3478 1260,3479 1312,3480 1365,3481"/>
                <TextEquiv>
                    <Unicode>Die übrige Darstellung suchte sich mit ihren ungewohnter</Unicode>
                </TextEquiv>
            </TextLine>
            <TextLine id="r1l59" custom="readingOrder {index:58;}">
                <Coords points="307,3519 1378,3531 1378,3493 1333,3481 307,3491"/>
                <Baseline points="315,3522 367,3521 420,3521 473,3521 526,3520 579,3520 631,3520 684,3520 737,3520 790,3520 843,3520 895,3520 948,3520 1001,3520 1054,3520 1107,3521 1159,3521 1212,3521 1265,3522 1318,3522 1371,3523"/>
                <TextEquiv>
                    <Unicode>Rollen schlecht und recht abzufinden. Erwähnenswery ist</Unicode>
                </TextEquiv>
            </TextLine>
            <TextLine id="r1l60" custom="readingOrder {index:59;}">
                <Coords points="315,3566 1392,3570 1379,3524 315,3530"/>
                <Baseline points="323,3564 376,3564 429,3563 482,3563 535,3563 588,3563 641,3563 694,3563 747,3563 800,3563 853,3563 906,3563 959,3563 1012,3563 1065,3564 1118,3564 1171,3564 1224,3564 1277,3564 1330,3565 1384,3565"/>
                <TextEquiv>
                    <Unicode>neben Herrn Lessen, der den herzlosen, eigensüchtigen</Unicode>
                </TextEquiv>
            </TextLine>
            <TextLine id="r1l61" custom="readingOrder {index:60;}">
                <Coords points="311,3618 1318,3624 1382,3578 311,3582"/>
                <Baseline points="319,3606 371,3606 424,3606 477,3606 530,3606 582,3606 635,3606 688,3606 741,3606 793,3606 846,3606 899,3607 952,3607 1004,3607 1057,3607 1110,3608 1163,3608 1215,3609 1268,3610 1321,3611 1374,3611"/>
                <TextEquiv>
                    <Unicode>Arzt in der nervösen Art gab, die wir von den Betliner</Unicode>
                </TextEquiv>
            </TextLine>
            <TextLine id="r1l62" custom="readingOrder {index:61;}">
                <Coords points="305,3641 1388,3652 1388,3620 1256,3609 305,3618"/>
                <Baseline points="313,3655 366,3653 419,3651 473,3650 526,3649 579,3648 633,3648 686,3647 739,3648 793,3648 846,3648 899,3649 953,3649 1006,3650 1059,3651 1113,3651 1166,3652 1219,3652 1273,3652 1326,3652 1380,3652"/>
                <TextEquiv>
                    <Unicode>Ibsendarstellern her kennen, Frau Schleinitz, die als</Unicode>
                </TextEquiv>
            </TextLine>
            <TextLine id="r1l63" custom="readingOrder {index:62;}">
                <Coords points="314,3697 1346,3713 1394,3698 1394,3650 314,3654"/>
                <Baseline points="321,3696 374,3695 427,3694 480,3694 534,3693 587,3693 640,3692 693,3692 747,3692 800,3692 853,3693 906,3693 960,3693 1013,3694 1066,3694 1119,3695 1173,3696 1226,3696 1279,3697 1332,3698 1386,3699"/>
                <TextEquiv>
                    <Unicode>weiblicher Raisonneur ihre Maximen möglichst günstig</Unicode>
                </TextEquiv>
            </TextLine>
            <TextLine id="r1l64" custom="readingOrder {index:63;}">
                <Coords points="312,3742 1382,3740 1325,3698 312,3697"/>
                <Baseline points="319,3739 371,3738 424,3737 477,3735 530,3735 582,3734 635,3734 688,3734 741,3734 793,3734 846,3734 899,3735 952,3735 1004,3736 1057,3737 1110,3737 1163,3738 1215,3739 1268,3739 1321,3740 1374,3741"/>
                <TextEquiv>
                    <Unicode>placierte, und Herr Maran, der der Gesahr, ins Pathe¬</Unicode>
                </TextEquiv>
            </TextLine>
            <TextLine id="r1l65" custom="readingOrder {index:64;}">
                <Coords points="306,3782 1218,3777 1249,3807 1384,3781 1384,3747 306,3754"/>
                <Baseline points="313,3781 366,3779 419,3779 472,3778 525,3777 579,3777 632,3777 685,3778 738,3778 791,3779 845,3780 898,3780 951,3781 1004,3782 1057,3783 1111,3783 1164,3784 1217,3784 1270,3784 1323,3784 1377,3784"/>
                <TextEquiv>
                    <Unicode>tische zu geraten, dadurch zu entgehen suchte, daß ex seine</Unicode>
                </TextEquiv>
            </TextLine>
            <TextLine id="r1l66" custom="readingOrder {index:65;}">
                <Coords points="308,3827 1389,3851 1369,3786 309,3787"/>
                <Baseline points="315,3824 368,3822 421,3821 475,3821 528,3821 581,3821 635,3821 688,3822 741,3823 795,3824 848,3825 901,3827 955,3828 1008,3829 1061,3830 1115,3831 1168,3831 1221,3831 1275,3831 1328,3830 1382,3829"/>
                <TextEquiv>
                    <Unicode>Rolle in  einen Ironismus auflöste, der freilich nicht</Unicode>
                </TextEquiv>
            </TextLine>
            <TextLine id="r1l67" custom="readingOrder {index:66;}">
                <Coords points="321,3878 387,3873 415,3892 491,3899 583,3882 623,3893 688,3882 705,3896 765,3885 764,3831 320,3833"/>
                <Baseline points="328,3869 353,3869 378,3869 403,3869 429,3869 454,3868 479,3868 505,3868 530,3868 555,3867 580,3867 606,3867 631,3867 656,3866 682,3866 707,3866 732,3866 758,3867"/>
                <TextEquiv>
                    <Unicode>immer am Platze war.</Unicode>
                </TextEquiv>
            </TextLine>
            <TextEquiv>
                <Unicode>10. Das Vernaechtnis
sschnitt aus: Osterreich. Volhszeitung, Witn
16 S. 1911
m:
Theater in der Josefstadt. Als eine Art
Schuitzlerfeier dachte sich die Direktion dieser Bühne
die Aufführung des Schauspiels „Das Vermächt¬
nis“. Das Wiener Publikum mag sie ja gern haben
diese „tüchtigen, lebensvollen und — leistungsfähigen
Fünfziger“ von der Bedeutung eines Artur Schnitzler,
und es ist auch berechtigt, wenn man in Artikeln,
Feuilletons und durch die Aufführung seiner Stücke an
seinem 50.Geburtstage Lobes= und Liebeshymnen anstimmt.
aber gerade das erwähnte Bühnenwerk scheint am aller¬
wenigsten dazu geeignet, das Publikum derart zu be¬
geistern, daß es sich zu einer Kundgebung für den
Dichter hinreißen lassen könnte. Schon aus
dies aus¬
bühnentechnischen Gründen erscheint
geschlossen, denn die drei Aktschlüsse sind absolut
wirkungslos, wie beabsichtigt, ist jeder Effekt vermieden
worden. Im ersten Akt stirbt der Vater, im zweiten das
Kind, im dritten die Mutter. Ende tot, alles tot!
In einer gedrückten Stimmung verläßt man das
Theater gleich wie ein Trauerhaus und der Regisseur
kommt beim besten Willen nicht dazu, an das Publikum
eine passende Ansprache zu richten und bei diesem
Anlasse das Jubiläum des abwesenden Dichters zu
feiern. Die Darstellung verdiente unbedingtes Lob,
besonders die hervorragende Leistung der Frau Niese,
die durch warme, innige Herzenstöne zu rühren verstand
und die des Herrn Maran, der mit sein abgetöntems
Humor die Figur des Poseurs Professor Losatti
modellierte. Die Uebrigen müssen sich mit einer Pauschal¬
anerkennung begnügen. Wir machen dem Theaterzettel
A. L.
unsere Reverenz.
Deutsches Taghlatt
#schnitt aus:
16. MAl. 18 fstdeutsche Rumischae
Wien
11
Theater in der Josefstadt. Frau Niese be¬
nützte das Schnitzlerjubiläum, um wieder einmal jene
künstlerischen Verpflichtungen gegenüber dem höheren
Drama abzutun, die sie sich nun einmal von befreundeten
Ratgebern aufbürden läßt. Sie spielte die Toni
Weber in Schnitzlers „Vermächtnis“
Wenn manFran Nlese durch die weiner¬
lichen Szenen dieses schwächlichen Theaterstückes be¬
hutsam schreiten sieht, dann bewundert man den sicheren
Bühneninstinkt dieser urwüchsigen Frau, der sie an den
übrigen Tagen des Jahres davon abhält, sich an Auf¬
gaben heranzumachen, deren Lösung nicht mehr ihre
Sache ist. Gerade das kluge Sich=Bescheiden, das bedacht¬
same Gefühl für das, was den natürlichen Eigenschaften
angemessen, ist ein wesentliches Merkmal echter Künstlerschaft.
Die übrige Darstellung suchte sich mit ihren ungewohnter
Rollen schlecht und recht abzufinden. Erwähnenswery ist
neben Herrn Lessen, der den herzlosen, eigensüchtigen
Arzt in der nervösen Art gab, die wir von den Betliner
Ibsendarstellern her kennen, Frau Schleinitz, die als
weiblicher Raisonneur ihre Maximen möglichst günstig
placierte, und Herr Maran, der der Gesahr, ins Pathe¬
tische zu geraten, dadurch zu entgehen suchte, daß ex seine
Rolle in  einen Ironismus auflöste, der freilich nicht
immer am Platze war.</Unicode>
            </TextEquiv>
        </TextRegion>
        <TextRegion orientation="0.0" id="r2" custom="readingOrder {index:1;}">
            <Coords points="1395,125 1395,280 1821,280 1821,125"/>
            <TextLine id="r2l1" custom="readingOrder {index:0;}">
                <Coords points="1387,230 1527,249 1675,231 1828,247 1828,177 1786,163 1723,177 1624,169 1583,191 1429,170 1387,179"/>
                <Baseline points="1395,229 1420,229 1445,229 1470,229 1495,229 1520,229 1545,229 1570,230 1595,230 1620,230 1645,229 1670,229 1695,229 1720,229 1745,228 1770,227 1795,227 1821,225"/>
                <TextEquiv>
                    <Unicode>box 16/5</Unicode>
                </TextEquiv>
            </TextLine>
            <TextEquiv>
                <Unicode>box 16/5</Unicode>
            </TextEquiv>
        </TextRegion>
        <TextRegion orientation="0.0" id="r3" custom="readingOrder {index:2;}">
            <Coords points="1886,252 1886,3930 3211,3930 3211,252"/>
            <TextLine id="r3l1" custom="readingOrder {index:0;}">
                <Coords points="2548,288 2674,302 2717,283 2817,289 2867,311 2943,295 2991,321 3049,297 3052,249 2902,240 2859,217 2774,236 2600,209 2552,218"/>
                <Baseline points="2556,275 2581,275 2607,275 2632,276 2658,276 2683,277 2709,277 2735,279 2760,280 2786,282 2811,283 2837,285 2862,286 2888,288 2914,289 2939,290 2965,292 2990,293 3016,294 3042,295"/>
                <TextEquiv>
                    <Unicode>EKHSPOST, WEN</Unicode>
                </TextEquiv>
            </TextLine>
            <TextLine id="r3l2" custom="readingOrder {index:1;}">
                <Coords points="2031,335 2084,356 2440,357 2455,355 2459,284 2381,267 2331,284 2305,268 2261,280 2230,266 2179,291 2033,287"/>
                <Baseline points="2040,323 2065,323 2091,323 2116,323 2142,324 2167,325 2193,326 2218,327 2244,329 2269,331 2295,332 2320,333 2346,335 2371,336 2397,337 2422,338 2448,339"/>
                <TextEquiv>
                    <Unicode>vom: T6H917212</Unicode>
                </TextEquiv>
            </TextLine>
            <TextLine id="r3l3" custom="readingOrder {index:2;}">
                <Coords points="2063,441 2761,421 2957,457 3006,421 3144,428 3143,371 2062,389"/>
                <Baseline points="2070,443 2123,442 2176,440 2229,439 2283,438 2336,437 2389,436 2443,435 2496,434 2549,433 2603,433 2656,432 2709,431 2762,430 2816,430 2869,429 2922,428 2976,427 3029,426 3082,425 3136,424"/>
                <TextEquiv>
                    <Unicode>Josefstädter Theater. Zum fünfzigstin Ge¬</Unicode>
                </TextEquiv>
            </TextLine>
            <TextLine id="r3l4" custom="readingOrder {index:3;}">
                <Coords points="1965,493 3150,471 3011,423 2958,458 1964,463"/>
                <Baseline points="1973,491 2031,491 2089,491 2148,491 2206,490 2265,490 2323,489 2382,489 2440,488 2499,487 2557,486 2615,485 2674,484 2732,483 2791,482 2849,481 2908,480 2966,479 3025,477 3083,476 3142,475"/>
                <TextEquiv>
                    <Unicode>burtstage des Dichters: „Das Vermächtnis“, Schau¬</Unicode>
                </TextEquiv>
            </TextLine>
            <TextLine id="r3l5" custom="readingOrder {index:4;}">
                <Coords points="1978,550 2943,553 3126,527 3143,484 1978,503"/>
                <Baseline points="1986,545 2043,541 2101,539 2158,537 2216,535 2273,534 2331,534 2388,534 2446,534 2503,534 2561,535 2618,535 2676,535 2733,535 2791,535 2848,534 2906,533 2963,531 3021,528 3078,525 3136,521"/>
                <TextEquiv>
                    <Unicode>spiel in drei Akten von Artur Schnitzler. In der</Unicode>
                </TextEquiv>
            </TextLine>
            <TextLine id="r3l6" custom="readingOrder {index:5;}">
                <Coords points="1979,589 3148,586 3146,515 2946,552 1979,562"/>
                <Baseline points="1987,590 2044,590 2102,589 2159,589 2217,588 2275,587 2332,586 2390,585 2448,584 2505,583 2563,582 2621,580 2678,579 2736,577 2794,576 2851,574 2909,573 2967,572 3024,570 3082,569 3140,568"/>
                <TextEquiv>
                    <Unicode>Josefstadt schob man heute, zwischen den Ensuite¬</Unicode>
                </TextEquiv>
            </TextLine>
            <TextLine id="r3l7" custom="readingOrder {index:6;}">
                <Coords points="1967,648 3152,607 3115,572 1967,610"/>
                <Baseline points="1975,635 2033,635 2091,634 2150,634 2208,633 2267,632 2325,631 2384,630 2442,629 2501,628 2559,627 2617,626 2676,625 2734,623 2793,622 2851,620 2910,619 2968,618 3027,616 3085,615 3144,614"/>
                <TextEquiv>
                    <Unicode>Aufführungen des „Gutsitzenden Frack“, eine Neuein=</Unicode>
                </TextEquiv>
            </TextLine>
            <TextLine id="r3l8" custom="readingOrder {index:7;}">
                <Coords points="1977,693 3133,682 3188,673 3187,619 1976,649"/>
                <Baseline points="1984,687 2043,686 2103,685 2163,684 2223,683 2283,683 2343,682 2402,682 2462,681 2522,680 2582,680 2642,679 2702,678 2762,677 2821,675 2881,674 2941,672 3001,669 3061,667 3121,664 3181,661"/>
                <TextEquiv>
                    <Unicode>studierung des offenbar nicht ganz so gut sitzenden</Unicode>
                </TextEquiv>
            </TextLine>
            <TextLine id="r3l9" custom="readingOrder {index:8;}">
                <Coords points="1991,825 3158,754 3156,713 3074,703 1989,776"/>
                <Baseline points="1998,814 2055,810 2113,807 2170,803 2228,801 2286,798 2343,795 2401,792 2459,790 2516,787 2574,785 2632,784 2689,781 2747,778 2805,776 2862,773 2920,770 2978,768 3035,764 3093,761 3151,757"/>
                <TextEquiv>
                    <Unicode>Schnitzlerschen „Vermächtnisses“ ein, kommandierte Frau</Unicode>
                </TextEquiv>
            </TextLine>
            <TextLine id="r3l10" custom="readingOrder {index:9;}">
                <Coords points="1994,853 3147,807 3137,764 1993,825"/>
                <Baseline points="2002,860 2058,857 2115,855 2172,852 2229,850 2286,848 2343,845 2399,844 2456,841 2513,838 2570,836 2627,833 2684,831 2741,828 2797,825 2854,822 2911,818 2968,814 3025,810 3082,805 3139,801"/>
                <TextEquiv>
                    <Unicode>Niese für einen Abend von der „Marine=Gustl“ ab</Unicode>
                </TextEquiv>
            </TextLine>
            <TextLine id="r3l11" custom="readingOrder {index:10;}">
                <Coords points="1990,901 3047,884 3164,860 3163,824 1989,874"/>
                <Baseline points="1998,910 2059,906 2120,903 2181,899 2242,897 2303,893 2364,891 2425,889 2486,886 2547,883 2608,881 2669,878 2730,876 2791,873 2852,870 2913,867 2974,864 3035,861 3096,857 3157,853"/>
                <TextEquiv>
                    <Unicode>und lud die Leute von der Presse an dem tropischen</Unicode>
                </TextEquiv>
            </TextLine>
            <TextLine id="r3l12" custom="readingOrder {index:11;}">
                <Coords points="1988,962 3167,926 3154,859 1986,902"/>
                <Baseline points="1996,958 2054,954 2112,951 2170,948 2228,945 2286,942 2344,940 2402,937 2460,935 2518,933 2577,930 2635,928 2693,926 2751,923 2809,921 2867,918 2925,916 2983,913 3041,910 3099,906 3158,902"/>
                <TextEquiv>
                    <Unicode>Maiabend ins Theater. Auf dem Zettel stand, in</Unicode>
                </TextEquiv>
            </TextLine>
            <TextLine id="r3l13" custom="readingOrder {index:12;}">
                <Coords points="1998,1014 3165,963 3163,916 1995,962"/>
                <Baseline points="2005,999 2062,999 2120,998 2177,997 2235,995 2293,993 2350,990 2408,988 2465,985 2523,982 2581,979 2638,975 2696,973 2753,969 2811,966 2869,962 2926,959 2984,956 3041,953 3099,950 3157,947"/>
                <TextEquiv>
                    <Unicode>Sperrdruck, „Schnitzlerfeier“ und daneben — unklar,</Unicode>
                </TextEquiv>
            </TextLine>
            <TextLine id="r3l14" custom="readingOrder {index:13;}">
                <Coords points="1996,1050 3096,1015 3209,998 3207,937 2802,990 2600,962 2549,1003 1994,1010"/>
                <Baseline points="2003,1043 2066,1041 2129,1038 2192,1035 2255,1033 2318,1031 2381,1028 2444,1026 2507,1024 2570,1022 2634,1020 2697,1017 2760,1015 2823,1012 2886,1009 2949,1006 3012,1002 3075,998 3138,994 3202,989"/>
                <TextEquiv>
                    <Unicode>abaus Vorsicht — „Einmalige Wiederholung".</Unicode>
                </TextEquiv>
            </TextLine>
            <TextLine id="r3l15" custom="readingOrder {index:14;}">
                <Coords points="1998,1104 3161,1057 3168,997 1996,1050"/>
                <Baseline points="2005,1090 2062,1088 2120,1086 2178,1084 2236,1082 2294,1080 2352,1078 2409,1076 2467,1074 2525,1072 2583,1070 2641,1068 2699,1065 2757,1063 2814,1061 2872,1058 2930,1056 2988,1053 3046,1049 3104,1046 3162,1042"/>
                <TextEquiv>
                    <Unicode>Direktor Jarno weiß also, was er der Jungwiener</Unicode>
                </TextEquiv>
            </TextLine>
            <TextLine id="r3l16" custom="readingOrder {index:15;}">
                <Coords points="2006,1149 2978,1120 3151,1101 3172,1059 2004,1095"/>
                <Baseline points="2014,1140 2071,1138 2129,1136 2186,1133 2244,1131 2302,1129 2359,1126 2417,1124 2474,1122 2532,1119 2590,1117 2647,1114 2705,1111 2762,1109 2820,1107 2878,1104 2935,1101 2993,1098 3050,1096 3108,1093 3166,1090"/>
                <TextEquiv>
                    <Unicode>Literatur, zumal wenn sie das erste halbe Jahrhundert</Unicode>
                </TextEquiv>
            </TextLine>
            <TextLine id="r3l17" custom="readingOrder {index:16;}">
                <Coords points="2010,1197 3043,1166 3178,1119 2008,1157"/>
                <Baseline points="2017,1186 2074,1183 2132,1181 2190,1179 2247,1177 2305,1175 2363,1173 2420,1171 2478,1170 2536,1168 2594,1166 2651,1164 2709,1162 2767,1160 2824,1157 2882,1155 2940,1152 2997,1149 3055,1146 3113,1143 3171,1139"/>
                <TextEquiv>
                    <Unicode>ihrer Unsterblichkeit hinter sich gebracht hat, schuldig</Unicode>
                </TextEquiv>
            </TextLine>
            <TextLine id="r3l18" custom="readingOrder {index:17;}">
                <Coords points="2742,1215 2767,1199 2792,1217 2924,1214 3022,1188 3160,1213 3195,1199 3192,1142 3137,1159 3093,1148 3053,1166 2852,1161 2822,1187 2739,1166"/>
                <Baseline points="2749,1205 2774,1207 2800,1207 2826,1207 2852,1206 2877,1204 2903,1203 2929,1201 2955,1199 2980,1197 3006,1194 3032,1192 3058,1191 3083,1189 3109,1188 3135,1187 3161,1187 3187,1188"/>
                <TextEquiv>
                    <Unicode>s offenbar nicht</Unicode>
                </TextEquiv>
            </TextLine>
            <TextLine id="r3l19" custom="readingOrder {index:18;}">
                <Coords points="2014,1234 2072,1247 2127,1208 2220,1241 2515,1215 2598,1231 2660,1211 2659,1178 2597,1166 2495,1203 2416,1175 2264,1199 2013,1197"/>
                <Baseline points="2022,1236 2053,1234 2085,1231 2116,1228 2148,1226 2179,1224 2211,1223 2242,1223 2274,1222 2305,1221 2337,1221 2369,1220 2400,1220 2432,1219 2463,1219 2495,1218 2526,1217 2558,1216 2589,1214 2621,1212 2653,1209"/>
                <TextEquiv>
                    <Unicode>ist. Das Publikum wußte</Unicode>
                </TextEquiv>
            </TextLine>
            <TextLine id="r3l20" custom="readingOrder {index:19;}">
                <Coords points="2014,1307 3185,1231 3020,1191 2011,1234"/>
                <Baseline points="2021,1283 2078,1280 2136,1278 2194,1275 2252,1272 2310,1271 2367,1268 2425,1267 2483,1265 2541,1264 2599,1261 2656,1260 2714,1258 2772,1256 2830,1253 2888,1250 2945,1248 3003,1244 3061,1240 3119,1236 3177,1231"/>
                <TextEquiv>
                    <Unicode>und hielt mit dem Beifall auffallend zurück. Ueber die</Unicode>
                </TextEquiv>
            </TextLine>
            <TextLine id="r3l21" custom="readingOrder {index:20;}">
                <Coords points="2015,1340 3118,1298 3182,1282 3180,1234 2014,1308"/>
                <Baseline points="2023,1334 2080,1330 2138,1327 2195,1325 2253,1322 2311,1320 2368,1318 2426,1317 2483,1315 2541,1313 2599,1312 2656,1310 2714,1308 2771,1306 2829,1303 2887,1301 2944,1297 3002,1294 3059,1289 3117,1284 3175,1278"/>
                <TextEquiv>
                    <Unicode>Darstellung wäre zu sagen, daß Frau Niese den Er¬</Unicode>
                </TextEquiv>
            </TextLine>
            <TextLine id="r3l22" custom="readingOrder {index:21;}">
                <Coords points="2010,1396 3197,1354 3194,1271 3042,1315 2008,1351"/>
                <Baseline points="2016,1383 2074,1380 2133,1378 2191,1376 2250,1373 2309,1371 2367,1369 2426,1366 2484,1364 2543,1361 2602,1359 2660,1357 2719,1354 2777,1352 2836,1349 2895,1347 2953,1344 3012,1343 3070,1340 3129,1338 3188,1336"/>
                <TextEquiv>
                    <Unicode>wartungen, die man in ihr tragisch angehauchtes süßes</Unicode>
                </TextEquiv>
            </TextLine>
            <TextLine id="r3l23" custom="readingOrder {index:22;}">
                <Coords points="2021,1444 3179,1382 3170,1343 2019,1401"/>
                <Baseline points="2028,1435 2085,1431 2142,1427 2199,1425 2256,1422 2314,1419 2371,1417 2428,1415 2485,1413 2542,1411 2600,1408 2657,1406 2714,1405 2771,1403 2828,1400 2886,1398 2943,1395 3000,1393 3057,1390 3114,1387 3172,1384"/>
                <TextEquiv>
                    <Unicode>Wiener Mädel setzen mochte, vielleicht nicht ganz ent¬</Unicode>
                </TextEquiv>
            </TextLine>
            <TextLine id="r3l24" custom="readingOrder {index:23;}">
                <Coords points="2021,1492 3012,1464 3185,1431 3183,1380 2019,1444"/>
                <Baseline points="2029,1485 2086,1480 2143,1476 2201,1473 2258,1470 2316,1467 2373,1465 2430,1462 2488,1460 2545,1458 2603,1457 2660,1455 2717,1453 2775,1451 2832,1449 2890,1446 2947,1443 3004,1440 3062,1437 3119,1433 3177,1428"/>
                <TextEquiv>
                    <Unicode>sprach. Herr Maran, nachgerade etwas stereotyp, gab</Unicode>
                </TextEquiv>
            </TextLine>
            <TextLine id="r3l25" custom="readingOrder {index:24;}">
                <Coords points="2015,1532 2774,1523 3202,1471 3131,1438 2013,1492"/>
                <Baseline points="2023,1528 2081,1526 2140,1523 2198,1520 2257,1519 2316,1516 2374,1514 2433,1512 2491,1510 2550,1508 2609,1506 2667,1504 2726,1502 2784,1499 2843,1497 2902,1494 2960,1492 3019,1488 3077,1485 3136,1481 3195,1477"/>
                <TextEquiv>
                    <Unicode>den Professor Losatti. Sonst standen noch die Damen</Unicode>
                </TextEquiv>
            </TextLine>
            <TextLine id="r3l26" custom="readingOrder {index:25;}">
                <Coords points="2024,1579 3192,1551 3209,1482 2022,1534"/>
                <Baseline points="2031,1577 2089,1576 2148,1574 2206,1572 2265,1570 2324,1567 2382,1565 2441,1562 2499,1559 2558,1556 2617,1554 2675,1550 2734,1548 2792,1545 2851,1543 2910,1541 2968,1538 3027,1537 3085,1535 3144,1534 3203,1533"/>
                <TextEquiv>
                    <Unicode>Emmy Schleinitz und Joseffy, die Herren Mayvelt,</Unicode>
                </TextEquiv>
            </TextLine>
            <TextLine id="r3l27" custom="readingOrder {index:26;}">
                <Coords points="2018,1624 3146,1592 3210,1545 2016,1591"/>
                <Baseline points="2025,1627 2083,1624 2142,1622 2201,1620 2260,1617 2319,1614 2378,1612 2437,1610 2496,1607 2555,1605 2614,1603 2672,1600 2731,1597 2790,1595 2849,1592 2908,1589 2967,1587 3026,1584 3085,1581 3144,1578 3203,1574"/>
                <TextEquiv>
                    <Unicode>Lessen und Mayerhofer auf dem Zettel. Sie werden</Unicode>
                </TextEquiv>
            </TextLine>
            <TextLine id="r3l28" custom="readingOrder {index:27;}">
                <Coords points="2036,1684 3080,1645 3210,1629 3209,1584 2034,1638"/>
                <Baseline points="2043,1674 2101,1671 2159,1669 2217,1666 2275,1664 2333,1661 2391,1659 2449,1657 2507,1655 2565,1654 2623,1652 2681,1650 2739,1648 2797,1645 2855,1643 2913,1641 2971,1638 3029,1635 3087,1632 3145,1628 3203,1624"/>
                <TextEquiv>
                    <Unicode>also vermutlich das ihrige zu dieser aus Reporter¬</Unicode>
                </TextEquiv>
            </TextLine>
            <TextLine id="r3l29" custom="readingOrder {index:28;}">
                <Coords points="2036,1732 3184,1699 3201,1626 2034,1686"/>
                <Baseline points="2043,1724 2100,1722 2158,1718 2215,1715 2273,1713 2331,1711 2388,1707 2446,1705 2503,1703 2561,1701 2619,1698 2676,1697 2734,1694 2791,1691 2849,1690 2907,1688 2964,1685 3022,1683 3079,1681 3137,1678 3195,1676"/>
                <TextEquiv>
                    <Unicode>findigkeit, Geschäftspietät und Hundstagsverlegenheiten</Unicode>
                </TextEquiv>
            </TextLine>
            <TextLine id="r3l30" custom="readingOrder {index:29;}">
                <Coords points="2026,1798 3211,1721 3103,1682 2024,1727"/>
                <Baseline points="2033,1774 2091,1770 2150,1766 2208,1763 2267,1760 2325,1758 2384,1756 2442,1754 2501,1752 2559,1751 2618,1749 2676,1747 2735,1746 2793,1744 2852,1742 2910,1740 2969,1738 3027,1735 3086,1732 3144,1729 3203,1725"/>
                <TextEquiv>
                    <Unicode>zusammengekleisterten Schnitzlerfeier beigetragen haben.</Unicode>
                </TextEquiv>
            </TextLine>
            <TextLine id="r3l31" custom="readingOrder {index:30;}">
                <Coords points="2110,1832 3195,1778 3193,1736 3139,1732 2108,1778"/>
                <Baseline points="2117,1815 2170,1813 2224,1810 2277,1808 2331,1807 2384,1805 2438,1802 2491,1800 2545,1799 2598,1797 2652,1795 2705,1793 2759,1791 2812,1789 2866,1788 2919,1785 2973,1783 3026,1780 3080,1777 3133,1775 3187,1772"/>
                <TextEquiv>
                    <Unicode>Im übrigen bitten wir Herrn Brahm im Strauß¬</Unicode>
                </TextEquiv>
            </TextLine>
            <TextLine id="r3l32" custom="readingOrder {index:31;}">
                <Coords points="2033,1886 2927,1829 3041,1853 3205,1811 3195,1766 2811,1817 2032,1834"/>
                <Baseline points="2040,1868 2097,1866 2155,1863 2213,1862 2271,1859 2329,1858 2387,1856 2444,1854 2502,1852 2560,1850 2618,1848 2676,1846 2734,1844 2792,1842 2849,1840 2907,1837 2965,1835 3023,1832 3081,1829 3139,1826 3197,1822"/>
                <TextEquiv>
                    <Unicode>theater jedes unbeschaffene Wort ab, das wir je über</Unicode>
                </TextEquiv>
            </TextLine>
            <TextLine id="r3l33" custom="readingOrder {index:32;}">
                <Coords points="2032,1934 3219,1875 3184,1823 2031,1894"/>
                <Baseline points="2040,1920 2098,1917 2157,1914 2215,1913 2274,1910 2332,1908 2391,1906 2449,1904 2508,1902 2566,1900 2625,1898 2684,1895 2742,1893 2801,1891 2859,1888 2918,1885 2976,1883 3035,1880 3093,1876 3152,1872 3211,1869"/>
                <TextEquiv>
                    <Unicode>den Letzten seiner Lessingtheaterleute verloren haben</Unicode>
                </TextEquiv>
            </TextLine>
            <TextLine id="r3l34" custom="readingOrder {index:33;}">
                <Coords points="3000,1961 3023,1956 3031,1964 3046,1955 3055,1961 3071,1955 3087,1967 3110,1950 3126,1961 3170,1966 3202,1953 3199,1890 3184,1898 3155,1892 3141,1902 3119,1888 3067,1896 3040,1883 3013,1900 2996,1901"/>
                <Baseline points="3006,1940 3032,1938 3059,1935 3086,1932 3113,1930 3140,1929 3167,1930 3194,1932"/>
                <TextEquiv>
                    <Unicode>kmn.</Unicode>
                </TextEquiv>
            </TextLine>
            <TextLine id="r3l35" custom="readingOrder {index:34;}">
                <Coords points="2041,1996 2112,1995 2125,1987 2166,1989 2173,1983 2199,1993 2219,1986 2218,1940 2203,1942 2174,1926 2153,1929 2138,1918 2122,1926 2113,1917 2102,1917 2086,1928 2065,1921 2039,1927"/>
                <Baseline points="2048,1966 2075,1963 2102,1962 2129,1961 2156,1961 2183,1960 2211,1961"/>
                <TextEquiv>
                    <Unicode>sollten.</Unicode>
                </TextEquiv>
            </TextLine>
            <TextLine id="r3l36" custom="readingOrder {index:35;}">
                <Coords points="2265,2302 2314,2320 2414,2316 2435,2335 2514,2329 2621,2351 2662,2337 2694,2351 2711,2349 2716,2292 2518,2248 2355,2245 2335,2259 2269,2247"/>
                <Baseline points="2272,2299 2297,2301 2322,2302 2348,2305 2373,2306 2399,2309 2424,2311 2449,2314 2475,2315 2500,2318 2526,2320 2551,2322 2576,2324 2602,2327 2627,2329 2653,2331 2678,2332 2704,2334"/>
                <TextEquiv>
                    <Unicode>(Seallennngabe dins Weblngen</Unicode>
                </TextEquiv>
            </TextLine>
            <TextLine id="r3l37" custom="readingOrder {index:36;}">
                <Coords points="1923,2360 2823,2439 2848,2378 2664,2339 2389,2340 2343,2313 2293,2344 1928,2300"/>
                <Baseline points="1932,2346 1977,2349 2022,2351 2067,2355 2112,2358 2158,2361 2203,2365 2248,2368 2293,2372 2338,2376 2384,2381 2429,2385 2474,2388 2519,2393 2564,2397 2610,2402 2655,2405 2700,2410 2745,2413 2790,2417 2836,2421"/>
                <TextEquiv>
                    <Unicode>Auschalt aus: Neus Wienr Iagliut, Wieg.</Unicode>
                </TextEquiv>
            </TextLine>
            <TextLine id="r3l38" custom="readingOrder {index:37;}">
                <Coords points="1912,2440 1923,2445 1931,2442 1955,2460 2064,2466 2069,2420 2057,2422 2036,2405 2020,2411 1998,2405 1986,2409 1971,2398 1949,2408 1915,2406"/>
                <Baseline points="1919,2448 1946,2448 1974,2450 2001,2454 2029,2457 2057,2460"/>
                <TextEquiv>
                    <Unicode>vom:</Unicode>
                </TextEquiv>
            </TextLine>
            <TextLine id="r3l39" custom="readingOrder {index:38;}">
                <Coords points="2155,2466 2245,2478 2275,2463 2305,2482 2393,2487 2435,2512 2493,2520 2600,2499 2603,2478 2544,2445 2518,2457 2473,2448 2404,2416 2300,2436 2196,2399 2162,2414"/>
                <Baseline points="2164,2455 2189,2458 2214,2461 2239,2463 2264,2467 2289,2471 2315,2476 2340,2479 2365,2484 2390,2488 2415,2492 2440,2495 2466,2498 2491,2501 2516,2503 2541,2504 2566,2504 2592,2503"/>
                <TextEquiv>
                    <Unicode>I8. Mal. 1512</Unicode>
                </TextEquiv>
            </TextLine>
            <TextLine id="r3l40" custom="readingOrder {index:39;}">
                <Coords points="1890,2574 1980,2523 2046,2561 2976,2558 2977,2498 1891,2495"/>
                <Baseline points="1898,2543 1951,2542 2005,2541 2058,2541 2112,2541 2165,2541 2219,2542 2272,2542 2326,2543 2379,2544 2433,2546 2486,2547 2540,2548 2593,2549 2647,2550 2700,2550 2754,2551 2807,2551 2861,2551 2914,2550 2968,2549"/>
                <TextEquiv>
                    <Unicode> Im Theaterin der Josefstadt wurde „Das!</Unicode>
                </TextEquiv>
            </TextLine>
            <TextLine id="r3l41" custom="readingOrder {index:40;}">
                <Coords points="1904,2594 2879,2611 2951,2600 2952,2551 1904,2559"/>
                <Baseline points="1911,2585 1962,2585 2014,2586 2065,2586 2117,2587 2169,2588 2220,2589 2272,2590 2323,2591 2375,2592 2427,2592 2478,2593 2530,2594 2581,2595 2633,2596 2685,2597 2736,2597 2788,2598 2839,2598 2891,2598 2943,2598"/>
                <TextEquiv>
                    <Unicode>Vermächtnis“ vor einem dichtgefüllten Hause mit tiefer</Unicode>
                </TextEquiv>
            </TextLine>
            <TextLine id="r3l42" custom="readingOrder {index:41;}">
                <Coords points="1917,2629 2943,2666 2944,2613 2911,2602 1918,2595"/>
                <Baseline points="1925,2630 1975,2631 2026,2632 2076,2633 2127,2634 2177,2635 2228,2636 2278,2637 2329,2638 2379,2638 2430,2639 2481,2640 2531,2641 2582,2642 2632,2643 2683,2644 2733,2645 2784,2646 2834,2647 2885,2648 2936,2649"/>
                <TextEquiv>
                    <Unicode>Wirkung aufgeführt. Das rührende Schauspiel hat seit</Unicode>
                </TextEquiv>
            </TextLine>
            <TextLine id="r3l43" custom="readingOrder {index:42;}">
                <Coords points="1910,2679 2930,2691 2881,2650 1911,2638"/>
                <Baseline points="1918,2675 1968,2676 2018,2678 2068,2680 2119,2681 2169,2681 2219,2683 2269,2683 2320,2684 2370,2685 2420,2686 2470,2686 2521,2687 2571,2687 2621,2688 2671,2688 2722,2689 2772,2689 2822,2689 2872,2689 2923,2690"/>
                <TextEquiv>
                    <Unicode>seiner Erstaufführung im Burgtheater nichts an seiner be¬</Unicode>
                </TextEquiv>
            </TextLine>
            <TextLine id="r3l44" custom="readingOrder {index:43;}">
                <Coords points="1908,2729 2926,2746 2927,2698 2897,2694 1909,2683"/>
                <Baseline points="1916,2722 1966,2722 2016,2723 2066,2723 2116,2724 2166,2725 2216,2726 2267,2728 2317,2729 2367,2730 2417,2731 2467,2732 2517,2733 2567,2734 2618,2735 2668,2735 2718,2736 2768,2736 2818,2736 2868,2735 2919,2734"/>
                <TextEquiv>
                    <Unicode>redten Kunst verloren. Technisch ist es wohl eines der best¬</Unicode>
                </TextEquiv>
            </TextLine>
            <TextLine id="r3l45" custom="readingOrder {index:44;}">
                <Coords points="1920,2786 2937,2787 2925,2739 1920,2735"/>
                <Baseline points="1928,2769 1978,2770 2028,2771 2078,2772 2128,2773 2178,2774 2228,2775 2278,2776 2328,2777 2378,2778 2429,2779 2479,2780 2529,2780 2579,2781 2629,2781 2679,2782 2729,2782 2779,2782 2829,2782 2879,2781 2930,2781"/>
                <TextEquiv>
                    <Unicode>gebauten Stück. Schnitzle## und auch sein Dialog ist frisch</Unicode>
                </TextEquiv>
            </TextLine>
            <TextLine id="r3l46" custom="readingOrder {index:45;}">
                <Coords points="1920,2815 2863,2847 2943,2823 2944,2785 1920,2784"/>
                <Baseline points="1927,2812 1977,2813 2027,2815 2078,2816 2128,2818 2179,2819 2229,2820 2280,2821 2330,2822 2381,2823 2431,2824 2481,2825 2532,2825 2582,2826 2633,2826 2683,2827 2734,2827 2784,2828 2835,2828 2885,2828 2936,2828"/>
                <TextEquiv>
                    <Unicode>und lebendig geblieben. Wiederholt drängte sich das Gefühl</Unicode>
                </TextEquiv>
            </TextLine>
            <TextLine id="r3l47" custom="readingOrder {index:46;}">
                <Coords points="1913,2857 2902,2889 2943,2880 2944,2822 2860,2847 1913,2824"/>
                <Baseline points="1921,2857 1971,2858 2022,2860 2073,2861 2124,2863 2174,2864 2225,2865 2276,2867 2327,2868 2377,2869 2428,2870 2479,2870 2530,2871 2580,2872 2631,2873 2682,2873 2733,2874 2783,2874 2834,2875 2885,2875 2936,2876"/>
                <TextEquiv>
                    <Unicode>auf, als würde das heutige Publikum der satirischen Tendenz</Unicode>
                </TextEquiv>
            </TextLine>
            <TextLine id="r3l48" custom="readingOrder {index:47;}">
                <Coords points="1905,2900 2753,2940 2931,2910 2919,2877 2155,2889 1905,2860"/>
                <Baseline points="1912,2904 1962,2905 2013,2906 2063,2907 2114,2908 2164,2909 2215,2910 2265,2912 2316,2913 2366,2914 2417,2915 2468,2916 2518,2917 2569,2918 2619,2919 2670,2919 2720,2920 2771,2920 2821,2921 2872,2921 2923,2920"/>
                <TextEquiv>
                    <Unicode>des Dichters mit besserem Verständnis und größerer Zu¬</Unicode>
                </TextEquiv>
            </TextLine>
            <TextLine id="r3l49" custom="readingOrder {index:48;}">
                <Coords points="1911,2953 2926,2994 2927,2942 2876,2924 1912,2917"/>
                <Baseline points="1918,2954 1968,2954 2018,2955 2068,2955 2118,2956 2168,2956 2218,2957 2268,2958 2318,2959 2368,2960 2418,2961 2468,2962 2518,2963 2568,2964 2618,2965 2668,2966 2718,2967 2768,2967 2818,2968 2868,2968 2919,2969"/>
                <TextEquiv>
                    <Unicode>stimmung entgegenkommen als vor zwölf Jahren, wo solche</Unicode>
                </TextEquiv>
            </TextLine>
            <TextLine id="r3l50" custom="readingOrder {index:49;}">
                <Coords points="1914,2993 2923,3010 2787,2969 1914,2966"/>
                <Baseline points="1921,2998 1970,2998 2020,2999 2070,3000 2119,3001 2169,3002 2219,3003 2268,3004 2318,3005 2368,3007 2418,3007 2467,3009 2517,3010 2567,3010 2616,3011 2666,3012 2716,3012 2765,3012 2815,3012 2865,3012 2915,3011"/>
                <TextEquiv>
                    <Unicode>Debatten über das Recht auch der illegitimen Frau, wie sie</Unicode>
                </TextEquiv>
            </TextLine>
            <TextLine id="r3l51" custom="readingOrder {index:50;}">
                <Coords points="1905,3060 2934,3075 2906,3022 1906,3012"/>
                <Baseline points="1912,3043 1962,3044 2013,3046 2064,3047 2114,3048 2165,3050 2216,3051 2266,3052 2317,3052 2368,3053 2419,3054 2469,3054 2520,3055 2571,3055 2621,3056 2672,3056 2723,3056 2773,3056 2824,3057 2875,3057 2926,3057"/>
                <TextEquiv>
                    <Unicode>im Stück geführt werden, noch neu waren. Reiches Verdienst</Unicode>
                </TextEquiv>
            </TextLine>
            <TextLine id="r3l52" custom="readingOrder {index:51;}">
                <Coords points="1902,3076 2037,3110 2922,3120 2901,3062 1902,3058"/>
                <Baseline points="1909,3090 1959,3092 2009,3094 2059,3096 2110,3097 2160,3098 2210,3099 2261,3100 2311,3100 2361,3101 2412,3101 2462,3102 2512,3102 2562,3102 2613,3103 2663,3103 2713,3104 2764,3104 2814,3105 2864,3106 2915,3106"/>
                <TextEquiv>
                    <Unicode>um diesen großen Erfolg des „Vermächtnisses“ erwarb sich</Unicode>
                </TextEquiv>
            </TextLine>
            <TextLine id="r3l53" custom="readingOrder {index:52;}">
                <Coords points="1902,3144 2694,3166 2885,3160 2929,3121 1903,3118"/>
                <Baseline points="1910,3135 1960,3137 2011,3139 2061,3141 2112,3142 2162,3143 2213,3145 2263,3146 2314,3146 2364,3147 2415,3148 2466,3148 2516,3149 2567,3149 2617,3150 2668,3151 2718,3151 2769,3152 2819,3152 2870,3153 2921,3154"/>
                <TextEquiv>
                    <Unicode>die Darstellung mit Frau Niese als Toni Weber an der</Unicode>
                </TextEquiv>
            </TextLine>
            <TextLine id="r3l54" custom="readingOrder {index:53;}">
                <Coords points="1904,3182 2929,3207 2921,3151 1905,3144"/>
                <Baseline points="1912,3183 1962,3183 2012,3183 2063,3184 2113,3185 2164,3186 2214,3187 2265,3189 2315,3190 2366,3191 2416,3193 2466,3194 2517,3195 2567,3196 2618,3197 2668,3197 2719,3198 2769,3197 2820,3197 2870,3196 2921,3194"/>
                <TextEquiv>
                    <Unicode>Spitze; ihre elementare Begabung wirkt immer unwider¬</Unicode>
                </TextEquiv>
            </TextLine>
            <TextLine id="r3l55" custom="readingOrder {index:54;}">
                <Coords points="1902,3227 2904,3259 2926,3204 1903,3211"/>
                <Baseline points="1910,3231 1960,3231 2010,3232 2061,3233 2111,3233 2162,3234 2212,3235 2262,3236 2313,3237 2363,3238 2414,3239 2464,3240 2514,3241 2565,3241 2615,3242 2666,3243 2716,3243 2766,3243 2817,3243 2867,3243 2918,3243"/>
                <TextEquiv>
                    <Unicode>stehlich, wenn sie Mutterliebe und Frauenwürde v#rzustellen</Unicode>
                </TextEquiv>
            </TextLine>
            <TextLine id="r3l56" custom="readingOrder {index:55;}">
                <Coords points="1903,3275 2753,3308 2932,3285 2834,3251 1904,3243"/>
                <Baseline points="1910,3278 1960,3278 2011,3278 2062,3278 2112,3279 2163,3280 2214,3281 2264,3282 2315,3284 2366,3285 2417,3286 2467,3287 2518,3288 2569,3289 2619,3290 2670,3290 2721,3291 2771,3290 2822,3290 2873,3288 2924,3287"/>
                <TextEquiv>
                    <Unicode>hat, da wird die Kunst der Niese zur Natur. Herr Maran</Unicode>
                </TextEquiv>
            </TextLine>
            <TextLine id="r3l57" custom="readingOrder {index:56;}">
                <Coords points="1908,3337 2929,3341 2929,3302 2874,3288 1909,3279"/>
                <Baseline points="1916,3323 1966,3324 2016,3324 2066,3324 2117,3325 2167,3326 2217,3327 2267,3328 2318,3329 2368,3330 2418,3331 2468,3332 2519,3333 2569,3334 2619,3334 2669,3335 2720,3335 2770,3335 2820,3335 2870,3334 2921,3333"/>
                <TextEquiv>
                    <Unicode>setzte der Gestalt des Professors Losatti diskret humoristische</Unicode>
                </TextEquiv>
            </TextLine>
            <TextLine id="r3l58" custom="readingOrder {index:57;}">
                <Coords points="1892,3374 2841,3395 2928,3387 2929,3340 1892,3344"/>
                <Baseline points="1900,3370 1951,3370 2002,3371 2053,3372 2104,3373 2155,3374 2206,3375 2257,3376 2308,3377 2359,3378 2410,3378 2461,3379 2512,3380 2563,3380 2614,3381 2665,3382 2716,3382 2767,3382 2818,3383 2869,3383 2921,3383"/>
                <TextEquiv>
                    <Unicode>Lichter auf, wie sie der Dichter fordert, der die innerlich kalte</Unicode>
                </TextEquiv>
            </TextLine>
            <TextLine id="r3l59" custom="readingOrder {index:58;}">
                <Coords points="1908,3413 2925,3438 2903,3387 1909,3377"/>
                <Baseline points="1915,3415 1965,3415 2015,3415 2065,3416 2115,3416 2165,3417 2215,3417 2266,3418 2316,3419 2366,3420 2416,3421 2466,3422 2516,3422 2566,3423 2617,3424 2667,3425 2717,3426 2767,3427 2817,3428 2867,3430 2918,3431"/>
                <TextEquiv>
                    <Unicode>und frivole Seele der Moralisten älteren Schlages in diesem</Unicode>
                </TextEquiv>
            </TextLine>
            <TextLine id="r3l60" custom="readingOrder {index:59;}">
                <Coords points="1899,3468 2456,3462 2602,3496 2889,3485 2926,3439 1900,3428"/>
                <Baseline points="1906,3460 1956,3461 2007,3463 2057,3464 2108,3465 2159,3466 2209,3467 2260,3468 2310,3469 2361,3470 2412,3471 2462,3471 2513,3472 2563,3472 2614,3473 2665,3474 2715,3474 2766,3475 2816,3475 2867,3476 2918,3477"/>
                <TextEquiv>
                    <Unicode>Phrasenmacher geißeln wollte. Herr Lessen zeichnete</Unicode>
                </TextEquiv>
            </TextLine>
            <TextLine id="r3l61" custom="readingOrder {index:60;}">
                <Coords points="1907,3515 2915,3532 2910,3479 1908,3473"/>
                <Baseline points="1915,3508 1964,3508 2014,3508 2063,3509 2113,3510 2163,3510 2212,3511 2262,3512 2311,3513 2361,3514 2411,3515 2460,3516 2510,3517 2559,3518 2609,3520 2659,3521 2708,3521 2758,3522 2807,3523 2857,3524 2907,3524"/>
                <TextEquiv>
                    <Unicode>scharf und mit künstlerischer Steigerung den Streber Doktor</Unicode>
                </TextEquiv>
            </TextLine>
            <TextLine id="r3l62" custom="readingOrder {index:61;}">
                <Coords points="1899,3560 2920,3578 2912,3528 1900,3528"/>
                <Baseline points="1907,3554 1957,3554 2007,3554 2057,3555 2108,3556 2158,3557 2208,3558 2259,3559 2309,3561 2359,3562 2410,3563 2460,3564 2510,3565 2560,3566 2611,3567 2661,3568 2711,3569 2762,3570 2812,3570 2862,3570 2913,3570"/>
                <TextEquiv>
                    <Unicode>Schmidt, der mit dem Neid des Plebejers die verlassene</Unicode>
                </TextEquiv>
            </TextLine>
            <TextLine id="r3l63" custom="readingOrder {index:62;}">
                <Coords points="1905,3598 2808,3630 2925,3619 2926,3586 1906,3562"/>
                <Baseline points="1912,3599 1962,3600 2012,3600 2062,3601 2113,3602 2163,3603 2213,3604 2264,3605 2314,3607 2364,3608 2415,3609 2465,3611 2515,3612 2565,3613 2616,3614 2666,3615 2716,3616 2767,3617 2817,3618 2867,3619 2918,3619"/>
                <TextEquiv>
                    <Unicode>Toni Weber aus der reichen Familie hinausdrängt, in die</Unicode>
                </TextEquiv>
            </TextLine>
            <TextLine id="r3l64" custom="readingOrder {index:63;}">
                <Coords points="1893,3639 2922,3673 2869,3618 1894,3612"/>
                <Baseline points="1900,3647 1950,3646 2001,3647 2052,3647 2103,3648 2153,3648 2204,3649 2255,3651 2306,3652 2356,3653 2407,3654 2458,3656 2509,3657 2559,3659 2610,3660 2661,3661 2712,3662 2762,3663 2813,3663 2864,3664 2915,3664"/>
                <TextEquiv>
                    <Unicode>er selbst sich eindrängt. Warm und beredt spielten auch die</Unicode>
                </TextEquiv>
            </TextLine>
            <TextLine id="r3l65" custom="readingOrder {index:64;}">
                <Coords points="1902,3694 2916,3712 2899,3675 2761,3663 1903,3661"/>
                <Baseline points="1910,3690 1959,3691 2009,3691 2059,3692 2109,3693 2159,3694 2209,3695 2259,3697 2309,3698 2359,3699 2409,3701 2458,3702 2508,3703 2558,3704 2608,3705 2658,3706 2708,3708 2758,3708 2808,3709 2858,3709 2908,3709"/>
                <TextEquiv>
                    <Unicode>Damen Joseffy, Schleinitz und Kowacs, Fräulein</Unicode>
                </TextEquiv>
            </TextLine>
            <TextLine id="r3l66" custom="readingOrder {index:65;}">
                <Coords points="1890,3727 2011,3758 2922,3761 2859,3715 1891,3707"/>
                <Baseline points="1898,3733 1948,3734 1999,3736 2050,3737 2101,3738 2152,3739 2202,3741 2253,3743 2304,3744 2355,3745 2406,3747 2456,3748 2507,3749 2558,3750 2609,3752 2660,3752 2710,3753 2761,3754 2812,3754 2863,3754 2914,3754"/>
                <TextEquiv>
                    <Unicode>Kaiser gab die Agnes, das Mädchen aus guter Familie,</Unicode>
                </TextEquiv>
            </TextLine>
            <TextLine id="r3l67" custom="readingOrder {index:66;}">
                <Coords points="1902,3773 2144,3806 2908,3804 2876,3761 1902,3746"/>
                <Baseline points="1909,3781 1958,3781 2008,3782 2057,3783 2107,3785 2156,3786 2206,3788 2255,3791 2305,3792 2354,3794 2404,3796 2454,3797 2503,3799 2553,3800 2602,3801 2652,3801 2701,3801 2751,3801 2800,3800 2850,3799 2900,3796"/>
                <TextEquiv>
                    <Unicode>echt und frisch. Herr Olmühl war in der Sterbeszene</Unicode>
                </TextEquiv>
            </TextLine>
            <TextLine id="r3l68" custom="readingOrder {index:67;}">
                <Coords points="1896,3820 2926,3862 2927,3815 2875,3800 1897,3796"/>
                <Baseline points="1903,3827 1953,3828 2004,3828 2055,3829 2106,3831 2156,3832 2207,3833 2258,3835 2309,3836 2359,3838 2410,3840 2461,3842 2512,3844 2562,3845 2613,3847 2664,3849 2715,3850 2765,3852 2816,3853 2867,3854 2918,3854"/>
                <TextEquiv>
                    <Unicode>des Huge wirksatz ohne Naturalismus, und auch der Mzt,</Unicode>
                </TextEquiv>
            </TextLine>
            <TextLine id="r3l69" custom="readingOrder {index:68;}">
                <Coords points="1878,3912 1964,3877 2452,3917 2893,3894 2810,3842 2756,3880 2672,3850 1880,3842"/>
                <Baseline points="1886,3874 1938,3876 1991,3879 2043,3881 2096,3882 2148,3884 2201,3886 2254,3888 2306,3889 2359,3890 2411,3892 2464,3893 2516,3894 2569,3895 2622,3896 2674,3897 2727,3898 2779,3899 2832,3900 2885,3901"/>
                <TextEquiv>
                    <Unicode>„müllegs soll nicht unerwähnt bleiben. 22.</Unicode>
                </TextEquiv>
            </TextLine>
            <TextLine id="r3l70" custom="readingOrder {index:69;}">
                <Coords points="1942,3934 2029,3927 2056,3942 2084,3934 2104,3946 2117,3935 2147,3945 2191,3929 2191,3890 2175,3880 2144,3886 2131,3879 2117,3889 2098,3878 2074,3901 2044,3881 2030,3893 1991,3893 1975,3879 1942,3883"/>
                <Baseline points="1949,3915 1975,3916 2001,3917 2027,3918 2053,3919 2079,3920 2105,3920 2131,3919 2157,3917 2183,3915"/>
                <TextEquiv>
                    <Unicode>A HA</Unicode>
                </TextEquiv>
            </TextLine>
            <TextEquiv>
                <Unicode>EKHSPOST, WEN
vom: T6H917212
Josefstädter Theater. Zum fünfzigstin Ge¬
burtstage des Dichters: „Das Vermächtnis“, Schau¬
spiel in drei Akten von Artur Schnitzler. In der
Josefstadt schob man heute, zwischen den Ensuite¬
Aufführungen des „Gutsitzenden Frack“, eine Neuein=
studierung des offenbar nicht ganz so gut sitzenden
Schnitzlerschen „Vermächtnisses“ ein, kommandierte Frau
Niese für einen Abend von der „Marine=Gustl“ ab
und lud die Leute von der Presse an dem tropischen
Maiabend ins Theater. Auf dem Zettel stand, in
Sperrdruck, „Schnitzlerfeier“ und daneben — unklar,
abaus Vorsicht — „Einmalige Wiederholung".
Direktor Jarno weiß also, was er der Jungwiener
Literatur, zumal wenn sie das erste halbe Jahrhundert
ihrer Unsterblichkeit hinter sich gebracht hat, schuldig
s offenbar nicht
ist. Das Publikum wußte
und hielt mit dem Beifall auffallend zurück. Ueber die
Darstellung wäre zu sagen, daß Frau Niese den Er¬
wartungen, die man in ihr tragisch angehauchtes süßes
Wiener Mädel setzen mochte, vielleicht nicht ganz ent¬
sprach. Herr Maran, nachgerade etwas stereotyp, gab
den Professor Losatti. Sonst standen noch die Damen
Emmy Schleinitz und Joseffy, die Herren Mayvelt,
Lessen und Mayerhofer auf dem Zettel. Sie werden
also vermutlich das ihrige zu dieser aus Reporter¬
findigkeit, Geschäftspietät und Hundstagsverlegenheiten
zusammengekleisterten Schnitzlerfeier beigetragen haben.
Im übrigen bitten wir Herrn Brahm im Strauß¬
theater jedes unbeschaffene Wort ab, das wir je über
den Letzten seiner Lessingtheaterleute verloren haben
kmn.
sollten.
(Seallennngabe dins Weblngen
Auschalt aus: Neus Wienr Iagliut, Wieg.
vom:
I8. Mal. 1512
 Im Theaterin der Josefstadt wurde „Das!
Vermächtnis“ vor einem dichtgefüllten Hause mit tiefer
Wirkung aufgeführt. Das rührende Schauspiel hat seit
seiner Erstaufführung im Burgtheater nichts an seiner be¬
redten Kunst verloren. Technisch ist es wohl eines der best¬
gebauten Stück. Schnitzle## und auch sein Dialog ist frisch
und lebendig geblieben. Wiederholt drängte sich das Gefühl
auf, als würde das heutige Publikum der satirischen Tendenz
des Dichters mit besserem Verständnis und größerer Zu¬
stimmung entgegenkommen als vor zwölf Jahren, wo solche
Debatten über das Recht auch der illegitimen Frau, wie sie
im Stück geführt werden, noch neu waren. Reiches Verdienst
um diesen großen Erfolg des „Vermächtnisses“ erwarb sich
die Darstellung mit Frau Niese als Toni Weber an der
Spitze; ihre elementare Begabung wirkt immer unwider¬
stehlich, wenn sie Mutterliebe und Frauenwürde v#rzustellen
hat, da wird die Kunst der Niese zur Natur. Herr Maran
setzte der Gestalt des Professors Losatti diskret humoristische
Lichter auf, wie sie der Dichter fordert, der die innerlich kalte
und frivole Seele der Moralisten älteren Schlages in diesem
Phrasenmacher geißeln wollte. Herr Lessen zeichnete
scharf und mit künstlerischer Steigerung den Streber Doktor
Schmidt, der mit dem Neid des Plebejers die verlassene
Toni Weber aus der reichen Familie hinausdrängt, in die
er selbst sich eindrängt. Warm und beredt spielten auch die
Damen Joseffy, Schleinitz und Kowacs, Fräulein
Kaiser gab die Agnes, das Mädchen aus guter Familie,
echt und frisch. Herr Olmühl war in der Sterbeszene
des Huge wirksatz ohne Naturalismus, und auch der Mzt,
„müllegs soll nicht unerwähnt bleiben. 22.
A HA</Unicode>
            </TextEquiv>
        </TextRegion>
    </Page>
</PcGts>
