3392 4384
173 211 1835 299 10. Das Vernaechtnis box 16/5
880 1136 1786 1233 B-r. Wiener Theater. Es bleibt bezeichnend für
890 1203 1777 1276 e lebhafte, geschäftige Stagnation, die man
839 1249 1799 1321 „Wiener Theaterleben nennt, daß die letzten Wo¬
835 1437 1771 1486 chen keine einzige Ur=Aufführung eines erwähn¬
1778 1438 2738 1494 tadelnd gesagt sein soll, ein Genie der Assimilation.
831 1479 1777 1515 nenswerten Stückes gebracht haben. Von den bei¬
1787 1480 2726 1517 Es fällt ihm nichts ein — aber der Einfall der
831 1508 1775 1566 den Bühnen, die Joseph Jarno leitet, hat die
1789 1511 2729 1568 anderen wird zu seinem, verwandelt sich, wird keck,
832 1555 956 1603 eine
1258 1551 1779 1610 WVermächtnis“ vom
1781 1557 2731 1608 pointiert, kühl intellektuell sozusagen, — wird
826 1573 1774 1640 Burgtheater überndmmten, und die ergreifende,
1783 1596 2730 1652 Oskar Straus. Er hat in Shaws Groteske die
836 1633 1770 1693 melancholische Dichtung wieder zu einem schönen
1781 1631 2735 1699 richtige Ergänzung seines Wesens gesunden, und
831 1673 1770 1724 Erfolg gebracht. Die andere Bühne hat sich an
1780 1670 2730 1728 man darf ruhig anerkennen daß die Librettisten
821 1714 1769 1753 Rößlers Drama „Der reiche Jüngling“
1784 1701 2735 1751 ein lustiges, gar nicht süßliches und aufgepickt
826 1748 1774 1803 mit einer eben noch kaum genügenden Darstellung
1777 1749 2738 1808 wienerisches burleskes Spiel geschrieben haben, das
832 1792 1771 1843 versucht. Es ist ein respektables Eklektiker=Stück,
1776 1793 2730 1840 den Einlagen=Unfug nach Kräften mildert und vom
832 1820 1777 1876 das nach Anfängerart zu viel will und daher
1783 1830 2722 1880 Genre der Operette nur die umumgänglichsten Ge¬
831 1865 1781 1916 nichts ganz erreicht. Ein Christus=Drama, und
1788 1867 2711 1923 schmacklosigkeiten ausborgt. „Der tapfere Soldot“
828 1912 1767 1961 es läßt sich über den Geschmack streiten, der reli¬
1792 1911 2727 1960 ist der erste, ganz gelungene Versuch zur Ver¬
825 1946 1775 1997 giöse Schauer in theatralische Wirkungen umwech¬
1789 1958 2723 2006 edlung der Operette, und deshalb bedeutet sein
828 1988 1780 2039 selt. Freilich, wenn einer uns zwingen kann,
1788 1970 2758 2056 starker Erfolg vielleicht eine erfreuliche Wendung
830 2025 2219 2091 das zu vergessen, ist ihm auch dies erlaubt. Bei im modernen Theater.
830 2061 1778 2111 Rößler bemerkt man es. Trotzdem ist er begabt,
819 2101 1781 2144 aber nicht ungewöhnlich. Weltanschauungen,
821 2132 1790 2192 Rassenkontrafte, werdendes Christentum, die
825 2176 1785 2233 billige Großartigkeit solchen „Milieus“ täuscht
829 2211 1779 2268 leicht über den wahren Wert eines Künstlers. Es
816 2250 1782 2324 empfiehlt sich das Urteil über Rößler noch zu ver¬
819 2297 973 2359 tagen.
856 2320 1779 2394 Je stiller es im Schauspiel zugeht, desto beweg¬
827 2377 1772 2427 ter tummelt sich die Operette. Im Johann¬
823 2426 1783 2468 Strauß=Theater hat sich ein neuer Mann
823 2460 1779 2512 vorgestellt: Bruno Grasnichstädten. Sein
828 2492 1786 2542 Erstling heißt: „Buboder Mädel?“ und den
824 2527 1778 2582 Text haben ihm Felix Dörmann, Dichter a. D.,
821 2568 1777 2630 und Adolf Altmann geliefert. Er ist von einer
821 2618 1790 2664 bei Operetten kaum mehr bemerkenswerten Un¬
825 2653 1779 2710 appetitlichkeit, Pornographie um ihrer selbst
827 2688 1779 2728 willen. Ein Akt lebt von den in die Höhe gezoge¬
827 2724 1781 2773 nen Röcken der komischen Alten. Bewunderungs¬
827 2771 1781 2822 würdig, daß unseren schaffenden Librettisten doch
823 2797 1779 2855 immer wieder solche Einfälle gelingen! Granich¬
831 2841 1778 2886 städtens Musik ist talentiert, hat aber einen unan¬
826 2879 1774 2928 genehmen Hang zur Prahlerei; will immer mehr
828 2926 1781 2964 scheinen, als sie ist. Er liebt großsprecherische Ein¬
821 2958 1777 3006 leitungen, und präsentiert das Geschenk kleiner
822 3002 1787 3055 Melodien=Einfälle auf riesigen Opern=Schüsseln.
820 3039 1778 3093 Eine besondere, persönliche Färbung ist an seinen
826 3066 1784 3146 Weisen nicht zu erkennen. Eine Geschicklichkeit
814 3106 1590 3176 mehr — das ist die Bilanz des Abends.
861 3135 1781 3208 Umso angenehmer hat die neue Operette „Der
829 3193 1774 3250 tapfere Soldat“ von Oskar Straus überrascht,
820 3234 1604 3278 deren Buch — nach Shaws „Helden“
1656 3240 1772 3285 von
823 3262 1781 3316 Leopold Jakobson und Rudolf Bernauer:
816 3312 1774 3356 verfaßt wurde. Die falsche Sentimentalität des
822 3349 1772 3400 „Walzertraum“ und seine spekulative Sinnlichkeit
821 3386 1779 3445 ist in ihm einer parodistischen, frischen, geistreichen
823 3423 1777 3497 Musik gewichen. Gewiß läßt sie sich überall an¬
826 3474 1764 3525 regen sselbst von Gluck!) und man wird kaum einen
829 3505 1777 3560 bekannten Komponisten finden, der nicht einen
827 3541 1773 3600 Einfall der Partitur für sich in Anspruch nehmen
824 3581 1806 3648 dürfte. Allein Straus ist, was durchaus nicht
