3436 4256
1293 172 1861 280 box 16/2
189 187 1262 291 10. Das Vernaechtnis
845 1177 3185 1254 These. Und um diese These durchführen zu können, muß jenen Schichten sein muß, sieht es an dieser einen That¬
177 1175 591 1296 illeton.
846 1222 2007 1297 er sorgfältig Alles entfernen, was den Beweis dieser
2006 1237 3181 1300 sache besser, als aus dem ganzen ihr angehängten Stücke.
839 1269 2011 1340 seiner These giltig machen könnte. Er arbeitet mit
2010 1282 3185 1352 Es ist wieder einmal das süße Mädel, das den kurzen
847 1328 2000 1395 Zufälligkeiten von Anbeginn ab. Er häuft das Traurige.
2001 1329 3192 1418 Traum von einem Liebesglück durch die trostlosen
161 1321 514 1426 theater.
837 1355 1998 1446 Weil aber dies Traurige nicht als ein Nothwendiges
1995 1381 3182 1459 Verhältnisse bei sich zu Hause mit seinem Leben bezahlt.
162 1403 841 1477 Das Vermächtnieß“. Schauspiel
843 1423 2000 1498 empfunden wird, so verfehlt es seine Wirkung. Lessingisch
1999 1432 3186 1510 Aber Christine stirbt dem Geliebten weg; stirbt ihm, in
159 1452 835 1542 heater zum ersten Male aufgeführt
833 1475 1998 1534 gesprochen: er vergnügt den Verstand und nicht das
2006 1481 3189 1547 ihren Gefühlen als Weib tödtlich getroffen, weg, denn
164 1494 495 1570 November 1898.]
839 1522 2004 1588 Herz. Und so gings denn hier, wie in Berlin. Denn
2001 1527 3180 1604 nicht einmal an seinem Grabe durfte sie stehen, und dem
171 1547 828 1625 daß sich Hugo Losatti, Dr. jur.,
839 1570 2007 1653 Schnitzler als Mensch wie als Dichter hat Freunde,
1998 1571 3177 1647 sie Alles gegeben, weil er ihr Alles war, dem war sie
161 1596 840 1679 n Prater eine innere tödtliche
836 1623 2008 1703 nichts als Freunde: Den ersten Abend machten sie einen
1999 1626 3178 1700 gar nichts. Aber Toni? Was sind ihr die Lossati's?
167 1659 838 1727 ist sehr traurig, daß er in ster¬
834 1665 2006 1738 tosenden Beifall. Den zweiten Abend, an dem ich erst
2001 1675 3181 1749 Nich, wie sie ihnen nichts war. Und den Geliebten
160 1711 832 1775 insch äußerte, seine Angehörigen
832 1708 2004 1803 der Vorstellung anwohnen wollte, war der Besuch schwach
1999 1729 3182 1800 überleben mußte sie — da war das Kind; aber das hat
158 1753 837 1821 oni Weber und sein Kind, seinen
835 1769 1896 1840 und es regte sich kaum eine Hand mehr im Hause.
2001 1775 3188 1846 sie auch nicht mehr. Wozu also der Selbstmord, wenn
156 1804 832 1881 er Schwester Franziska taufen
925 1809 2000 1879 Es ist das Werk eines sehr geschickten Technikers
1996 1816 3172 1886 nicht um Gelegenheit zu einem wirksamen Actschluß und
159 1852 830 1916 statt wie es Einer mit nicht
836 1854 1997 1933 dies Vermächtniß“. An einer gewissen Engbrüftigkeit
1988 1867 3182 1944 zu einer großen Tirade zu geben, die leider völlig ver¬
162 1899 837 1964 rdern würde, ihr und dem
825 1901 1994 1981 der Erfindung hat Schnitzler immer gelitten. Er arbeitet
1988 1920 3182 1972 pufft, weil sie nicht weiß, was sie da soll? Franziska,
166 1949 841 2021 Rente zu sichern. Es ist weiter¬
824 1954 1999 2016 mit dem Einzelzug; seine bestechendste Eigenschaft ist die
1994 1954 3174 2039 des Todten Schwester hält sie, nachdem sie ihrem Bränti¬
153 1998 840 2076 oni Weber in das sehr sittsame
831 2008 1992 2082 große Anmuth der Form und die Kunst des Details.
1988 2008 3175 2081 gam den Laufpaß gegeben, weil er das arme Mädchen
150 2048 821 2110 er Nationalökonomie und Abge¬
823 2052 1999 2127 I Damit wirkt er. Er kennt die Gesetze der Bühne, wie unter
1994 2065 3181 2151 mit hinausgeekelt; aber gegen wen richtet sich die ganze
160 2103 835 2171 um großen Mißvergnügen seiner
832 2098 2000 2185 den Deutschen nur noch der kräftigere, aber auch wahrere
1996 2108 2237 2189 Anklage?
154 2144 826 2217 nders des Hausarztes Dr. Fer¬
824 2144 1988 2229 Sudermann. Er baut erste Acte von einer entzückenden
2092 2148 3168 2233 Es fehlt nicht an feinen Details. Schroffe Lichter
166 2186 837 2264 der Lehrer Hugo's, nun Bräu¬
831 2207 1992 2277 Sicherheit der Gliederung — er ist ein Facadenarchitekt,
2002 2211 3170 2271 fallen auf die innere Fäulniß jener Schichten. Da hätte
152 2228 839 2313 ingemein traurig, daß auch das
818 2241 1993 2314 je mehr man aber ins Haus selber kommt, desto unan¬
1992 2263 3175 2315 der Vater gar nichts dagegen, wenn sein Sohn die
163 2291 831 2372 nachstirbt; am allertraurigsten
829 2317 1994 2376 genehmer empfindet man den Widerspruch der prächtigen
1991 2305 3167 2388 Tochter derselben Frau heiraten würde, der er vergeblich
176 2340 837 2410 weil man sie deutlich an das
820 2352 1992 2403 Außenseite und der dürftigen, nur mit Geschmack deco¬
1995 2366 3167 2433 nachgestellt mit der der würdige Nationalökonom seinen
161 2373 828 2463 Kind ist todt, die Gevatterschaft
824 2404 1996 2467 rirten Innenräume. Er wird sehr gerne sentimental, wo
1988 2412 3153 2484 Sohn im Verdachte gehabt. Diese künstlich gehütete und
157 2441 829 2508 ihrem jungen Leben ein Ende
830 2451 1995 2535 er tragisch sein müßte. Er will erweichen, weil er den
2000 2452 3153 2538 construirte Reinheit unserer Mädchen wird gezeichn
166 2488 830 2567 erst 22 Jahre und alle Welt
829 2499 1875 2568 einen entscheidenden Hauptschlag nicht thun kann.
1996 2493 3165 2582 Diese Treibhausblume, der ein frischer Lufthauch, Wie
157 2528 833 2611 hönheit. Wer da weiß, daß sie
925 2537 1993 2628 Er kennt ein sehr kleines Ausschnittchen der Welt.
1989 2554 3154 2625 er an Toni Weber haftet, schon eine Gefahr bedeutet.
166 2589 830 2676 wie die schöne Frau Schratt in
828 2583 1981 2667 Es ist das die Welt, in der man sich amüsirt, und auch
1998 2606 3159 2680 Und die Frage selber: was wird mit den Gefallenen
164 2636 577 2710 ird das begreifen.
832 2642 1996 2705 das Amüsement Anderer duldet, vorausgesetzt, daß es
1993 2655 3161 2726 wohl geschehen, wenn Derjenige, der sie zu Falle ge¬
156 2678 823 2742 d also mit weiser Oekonomie
829 2693 1990 2767 mit der eigentlichen Lebensaufgabe in keinen Conflict
1984 2701 3164 2782 bracht, nicht mehr ist, war wohl werth, gestellt zu sein.
153 2735 825 2803 Stückes vertheilt. In jedem Auf¬
831 2751 1988 2803 geräth. Diese Lebensaufgabe aber besteht im Carrière¬
1981 2740 3168 2830 Nur so ließ sie sich nicht beantworten; so nicht. Auch
153 2786 828 2853 barmungsloser Consequenz rastet
830 2795 1979 2860 machen und reich Heiraten. Das ist ja wohl auch wirk¬
1992 2802 3164 2871 hat sichs Schnitzler in anderer Hinsicht gar leicht
170 2837 827 2909 er nicht die ganze illegitime
834 2847 1991 2922 lich so in unseren „besseren Kreisen“ und wird so bleiben,
2000 2854 3157 2923 gemacht. Er nahm einfach seine bewährten Figuren und
152 2882 824 2955 Erdboden vertilgt hat. Er thut
824 2892 1981 2957 ehe nicht die Umwälzung unserer socialen Begriffe voll¬
1993 2886 3153 2973 stellte sie auf die Bühne. Anatol stirbt, hoffentlich sammt
149 2930 828 2999 Anklägers. Toni Weber soll ein
828 2948 1992 3007 endet ist. Es ist bezeichnend für Schnitzler: ehe einer seiner
1990 2941 3158 3029 seinen süßen Mädeln endgiltig. Gut und neu ist nur
156 2985 824 3044 Perhältnisse sein. Das aber wäre
815 2978 1991 3061 Helden auf den Einfall geräth, er könne das Mädchen
1991 2998 3152 3068 Professor Losatti. Er allein, in seiner falschen Gut¬
170 3037 823 3089 Hugo am Leben bliebe und sie
817 3028 1985 3097 auch heiraten, das er verführt hat, auf einen Einfall
1987 3049 3148 3122 müthigkeit, in seinem Spielen mit Thesen, in ewigem
167 3088 824 3155 oder, wenn schon diese Zu¬
825 3086 1985 3150 also, der in der Regel ziemlich nahe liegt und nicht ein¬
1986 3092 3147 3171 Betonen seines Mannesmuthes, der doch nicht vorhanden
162 3124 830 3195 dessturz zugegeben wird, wenn
814 3133 1990 3215 mal so gar selten zur That gemacht wird, muß er einen
1987 3143 3162 3207 ist, er allein bedeutet eine Bereicherung des Schnitzlerischen
174 3182 827 3248 t stürbe, so daß nicht einmal
823 3180 1983 3245 unheilbaren Schaden an seinem Gehirn genommen haben.
1974 3188 3161 3245 Besitzstandes. Ein großes Muster schlägt durch: Hjalmar
155 3235 819 3295 band zwischen Großeltern und
818 3235 1990 3302 Und auch dann spricht er davon nur als von einer
1989 3237 3161 3311 Eckdal. Aber Hjalmar ist überall zu Hause, überall ein
159 3285 830 3349 schützen würde. So aber — was
832 3291 1989 3343 vielleicht möglichen Sache: und die Verpflichtung, die er
1982 3302 3154 3384 Anderer, und so mag er wohl in Wien in gewissen
151 3326 811 3391 imgang noch bei einer Familie, zu
826 3336 1979 3399 selber nur von ferne empfunden, die schiebt er seelenruhig
1993 3333 2399 3409 Ständen aussehen.
161 3372 818 3449 sicht gehört, der sie immerdar
825 3378 1997 3450 seinen Eltern zu. Das ist für ihn und für seinen Dichter!
2068 3378 3132 3468 Gespielt wurde glänzend. Glücklicher als im „Viel¬
155 3427 3158 3525 ? Schnitzler stellte sich eine bequemer; man sieht aber, wie stark der Kastengeist in geprüften“ trat diesmal Frau Schmittlein, diese
