<?xml version="1.0" encoding="UTF-8" standalone="yes"?>
<PcGts xmlns="http://schema.primaresearch.org/PAGE/gts/pagecontent/2013-07-15" xmlns:xsi="http://www.w3.org/2001/XMLSchema-instance" xsi:schemaLocation="http://schema.primaresearch.org/PAGE/gts/pagecontent/2013-07-15 http://schema.primaresearch.org/PAGE/gts/pagecontent/2013-07-15/pagecontent.xsd">
    <Metadata>
        <Creator>prov=University of Rostock/Institute of Mathematics/CITlab/Gundram Leifert/gundram.leifert@uni-rostock.de:name=ONB_Newseye_GT_M1+(htr_id=10810)::::v=2.4.2
prov=University of Rostock/Institute of Mathematics/CITlab/Tobias Gruening/tobias.gruening@uni-rostock.de:name=de.uros.citlab.module.baseline2polygon.B2PSeamMultiOriented:v=2.4.2
prov=University of Rostock/Institute of Mathematics/CITlab/Tobias Gruening/tobias.gruening@uni-rostock.de:name=/mnt/transkribus/LA/DEA/URO/LA_news_onb_att.pb:de.uros.citlab.segmentation.CITlab_LA_ML:v=2.4.2
Transkribus</Creator>
        <Created>2019-10-07T11:35:12.059+02:00</Created>
        <LastChange>2019-10-08T18:59:07.793+02:00</LastChange>
        <TranskribusMetadata docId="223986" pageId="9500695" pageNr="264" tsid="16607078" status="IN_PROGRESS" userId="40391" imgUrl="https://files.transkribus.eu/Get?id=BBSPABIOPAAGITBPPUFCADVD&amp;fileType=view" xmlUrl="https://files.transkribus.eu/Get?id=ZKDENJNUTJOWJGDHRWZUNYUH" imageId="6190917"/>
    </Metadata>
    <Page imageFilename="223986_0264.jpeg" imageWidth="3392" imageHeight="4384">
        <ReadingOrder>
            <OrderedGroup id="ro_1711447884083" caption="Regions reading order">
                <RegionRefIndexed index="0" regionRef="r1"/>
                <RegionRefIndexed index="1" regionRef="r2"/>
            </OrderedGroup>
        </ReadingOrder>
        <TextRegion orientation="0.0" id="r1" custom="readingOrder {index:0;}">
            <Coords points="222,241 222,2735 1853,2735 1853,241"/>
            <TextLine id="r1l1" custom="readingOrder {index:0;}">
                <Coords points="214,273 621,322 1145,322 1268,313 1270,247 215,233"/>
                <Baseline points="222,263 273,271 325,277 377,282 429,286 481,289 533,291 585,293 637,294 689,295 741,296 792,296 844,296 896,296 948,296 1000,296 1052,296 1104,296 1156,297 1208,299 1260,300"/>
                <TextEquiv>
                    <Unicode>10. Das Vernaechtnis</Unicode>
                </TextEquiv>
            </TextLine>
            <TextLine id="r1l2" custom="readingOrder {index:1;}">
                <Coords points="1329,305 1413,283 1544,310 1627,295 1694,327 1768,303 1861,311 1862,227 1775,220 1611,257 1574,235 1504,247 1457,225 1387,275 1329,277"/>
                <Baseline points="1337,301 1362,296 1388,292 1414,289 1440,287 1466,285 1491,285 1517,285 1543,286 1569,287 1595,288 1620,290 1646,291 1672,293 1698,294 1724,295 1749,295 1775,295 1801,294 1827,293 1853,290"/>
                <TextEquiv>
                    <Unicode>box 16/4</Unicode>
                </TextEquiv>
            </TextLine>
            <TextLine id="r1l3" custom="readingOrder {index:2;}">
                <Coords points="559,1462 925,1398 1476,1388 1521,1417 1590,1360 556,1365"/>
                <Baseline points="565,1429 615,1422 666,1416 717,1412 768,1407 819,1405 870,1402 921,1400 972,1398 1023,1397 1074,1397 1124,1396 1175,1396 1226,1395 1277,1395 1328,1394 1379,1394 1430,1393 1481,1391 1532,1390 1583,1387"/>
                <TextEquiv>
                    <Unicode></Unicode>
                </TextEquiv>
            </TextLine>
            <TextLine id="r1l4" custom="readingOrder {index:3;}">
                <Coords points="1614,1428 1663,1428 1683,1421 1709,1430 1781,1415 1779,1352 1767,1352 1750,1365 1733,1354 1688,1369 1665,1362 1651,1366 1645,1360 1613,1376"/>
                <Baseline points="1621,1413 1646,1413 1671,1412 1697,1411 1722,1410 1747,1410 1773,1411"/>
                <TextEquiv>
                    <Unicode>200</Unicode>
                </TextEquiv>
            </TextLine>
            <TextLine id="r1l5" custom="readingOrder {index:4;}">
                <Coords points="596,1510 1572,1478 1618,1462 1616,1409 794,1415 726,1471 658,1436 595,1472"/>
                <Baseline points="604,1501 654,1495 704,1490 754,1486 805,1481 855,1479 905,1476 955,1474 1006,1472 1056,1471 1106,1470 1156,1469 1207,1468 1257,1467 1307,1466 1357,1465 1408,1464 1458,1462 1508,1460 1558,1458 1609,1455"/>
                <TextEquiv>
                    <Unicode>## Theater, Kunst, Litteratur, Wissenschaft.</Unicode>
                </TextEquiv>
            </TextLine>
            <TextLine id="r1l6" custom="readingOrder {index:5;}">
                <Coords points="739,1544 1797,1517 1796,1484 1716,1468 738,1496"/>
                <Baseline points="747,1522 799,1524 851,1526 903,1527 955,1527 1007,1527 1059,1527 1111,1527 1163,1526 1215,1525 1268,1524 1320,1523 1372,1522 1424,1521 1476,1519 1528,1518 1580,1517 1632,1516 1684,1515 1736,1514 1789,1514"/>
                <TextEquiv>
                    <Unicode>Wilhelma=Theater. Freitag, den 16. Januar. Zweite</Unicode>
                </TextEquiv>
            </TextLine>
            <TextLine id="r1l7" custom="readingOrder {index:6;}">
                <Coords points="581,1577 1809,1562 1808,1529 1660,1517 581,1536"/>
                <Baseline points="589,1568 649,1569 710,1570 770,1571 831,1571 892,1571 952,1570 1013,1569 1073,1569 1134,1567 1195,1567 1255,1565 1316,1564 1376,1563 1437,1561 1498,1560 1558,1559 1619,1558 1679,1557 1740,1557 1801,1556"/>
                <TextEquiv>
                    <Unicode>Goethebundvorstellung. „Das Vermächtnis.“ Schauspiel in</Unicode>
                </TextEquiv>
            </TextLine>
            <TextLine id="r1l8" custom="readingOrder {index:7;}">
                <Coords points="578,1615 1807,1611 1806,1565 1725,1555 577,1575"/>
                <Baseline points="586,1612 646,1613 707,1613 767,1614 828,1614 889,1614 949,1613 1010,1613 1071,1612 1131,1611 1192,1610 1253,1609 1313,1608 1374,1607 1435,1606 1495,1604 1556,1603 1617,1602 1677,1601 1738,1600 1799,1599"/>
                <TextEquiv>
                    <Unicode>4 Akten von Arthur Schnitzler. Der gestrige Abend war, im</Unicode>
                </TextEquiv>
            </TextLine>
            <TextLine id="r1l9" custom="readingOrder {index:8;}">
                <Coords points="586,1659 1793,1666 1806,1619 585,1618"/>
                <Baseline points="593,1659 653,1659 713,1658 773,1658 834,1657 894,1657 954,1656 1015,1655 1075,1654 1135,1654 1196,1653 1256,1652 1316,1651 1376,1650 1437,1649 1497,1648 1557,1646 1618,1645 1678,1644 1738,1642 1799,1641"/>
                <TextEquiv>
                    <Unicode>Nahmen des festgestellten Stückezyklus, der Abend des schwächsten</Unicode>
                </TextEquiv>
            </TextLine>
            <TextLine id="r1l10" custom="readingOrder {index:9;}">
                <Coords points="587,1713 1781,1710 1802,1659 587,1673"/>
                <Baseline points="594,1706 654,1705 714,1704 774,1704 834,1703 894,1701 954,1700 1014,1699 1074,1699 1134,1698 1194,1697 1254,1696 1314,1695 1374,1694 1434,1693 1494,1692 1554,1692 1614,1691 1674,1691 1734,1690 1795,1690"/>
                <TextEquiv>
                    <Unicode>Interesses: ein mißlungenes Drama und eine anämische Dichtung</Unicode>
                </TextEquiv>
            </TextLine>
            <TextLine id="r1l11" custom="readingOrder {index:10;}">
                <Coords points="587,1757 1809,1747 1808,1692 587,1720"/>
                <Baseline points="594,1748 654,1748 714,1748 775,1747 835,1747 895,1746 956,1745 1016,1745 1076,1744 1137,1743 1197,1742 1257,1741 1318,1740 1378,1739 1438,1738 1499,1736 1559,1735 1619,1734 1680,1733 1740,1731 1801,1730"/>
                <TextEquiv>
                    <Unicode>wurden angeboten, welche dann, bei dem Grad der Aufnahme¬</Unicode>
                </TextEquiv>
            </TextLine>
            <TextLine id="r1l12" custom="readingOrder {index:11;}">
                <Coords points="584,1813 1744,1791 1805,1744 583,1756"/>
                <Baseline points="591,1792 651,1792 711,1791 771,1791 832,1790 892,1789 952,1789 1013,1788 1073,1787 1133,1787 1194,1786 1254,1785 1314,1784 1374,1783 1435,1782 1495,1781 1555,1780 1616,1779 1676,1777 1736,1776 1797,1774"/>
                <TextEquiv>
                    <Unicode>fähigkeit, den dieses Zufallspublikum an den Tag leat, in Neben¬</Unicode>
                </TextEquiv>
            </TextLine>
            <TextLine id="r1l13" custom="readingOrder {index:12;}">
                <Coords points="583,1839 1754,1833 1801,1778 583,1809"/>
                <Baseline points="590,1837 650,1836 710,1835 770,1834 830,1833 891,1832 951,1832 1011,1831 1071,1831 1131,1830 1192,1830 1252,1829 1312,1828 1372,1827 1432,1826 1493,1825 1553,1823 1613,1821 1673,1819 1733,1817 1794,1813"/>
                <TextEquiv>
                    <Unicode>geräuschen und ohne Wirkung untergingen. „Das Vermächtnis“</Unicode>
                </TextEquiv>
            </TextLine>
            <TextLine id="r1l14" custom="readingOrder {index:13;}">
                <Coords points="587,1886 1756,1881 1807,1863 1806,1813 586,1849"/>
                <Baseline points="594,1880 654,1879 714,1879 774,1878 835,1877 895,1876 955,1876 1015,1875 1076,1874 1136,1874 1196,1873 1256,1872 1317,1872 1377,1871 1437,1870 1497,1869 1558,1869 1618,1868 1678,1867 1738,1866 1799,1865"/>
                <TextEquiv>
                    <Unicode>ist seit dem Jahre 1898, in dem es erschien, als das wenigst</Unicode>
                </TextEquiv>
            </TextLine>
            <TextLine id="r1l15" custom="readingOrder {index:14;}">
                <Coords points="586,1939 1803,1918 1802,1872 1708,1869 586,1893"/>
                <Baseline points="594,1925 654,1924 714,1923 774,1922 834,1921 894,1921 954,1920 1014,1919 1074,1918 1134,1918 1194,1917 1254,1916 1314,1915 1374,1914 1434,1914 1494,1913 1554,1912 1614,1911 1674,1911 1734,1910 1795,1909"/>
                <TextEquiv>
                    <Unicode>empfehlenswürdige Opus des feinen Sprach= und Seelenkünstlers</Unicode>
                </TextEquiv>
            </TextLine>
            <TextLine id="r1l16" custom="readingOrder {index:15;}">
                <Coords points="575,1967 1803,1954 1749,1914 575,1931"/>
                <Baseline points="583,1965 643,1965 704,1965 764,1965 825,1965 886,1965 946,1964 1007,1964 1067,1963 1128,1962 1189,1961 1249,1960 1310,1959 1370,1958 1431,1957 1492,1956 1552,1955 1613,1954 1673,1953 1734,1953 1795,1952"/>
                <TextEquiv>
                    <Unicode>Schnitzlers bekannt. All die bestrickenden Eigenschaften, welche</Unicode>
                </TextEquiv>
            </TextLine>
            <TextLine id="r1l17" custom="readingOrder {index:16;}">
                <Coords points="581,2029 1806,2000 1657,1958 581,1974"/>
                <Baseline points="589,2015 649,2014 709,2013 770,2012 830,2010 891,2009 951,2008 1012,2007 1072,2006 1133,2005 1193,2005 1253,2004 1314,2003 1374,2002 1435,2001 1495,2000 1556,1999 1616,1998 1677,1997 1737,1996 1798,1995"/>
                <TextEquiv>
                    <Unicode>z. B. die „Gefährtin“, überhaupt das Gesamttheater dieses ge¬</Unicode>
                </TextEquiv>
            </TextLine>
            <TextLine id="r1l18" custom="readingOrder {index:17;}">
                <Coords points="585,2063 1773,2060 1808,2002 584,2035"/>
                <Baseline points="592,2059 652,2057 712,2056 773,2055 833,2054 894,2053 954,2051 1015,2050 1075,2049 1136,2048 1196,2048 1256,2047 1317,2046 1377,2045 1438,2044 1498,2044 1559,2043 1619,2042 1680,2041 1740,2041 1801,2040"/>
                <TextEquiv>
                    <Unicode>schmackvollen, wählerischen Charmeurs mit einem Klima graziöser</Unicode>
                </TextEquiv>
            </TextLine>
            <TextLine id="r1l19" custom="readingOrder {index:18;}">
                <Coords points="583,2102 1760,2103 1807,2042 582,2065"/>
                <Baseline points="590,2100 650,2099 711,2098 771,2098 832,2097 892,2096 953,2096 1013,2095 1074,2094 1134,2093 1195,2093 1255,2092 1316,2091 1376,2091 1437,2090 1497,2090 1558,2089 1618,2088 1679,2088 1739,2087 1800,2086"/>
                <TextEquiv>
                    <Unicode>Empfindlichkeit umgeben, fehlen hier. Am ist das Motiv, arm</Unicode>
                </TextEquiv>
            </TextLine>
            <TextLine id="r1l20" custom="readingOrder {index:19;}">
                <Coords points="578,2157 1682,2146 1808,2109 577,2101"/>
                <Baseline points="585,2145 645,2145 706,2145 767,2144 828,2144 889,2143 949,2142 1010,2141 1071,2140 1132,2139 1193,2138 1253,2137 1314,2135 1375,2134 1436,2132 1497,2131 1557,2130 1618,2128 1679,2127 1740,2126 1801,2124"/>
                <TextEquiv>
                    <Unicode>das technische Gerüst, ganz entblößt von der Schicht kluger Ueber¬</Unicode>
                </TextEquiv>
            </TextLine>
            <TextLine id="r1l21" custom="readingOrder {index:20;}">
                <Coords points="577,2201 1780,2192 1802,2132 576,2158"/>
                <Baseline points="585,2191 645,2190 706,2189 766,2189 827,2188 887,2187 948,2186 1008,2185 1069,2184 1129,2183 1190,2182 1250,2181 1311,2180 1371,2179 1432,2179 1492,2178 1553,2177 1613,2176 1674,2175 1734,2174 1795,2173"/>
                <TextEquiv>
                    <Unicode>redung und dis kreter Hehlerei, die Schnitzler sonst über seine</Unicode>
                </TextEquiv>
            </TextLine>
            <TextLine id="r1l22" custom="readingOrder {index:21;}">
                <Coords points="575,2235 1801,2238 1800,2190 1739,2179 574,2212"/>
                <Baseline points="583,2232 643,2231 704,2231 764,2230 825,2230 885,2230 946,2229 1006,2229 1067,2228 1127,2227 1188,2227 1248,2226 1309,2225 1369,2224 1430,2223 1490,2222 1551,2221 1611,2220 1672,2218 1732,2217 1793,2215"/>
                <TextEquiv>
                    <Unicode>dramaturgischen Berechnungen zu bereiten pflegt. Das Motiv:</Unicode>
                </TextEquiv>
            </TextLine>
            <TextLine id="r1l23" custom="readingOrder {index:22;}">
                <Coords points="577,2272 1750,2276 1809,2266 1809,2227 577,2242"/>
                <Baseline points="585,2276 645,2275 706,2275 767,2274 828,2274 889,2273 949,2272 1010,2272 1071,2271 1132,2270 1193,2269 1253,2269 1314,2268 1375,2267 1436,2266 1497,2265 1557,2264 1618,2264 1679,2263 1740,2262 1801,2261"/>
                <TextEquiv>
                    <Unicode>entnommen ist es (während die novellistische Anlage des Ganzen</Unicode>
                </TextEquiv>
            </TextLine>
            <TextLine id="r1l24" custom="readingOrder {index:23;}">
                <Coords points="579,2322 1767,2320 1794,2272 578,2292"/>
                <Baseline points="586,2320 646,2320 706,2320 766,2319 826,2318 886,2318 946,2317 1006,2316 1066,2315 1126,2314 1186,2313 1246,2312 1306,2311 1366,2310 1426,2309 1486,2308 1546,2308 1606,2307 1666,2307 1726,2307 1787,2306"/>
                <TextEquiv>
                    <Unicode>an des „Fils naturel“ systematische Kühnheit überhaupt nicht zu</Unicode>
                </TextEquiv>
            </TextLine>
            <TextLine id="r1l25" custom="readingOrder {index:24;}">
                <Coords points="580,2382 1723,2371 1802,2324 579,2322"/>
                <Baseline points="587,2364 647,2364 707,2364 768,2364 828,2363 889,2362 949,2361 1009,2360 1070,2359 1130,2358 1191,2357 1251,2356 1311,2355 1372,2354 1432,2353 1493,2352 1553,2352 1613,2351 1674,2351 1734,2351 1795,2352"/>
                <TextEquiv>
                    <Unicode>denken gestattet) des großen Guy de Maupassant herrlicher Skizze</Unicode>
                </TextEquiv>
            </TextLine>
            <TextLine id="r1l26" custom="readingOrder {index:25;}">
                <Coords points="582,2423 1805,2396 1804,2361 1639,2355 581,2383"/>
                <Baseline points="589,2413 649,2411 709,2410 770,2409 830,2407 891,2406 951,2405 1011,2404 1072,2403 1132,2402 1193,2401 1253,2401 1313,2400 1374,2399 1434,2398 1495,2397 1555,2396 1615,2395 1676,2393 1736,2392 1797,2390"/>
                <TextEquiv>
                    <Unicode>„L’enfant“, das der Dichter in Kompagnie mit Jacques Normand</Unicode>
                </TextEquiv>
            </TextLine>
            <TextLine id="r1l27" custom="readingOrder {index:26;}">
                <Coords points="580,2468 1766,2451 1796,2405 579,2429"/>
                <Baseline points="587,2456 647,2455 707,2454 767,2452 827,2451 887,2450 947,2450 1007,2449 1067,2448 1127,2448 1188,2447 1248,2446 1308,2446 1368,2445 1428,2444 1488,2443 1548,2442 1608,2441 1668,2439 1728,2438 1789,2436"/>
                <TextEquiv>
                    <Unicode>zum Dreiakter „Musotte“ umgeschaffen hat (ich führe hier sehr</Unicode>
                </TextEquiv>
            </TextLine>
            <TextLine id="r1l28" custom="readingOrder {index:27;}">
                <Coords points="576,2494 1764,2497 1807,2463 576,2470"/>
                <Baseline points="584,2498 644,2497 705,2497 766,2496 827,2495 887,2495 948,2494 1009,2493 1070,2492 1130,2491 1191,2491 1252,2490 1313,2489 1373,2488 1434,2487 1495,2486 1556,2484 1616,2483 1677,2482 1738,2480 1799,2479"/>
                <TextEquiv>
                    <Unicode>bekannte und anderwärts geschilderte Thatsachen an). Das reiche</Unicode>
                </TextEquiv>
            </TextLine>
            <TextLine id="r1l29" custom="readingOrder {index:28;}">
                <Coords points="586,2552 1803,2543 1802,2484 585,2500"/>
                <Baseline points="593,2541 653,2540 713,2539 773,2538 833,2537 893,2536 953,2535 1013,2534 1073,2534 1133,2533 1194,2532 1254,2531 1314,2530 1374,2530 1434,2529 1494,2528 1554,2527 1614,2526 1674,2525 1734,2524 1795,2522"/>
                <TextEquiv>
                    <Unicode>Herz des Franzosen vollzog dort die Sühnung, die bei Schnitzler</Unicode>
                </TextEquiv>
            </TextLine>
            <TextLine id="r1l30" custom="readingOrder {index:29;}">
                <Coords points="581,2585 1766,2589 1790,2530 581,2558"/>
                <Baseline points="589,2583 648,2582 708,2582 768,2581 827,2581 887,2580 947,2579 1006,2579 1066,2578 1126,2577 1186,2577 1245,2576 1305,2575 1365,2574 1424,2573 1484,2572 1544,2571 1603,2570 1663,2569 1723,2567 1783,2566"/>
                <TextEquiv>
                    <Unicode>nicht vollzogen wird. Er ließ im ersten Aktenen Maler Martinel</Unicode>
                </TextEquiv>
            </TextLine>
            <TextLine id="r1l31" custom="readingOrder {index:30;}">
                <Coords points="576,2641 1749,2628 1796,2583 576,2597"/>
                <Baseline points="584,2629 644,2627 704,2626 764,2624 825,2623 885,2623 945,2622 1005,2621 1066,2621 1126,2620 1186,2620 1246,2619 1307,2619 1367,2618 1427,2617 1487,2617 1548,2616 1608,2615 1668,2614 1728,2612 1789,2611"/>
                <TextEquiv>
                    <Unicode>an seinem Hochzeitsabend vom Brief des erzies seiner sterbenden</Unicode>
                </TextEquiv>
            </TextLine>
            <TextLine id="r1l32" custom="readingOrder {index:31;}">
                <Coords points="574,2677 1791,2663 1777,2631 1589,2621 574,2642"/>
                <Baseline points="582,2670 642,2670 702,2670 762,2670 822,2670 882,2669 942,2669 1002,2668 1062,2667 1122,2666 1182,2665 1242,2664 1302,2663 1362,2663 1422,2662 1482,2661 1542,2661 1602,2660 1662,2660 1722,2661 1783,2661"/>
                <TextEquiv>
                    <Unicode>Geliebten, eines Atelierdiruchens, überrascht werden. Im zweiten</Unicode>
                </TextEquiv>
            </TextLine>
            <TextLine id="r1l33" custom="readingOrder {index:32;}">
                <Coords points="581,2741 1200,2707 1324,2743 1781,2735 1789,2663 580,2695"/>
                <Baseline points="589,2725 648,2723 708,2722 768,2720 827,2719 887,2718 947,2716 1006,2715 1066,2714 1126,2713 1186,2712 1245,2711 1305,2710 1365,2709 1424,2709 1484,2708 1544,2707 1603,2706 1663,2705 1723,2704 1783,2703"/>
                <TextEquiv>
                    <Unicode>gelobt der Schmerzgebeugte am Totenbeit in Musottens Hände,</Unicode>
                </TextEquiv>
            </TextLine>
            <TextEquiv>
                <Unicode>10. Das Vernaechtnis
box 16/4

200
## Theater, Kunst, Litteratur, Wissenschaft.
Wilhelma=Theater. Freitag, den 16. Januar. Zweite
Goethebundvorstellung. „Das Vermächtnis.“ Schauspiel in
4 Akten von Arthur Schnitzler. Der gestrige Abend war, im
Nahmen des festgestellten Stückezyklus, der Abend des schwächsten
Interesses: ein mißlungenes Drama und eine anämische Dichtung
wurden angeboten, welche dann, bei dem Grad der Aufnahme¬
fähigkeit, den dieses Zufallspublikum an den Tag leat, in Neben¬
geräuschen und ohne Wirkung untergingen. „Das Vermächtnis“
ist seit dem Jahre 1898, in dem es erschien, als das wenigst
empfehlenswürdige Opus des feinen Sprach= und Seelenkünstlers
Schnitzlers bekannt. All die bestrickenden Eigenschaften, welche
z. B. die „Gefährtin“, überhaupt das Gesamttheater dieses ge¬
schmackvollen, wählerischen Charmeurs mit einem Klima graziöser
Empfindlichkeit umgeben, fehlen hier. Am ist das Motiv, arm
das technische Gerüst, ganz entblößt von der Schicht kluger Ueber¬
redung und dis kreter Hehlerei, die Schnitzler sonst über seine
dramaturgischen Berechnungen zu bereiten pflegt. Das Motiv:
entnommen ist es (während die novellistische Anlage des Ganzen
an des „Fils naturel“ systematische Kühnheit überhaupt nicht zu
denken gestattet) des großen Guy de Maupassant herrlicher Skizze
„L’enfant“, das der Dichter in Kompagnie mit Jacques Normand
zum Dreiakter „Musotte“ umgeschaffen hat (ich führe hier sehr
bekannte und anderwärts geschilderte Thatsachen an). Das reiche
Herz des Franzosen vollzog dort die Sühnung, die bei Schnitzler
nicht vollzogen wird. Er ließ im ersten Aktenen Maler Martinel
an seinem Hochzeitsabend vom Brief des erzies seiner sterbenden
Geliebten, eines Atelierdiruchens, überrascht werden. Im zweiten
gelobt der Schmerzgebeugte am Totenbeit in Musottens Hände,</Unicode>
            </TextEquiv>
        </TextRegion>
        <TextRegion orientation="0.0" id="r2" custom="readingOrder {index:1;}">
            <Coords points="1821,1267 1821,2863 3046,2863 3046,1267"/>
            <TextLine id="r2l1" custom="readingOrder {index:0;}">
                <Coords points="1828,1302 3031,1303 3031,1272 2913,1254 1828,1265"/>
                <Baseline points="1836,1292 1895,1292 1954,1292 2014,1291 2073,1291 2133,1291 2192,1291 2251,1290 2311,1290 2370,1290 2430,1290 2489,1290 2548,1289 2608,1289 2667,1289 2727,1288 2786,1288 2845,1288 2905,1287 2964,1287 3024,1287"/>
                <TextEquiv>
                    <Unicode>er wolle das Kind ihres Bundes in sein junges Glück aufnehmen,</Unicode>
                </TextEquiv>
            </TextLine>
            <TextLine id="r2l2" custom="readingOrder {index:1;}">
                <Coords points="1824,1339 3035,1354 3035,1304 2990,1292 1824,1302"/>
                <Baseline points="1832,1337 1891,1337 1951,1338 2011,1339 2071,1339 2130,1339 2190,1340 2250,1340 2310,1340 2369,1340 2429,1340 2489,1340 2549,1340 2608,1339 2668,1339 2728,1338 2788,1337 2847,1336 2907,1334 2967,1333 3027,1331"/>
                <TextEquiv>
                    <Unicode>seine Frau ihm eine neue Mutter sein lassen. Im dritten Akt¬</Unicode>
                </TextEquiv>
            </TextLine>
            <TextLine id="r2l3" custom="readingOrder {index:2;}">
                <Coords points="1834,1398 2922,1387 3035,1350 1833,1346"/>
                <Baseline points="1842,1380 1901,1382 1960,1383 2019,1384 2079,1385 2138,1385 2197,1385 2256,1385 2316,1384 2375,1383 2434,1383 2493,1382 2553,1381 2612,1380 2671,1379 2730,1378 2790,1378 2849,1377 2908,1377 2967,1377 3027,1377"/>
                <TextEquiv>
                    <Unicode>ist das kleine Geschöpf legstimiert, Duldung und Freundlichkeit be¬</Unicode>
                </TextEquiv>
            </TextLine>
            <TextLine id="r2l4" custom="readingOrder {index:3;}">
                <Coords points="1829,1438 3041,1416 2992,1381 1829,1397"/>
                <Baseline points="1837,1425 1896,1425 1956,1426 2016,1426 2076,1426 2136,1426 2196,1427 2255,1427 2315,1427 2375,1427 2435,1426 2495,1426 2555,1426 2615,1426 2674,1425 2734,1424 2794,1424 2854,1423 2914,1422 2974,1421 3034,1420"/>
                <TextEquiv>
                    <Unicode>reiten dem Erblosen ein Erbteil, und in einen Appell an die</Unicode>
                </TextEquiv>
            </TextLine>
            <TextLine id="r2l5" custom="readingOrder {index:4;}">
                <Coords points="1836,1479 3035,1467 3035,1433 2938,1423 1836,1432"/>
                <Baseline points="1844,1468 1903,1468 1962,1467 2021,1467 2080,1467 2139,1467 2198,1466 2258,1466 2317,1466 2376,1466 2435,1466 2494,1466 2553,1465 2612,1465 2672,1465 2731,1464 2790,1464 2849,1463 2908,1462 2967,1461 3027,1460"/>
                <TextEquiv>
                    <Unicode>Güte klingt alles aus. Genau so schließt Franzi das Stück Schnitzlers:</Unicode>
                </TextEquiv>
            </TextLine>
            <TextLine id="r2l6" custom="readingOrder {index:5;}">
                <Coords points="1828,1525 2515,1495 2942,1522 3038,1500 3038,1465 1827,1481"/>
                <Baseline points="1835,1514 1894,1513 1954,1512 2014,1512 2074,1512 2134,1512 2193,1512 2253,1512 2313,1513 2373,1513 2433,1513 2492,1513 2552,1513 2612,1513 2672,1513 2732,1512 2791,1511 2851,1510 2911,1509 2971,1507 3031,1504"/>
                <TextEquiv>
                    <Unicode>„Wir hätten einfach gut sein müssen" d. h. die Familie Losatti</Unicode>
                </TextEquiv>
            </TextLine>
            <TextLine id="r2l7" custom="readingOrder {index:6;}">
                <Coords points="1824,1557 2804,1572 3018,1563 3051,1513 1823,1529"/>
                <Baseline points="1831,1560 1891,1558 1952,1556 2012,1555 2073,1555 2134,1554 2194,1554 2255,1554 2315,1555 2376,1555 2437,1555 2497,1555 2558,1556 2618,1556 2679,1555 2740,1555 2800,1554 2861,1553 2921,1551 2982,1549 3043,1546"/>
                <TextEquiv>
                    <Unicode>schuldete Treue dem „Vermächtnis“ ihres Sohnes, der zugeschworenen</Unicode>
                </TextEquiv>
            </TextLine>
            <TextLine id="r2l8" custom="readingOrder {index:7;}">
                <Coords points="1825,1622 3039,1618 3038,1560 3000,1555 1825,1568"/>
                <Baseline points="1833,1603 1892,1601 1952,1600 2012,1599 2072,1599 2132,1598 2192,1599 2252,1599 2312,1599 2372,1599 2432,1600 2491,1600 2551,1600 2611,1600 2671,1600 2731,1599 2791,1599 2851,1597 2911,1595 2971,1593 3031,1590"/>
                <TextEquiv>
                    <Unicode>Liebesmission an seinem Schatz und deren Knaben. Aber wie</Unicode>
                </TextEquiv>
            </TextLine>
            <TextLine id="r2l9" custom="readingOrder {index:8;}">
                <Coords points="1823,1659 3034,1653 3049,1602 1823,1616"/>
                <Baseline points="1831,1649 1891,1647 1952,1646 2012,1645 2073,1644 2133,1643 2194,1643 2254,1643 2315,1643 2375,1644 2436,1644 2496,1644 2557,1644 2617,1644 2678,1644 2738,1644 2799,1644 2859,1643 2920,1641 2980,1640 3041,1637"/>
                <TextEquiv>
                    <Unicode>groß sind — auch wenn man eine solche Lösung als geistigen oder</Unicode>
                </TextEquiv>
            </TextLine>
            <TextLine id="r2l10" custom="readingOrder {index:9;}">
                <Coords points="1825,1705 2967,1695 3031,1646 1825,1659"/>
                <Baseline points="1833,1694 1892,1691 1952,1690 2011,1688 2071,1687 2130,1687 2190,1686 2249,1686 2309,1686 2368,1687 2428,1687 2487,1687 2547,1688 2606,1688 2666,1688 2725,1688 2785,1687 2844,1686 2904,1685 2963,1683 3023,1681"/>
                <TextEquiv>
                    <Unicode>sentimentalen Gewinn betrachten will — des Schauspiels Struktur¬</Unicode>
                </TextEquiv>
            </TextLine>
            <TextLine id="r2l11" custom="readingOrder {index:10;}">
                <Coords points="1827,1742 2925,1744 3053,1731 3053,1699 1827,1708"/>
                <Baseline points="1835,1734 1895,1733 1956,1732 2016,1732 2077,1732 2137,1732 2198,1732 2258,1733 2319,1733 2379,1733 2440,1734 2500,1734 2561,1733 2621,1733 2682,1732 2742,1731 2803,1730 2863,1728 2924,1726 2984,1723 3045,1719"/>
                <TextEquiv>
                    <Unicode>gebrechen! Der erste Akt (da der junge, beim Reiten verunglückte</Unicode>
                </TextEquiv>
            </TextLine>
            <TextLine id="r2l12" custom="readingOrder {index:11;}">
                <Coords points="1824,1774 2827,1791 3053,1770 3053,1732 1824,1739"/>
                <Baseline points="1832,1778 1892,1777 1953,1776 2014,1776 2074,1776 2135,1776 2196,1776 2256,1777 2317,1777 2378,1777 2439,1777 2499,1778 2560,1778 2621,1777 2681,1777 2742,1776 2803,1775 2863,1774 2924,1771 2985,1769 3046,1766"/>
                <TextEquiv>
                    <Unicode>Dr. Hugo Losatti in seiner Mutter Armen liegt und nach seiner Ge¬</Unicode>
                </TextEquiv>
            </TextLine>
            <TextLine id="r2l13" custom="readingOrder {index:12;}">
                <Coords points="1815,1831 3044,1823 3033,1771 1815,1770"/>
                <Baseline points="1823,1818 1883,1819 1944,1819 2004,1819 2065,1820 2126,1820 2186,1820 2247,1820 2308,1820 2368,1820 2429,1820 2490,1820 2550,1820 2611,1820 2672,1819 2732,1819 2793,1818 2854,1817 2914,1816 2975,1815 3036,1814"/>
                <TextEquiv>
                    <Unicode>liebten, seinem Buben stöhnt und jammert) ist ein Präludium schrillster</Unicode>
                </TextEquiv>
            </TextLine>
            <TextLine id="r2l14" custom="readingOrder {index:13;}">
                <Coords points="1828,1866 2843,1878 3031,1862 3045,1823 1828,1837"/>
                <Baseline points="1835,1863 1895,1863 1955,1864 2015,1864 2075,1864 2135,1864 2195,1864 2255,1864 2315,1864 2375,1864 2436,1864 2496,1864 2556,1863 2616,1863 2676,1862 2736,1862 2796,1861 2856,1860 2916,1859 2976,1858 3037,1856"/>
                <TextEquiv>
                    <Unicode>Aff kie mit unratsam starkem Pedalgebrauch. Umso verhängnisvoller</Unicode>
                </TextEquiv>
            </TextLine>
            <TextLine id="r2l15" custom="readingOrder {index:14;}">
                <Coords points="1828,1917 2950,1916 3049,1893 3049,1859 1828,1869"/>
                <Baseline points="1836,1908 1896,1908 1956,1908 2016,1908 2077,1908 2137,1908 2197,1908 2257,1908 2318,1908 2378,1908 2438,1908 2498,1908 2559,1908 2619,1908 2679,1907 2739,1906 2800,1906 2860,1905 2920,1903 2980,1902 3041,1900"/>
                <TextEquiv>
                    <Unicode>ist de Flaue der beiden an eren Aufzüge, des Mittelaktes, der nicht (wie</Unicode>
                </TextEquiv>
            </TextLine>
            <TextLine id="r2l16" custom="readingOrder {index:15;}">
                <Coords points="1815,1946 3002,1959 3048,1915 1815,1925"/>
                <Baseline points="1823,1952 1883,1952 1944,1951 2005,1951 2066,1951 2127,1951 2188,1951 2248,1951 2309,1951 2370,1951 2431,1951 2492,1951 2553,1951 2614,1951 2674,1951 2735,1951 2796,1950 2857,1950 2918,1949 2979,1948 3040,1946"/>
                <TextEquiv>
                    <Unicode>die Oekonomie gebiet.t) Höhepunkt der Kurve geworden ist, sondern</Unicode>
                </TextEquiv>
            </TextLine>
            <TextLine id="r2l17" custom="readingOrder {index:16;}">
                <Coords points="1822,2009 3039,2010 3039,1970 1822,1977"/>
                <Baseline points="1830,1997 1890,1995 1950,1995 2010,1994 2070,1994 2130,1994 2190,1994 2250,1994 2310,1994 2370,1994 2431,1995 2491,1995 2551,1995 2611,1995 2671,1995 2731,1995 2791,1994 2851,1994 2911,1993 2971,1992 3032,1990"/>
                <TextEquiv>
                    <Unicode>(durch das Sterben des blassen Knäbleins) in weinerlichen, parallelen</Unicode>
                </TextEquiv>
            </TextLine>
            <TextLine id="r2l18" custom="readingOrder {index:17;}">
                <Coords points="1823,2038 3047,2034 2985,1996 1823,2007"/>
                <Baseline points="1831,2039 1891,2039 1951,2040 2012,2040 2072,2040 2133,2040 2193,2040 2253,2040 2314,2040 2374,2040 2435,2040 2495,2040 2555,2039 2616,2039 2676,2039 2737,2038 2797,2038 2857,2037 2918,2036 2978,2036 3039,2035"/>
                <TextEquiv>
                    <Unicode>Nacherinnerungen sich fortschleppt, und des ganz banalen Ausgangs.</Unicode>
                </TextEquiv>
            </TextLine>
            <TextLine id="r2l19" custom="readingOrder {index:18;}">
                <Coords points="1827,2088 3042,2089 2989,2044 1827,2053"/>
                <Baseline points="1834,2082 1894,2082 1954,2082 2014,2082 2074,2082 2134,2082 2194,2082 2254,2082 2314,2082 2374,2082 2434,2082 2494,2082 2554,2082 2614,2082 2674,2081 2734,2080 2794,2079 2854,2078 2914,2077 2974,2075 3035,2073"/>
                <TextEquiv>
                    <Unicode>Mit ärgerlicher Unsicherheit werden These und Antithese, welche</Unicode>
                </TextEquiv>
            </TextLine>
            <TextLine id="r2l20" custom="readingOrder {index:19;}">
                <Coords points="1818,2131 3046,2129 3046,2092 2960,2083 1818,2090"/>
                <Baseline points="1826,2129 1886,2128 1947,2128 2007,2128 2068,2127 2129,2127 2189,2127 2250,2127 2311,2127 2371,2127 2432,2127 2493,2127 2553,2126 2614,2126 2675,2126 2735,2125 2796,2124 2857,2122 2917,2121 2978,2119 3039,2117"/>
                <TextEquiv>
                    <Unicode>im Hausarzt Dr. Ferdinand Schmidt und der Wittwe Emma;</Unicode>
                </TextEquiv>
            </TextLine>
            <TextLine id="r2l21" custom="readingOrder {index:20;}">
                <Coords points="1816,2176 3009,2179 3036,2127 1816,2132"/>
                <Baseline points="1824,2170 1884,2170 1944,2170 2004,2170 2064,2170 2125,2170 2185,2171 2245,2171 2305,2171 2365,2171 2426,2171 2486,2171 2546,2171 2606,2171 2666,2171 2727,2171 2787,2170 2847,2169 2907,2169 2967,2167 3028,2166"/>
                <TextEquiv>
                    <Unicode>Winter verkörpert sind, einander entgegengestellt, ohne daß intimere</Unicode>
                </TextEquiv>
            </TextLine>
            <TextLine id="r2l22" custom="readingOrder {index:21;}">
                <Coords points="1819,2221 3038,2226 3037,2167 1819,2194"/>
                <Baseline points="1826,2216 1886,2215 1946,2215 2006,2214 2066,2214 2127,2214 2187,2214 2247,2214 2307,2214 2367,2214 2428,2214 2488,2214 2548,2214 2608,2214 2668,2214 2729,2213 2789,2213 2849,2212 2909,2211 2969,2210 3030,2209"/>
                <TextEquiv>
                    <Unicode>Milieureize, als die Semimentalitäten kleiner Dinge, der Spiel¬</Unicode>
                </TextEquiv>
            </TextLine>
            <TextLine id="r2l23" custom="readingOrder {index:22;}">
                <Coords points="1815,2266 3014,2268 3043,2225 1815,2234"/>
                <Baseline points="1823,2265 1883,2263 1944,2262 2004,2261 2065,2260 2126,2260 2186,2259 2247,2259 2307,2259 2368,2259 2429,2259 2489,2259 2550,2258 2610,2258 2671,2258 2732,2257 2792,2256 2853,2255 2913,2254 2974,2251 3035,2249"/>
                <TextEquiv>
                    <Unicode>zeugkasten des toten Buben und die warme Spätfrühlingssonne</Unicode>
                </TextEquiv>
            </TextLine>
            <TextLine id="r2l24" custom="readingOrder {index:23;}">
                <Coords points="1825,2316 3040,2317 3040,2265 1825,2281"/>
                <Baseline points="1833,2305 1896,2305 1959,2304 2022,2304 2085,2303 2148,2303 2211,2303 2274,2303 2337,2304 2400,2304 2464,2304 2527,2304 2590,2303 2653,2303 2716,2303 2779,2302 2842,2301 2905,2300 2968,2298 3032,2296"/>
                <TextEquiv>
                    <Unicode>vor den Fenstern, für das laue Verweilen entschädigen. Eine Cha¬</Unicode>
                </TextEquiv>
            </TextLine>
            <TextLine id="r2l25" custom="readingOrder {index:24;}">
                <Coords points="1820,2364 3040,2349 3040,2319 2893,2302 1820,2311"/>
                <Baseline points="1828,2350 1888,2349 1948,2348 2008,2348 2069,2347 2129,2347 2189,2347 2249,2347 2310,2348 2370,2348 2430,2348 2490,2348 2551,2348 2611,2348 2671,2348 2731,2348 2792,2347 2852,2346 2912,2344 2972,2342 3033,2340"/>
                <TextEquiv>
                    <Unicode>rakterstudie enthält das Stück: den Professor Adolph Losatti,</Unicode>
                </TextEquiv>
            </TextLine>
            <TextLine id="r2l26" custom="readingOrder {index:25;}">
                <Coords points="1826,2404 2767,2406 3047,2364 1825,2359"/>
                <Baseline points="1833,2391 1893,2390 1953,2390 2013,2390 2074,2390 2134,2390 2194,2390 2255,2390 2315,2391 2375,2391 2436,2391 2496,2391 2556,2391 2616,2391 2677,2391 2737,2391 2797,2390 2858,2389 2918,2389 2978,2387 3039,2386"/>
                <TextEquiv>
                    <Unicode>Nationalökonom und Parteiführer der vereinigten Lieken, d. i. den</Unicode>
                </TextEquiv>
            </TextLine>
            <TextLine id="r2l27" custom="readingOrder {index:26;}">
                <Coords points="1826,2453 2904,2459 2994,2446 3047,2381 1826,2405"/>
                <Baseline points="1833,2436 1893,2436 1953,2435 2013,2435 2074,2434 2134,2435 2194,2435 2255,2435 2315,2435 2375,2436 2436,2436 2496,2436 2556,2436 2616,2436 2677,2435 2737,2434 2797,2433 2858,2432 2918,2430 2978,2427 3039,2424"/>
                <TextEquiv>
                    <Unicode>pathologisch affizierten Schwächling, der in Worten feige sich ver¬</Unicode>
                </TextEquiv>
            </TextLine>
            <TextLine id="r2l28" custom="readingOrder {index:27;}">
                <Coords points="1825,2494 2992,2490 3045,2485 3045,2442 1825,2454"/>
                <Baseline points="1833,2481 1893,2481 1953,2480 2013,2480 2073,2480 2134,2480 2194,2479 2254,2479 2314,2479 2374,2479 2435,2479 2495,2479 2555,2479 2615,2479 2675,2478 2736,2478 2796,2477 2856,2476 2916,2476 2976,2474 3037,2473"/>
                <TextEquiv>
                    <Unicode>fängt, und dessen Lebensvoraussetzung die Unwahrheit ist. Herr</Unicode>
                </TextEquiv>
            </TextLine>
            <TextLine id="r2l29" custom="readingOrder {index:28;}">
                <Coords points="1832,2540 2992,2531 3047,2475 1831,2493"/>
                <Baseline points="1839,2521 1899,2522 1959,2523 2019,2523 2079,2524 2139,2524 2199,2524 2259,2524 2319,2524 2379,2524 2439,2523 2499,2523 2559,2522 2619,2522 2679,2521 2739,2520 2799,2519 2859,2519 2919,2518 2979,2516 3039,2516"/>
                <TextEquiv>
                    <Unicode>Schmidt=Häßler wurde dieser Gestalt nur im Aeußeren, Anekdotischen,</Unicode>
                </TextEquiv>
            </TextLine>
            <TextLine id="r2l30" custom="readingOrder {index:29;}">
                <Coords points="1816,2573 3031,2583 3039,2532 1816,2544"/>
                <Baseline points="1823,2569 1883,2569 1943,2568 2004,2568 2064,2568 2125,2568 2185,2568 2245,2568 2306,2568 2366,2568 2427,2568 2487,2568 2547,2568 2608,2567 2668,2567 2729,2567 2789,2566 2849,2566 2910,2565 2970,2564 3031,2563"/>
                <TextEquiv>
                    <Unicode>nicht im Wesen gerecht. Auch die übrige Besetzung war eine nicht sehr</Unicode>
                </TextEquiv>
            </TextLine>
            <TextLine id="r2l31" custom="readingOrder {index:30;}">
                <Coords points="1819,2628 3042,2615 2997,2569 1818,2578"/>
                <Baseline points="1827,2612 1887,2613 1947,2614 2008,2614 2068,2614 2128,2614 2189,2614 2249,2614 2309,2613 2370,2613 2430,2612 2490,2611 2551,2611 2611,2610 2671,2609 2732,2609 2792,2608 2852,2607 2913,2607 2973,2606 3034,2606"/>
                <TextEquiv>
                    <Unicode>vorteilhafte; jedoch verdienen Herr Gerasch, der in der dankbaren</Unicode>
                </TextEquiv>
            </TextLine>
            <TextLine id="r2l32" custom="readingOrder {index:31;}">
                <Coords points="1824,2673 2980,2664 3033,2621 1824,2630"/>
                <Baseline points="1832,2656 1891,2656 1951,2656 2011,2657 2070,2657 2130,2656 2190,2656 2249,2656 2309,2656 2369,2655 2429,2655 2488,2654 2548,2654 2608,2653 2667,2653 2727,2652 2787,2652 2846,2651 2906,2651 2966,2651 3026,2651"/>
                <TextEquiv>
                    <Unicode>Todesszene all sein Temperament sammelte, Fräulein Rossi als</Unicode>
                </TextEquiv>
            </TextLine>
            <TextLine id="r2l33" custom="readingOrder {index:32;}">
                <Coords points="1822,2713 3001,2717 3036,2664 1822,2674"/>
                <Baseline points="1829,2705 1892,2704 1955,2703 2018,2702 2081,2702 2144,2701 2207,2701 2270,2701 2333,2701 2396,2702 2460,2702 2523,2702 2586,2702 2649,2701 2712,2701 2775,2701 2838,2700 2901,2699 2964,2698 3028,2696"/>
                <TextEquiv>
                    <Unicode>geklärte Sprecherin der Nachsicht und Frau Remolt ###.T. Weber</Unicode>
                </TextEquiv>
            </TextLine>
            <TextLine id="r2l34" custom="readingOrder {index:33;}">
                <Coords points="1813,2791 3051,2830 3022,2764 1813,2763"/>
                <Baseline points="1821,2791 1882,2791 1943,2792 2004,2793 2065,2794 2126,2794 2187,2795 2248,2796 2309,2796 2370,2797 2432,2798 2493,2799 2554,2799 2615,2800 2676,2801 2737,2802 2798,2802 2859,2803 2920,2804 2981,2805 3043,2806"/>
                <TextEquiv>
                    <Unicode>(obwohl die Künstlerin für diese Gattung schon mehr Rohtine als</Unicode>
                </TextEquiv>
            </TextLine>
            <TextLine id="r2l35" custom="readingOrder {index:34;}">
                <Coords points="1814,2847 1993,2872 2518,2871 2518,2817 2484,2803 1815,2802"/>
                <Baseline points="1822,2835 1856,2836 1890,2836 1925,2837 1959,2837 1994,2837 2028,2837 2062,2837 2097,2837 2131,2837 2166,2837 2200,2837 2234,2837 2269,2837 2303,2837 2338,2837 2372,2838 2406,2839 2441,2840 2475,2841 2510,2843"/>
                <TextEquiv>
                    <Unicode>Unmittelbarkeit verwendet) alles Lob.</Unicode>
                </TextEquiv>
            </TextLine>
            <TextLine id="r2l36" custom="readingOrder {index:35;}">
                <Coords points="2818,2850 2935,2855 2943,2849 2955,2856 2980,2848 2981,2822 2967,2814 2960,2817 2944,2803 2927,2812 2910,2806 2882,2815 2878,2810 2859,2814 2849,2810 2832,2817 2820,2814"/>
                <Baseline points="2826,2843 2855,2845 2884,2846 2913,2847 2942,2849 2972,2853"/>
                <TextEquiv>
                    <Unicode>P. W.</Unicode>
                </TextEquiv>
            </TextLine>
            <TextEquiv>
                <Unicode>er wolle das Kind ihres Bundes in sein junges Glück aufnehmen,
seine Frau ihm eine neue Mutter sein lassen. Im dritten Akt¬
ist das kleine Geschöpf legstimiert, Duldung und Freundlichkeit be¬
reiten dem Erblosen ein Erbteil, und in einen Appell an die
Güte klingt alles aus. Genau so schließt Franzi das Stück Schnitzlers:
„Wir hätten einfach gut sein müssen" d. h. die Familie Losatti
schuldete Treue dem „Vermächtnis“ ihres Sohnes, der zugeschworenen
Liebesmission an seinem Schatz und deren Knaben. Aber wie
groß sind — auch wenn man eine solche Lösung als geistigen oder
sentimentalen Gewinn betrachten will — des Schauspiels Struktur¬
gebrechen! Der erste Akt (da der junge, beim Reiten verunglückte
Dr. Hugo Losatti in seiner Mutter Armen liegt und nach seiner Ge¬
liebten, seinem Buben stöhnt und jammert) ist ein Präludium schrillster
Aff kie mit unratsam starkem Pedalgebrauch. Umso verhängnisvoller
ist de Flaue der beiden an eren Aufzüge, des Mittelaktes, der nicht (wie
die Oekonomie gebiet.t) Höhepunkt der Kurve geworden ist, sondern
(durch das Sterben des blassen Knäbleins) in weinerlichen, parallelen
Nacherinnerungen sich fortschleppt, und des ganz banalen Ausgangs.
Mit ärgerlicher Unsicherheit werden These und Antithese, welche
im Hausarzt Dr. Ferdinand Schmidt und der Wittwe Emma;
Winter verkörpert sind, einander entgegengestellt, ohne daß intimere
Milieureize, als die Semimentalitäten kleiner Dinge, der Spiel¬
zeugkasten des toten Buben und die warme Spätfrühlingssonne
vor den Fenstern, für das laue Verweilen entschädigen. Eine Cha¬
rakterstudie enthält das Stück: den Professor Adolph Losatti,
Nationalökonom und Parteiführer der vereinigten Lieken, d. i. den
pathologisch affizierten Schwächling, der in Worten feige sich ver¬
fängt, und dessen Lebensvoraussetzung die Unwahrheit ist. Herr
Schmidt=Häßler wurde dieser Gestalt nur im Aeußeren, Anekdotischen,
nicht im Wesen gerecht. Auch die übrige Besetzung war eine nicht sehr
vorteilhafte; jedoch verdienen Herr Gerasch, der in der dankbaren
Todesszene all sein Temperament sammelte, Fräulein Rossi als
geklärte Sprecherin der Nachsicht und Frau Remolt ###.T. Weber
(obwohl die Künstlerin für diese Gattung schon mehr Rohtine als
Unmittelbarkeit verwendet) alles Lob.
P. W.</Unicode>
            </TextEquiv>
        </TextRegion>
    </Page>
</PcGts>
