3392 4384
1321 259 1798 343 box 16/4
138 263 1312 358 10. Das Vernaechtnis
828 1080 1245 1147 Telefon 12801.
2215 1123 2636 1189 Telefon 12801.
535 1180 1548 1250 Unternehmen für Zeitungs-Ausschnitte.
1939 1210 2944 1307 Unternehmen für Zeitungs-Ausschnitte.
1422 1230 1602 1306 Ausschmtg
2804 1269 3019 1344 Ausschatt
683 1257 1585 1399 „OBSERVER“ fr.
195 1250 527 1390 N105
1623 1269 1931 1393 N 105
2088 1303 3109 1436 „OBSERVER“ Nr. 83
295 1381 1609 1467 L. österr. behördl. conc. Bureau für Zeitungsberichte u. Personalnae
1691 1424 3163 1493 L österr. behördl. conc. Bureau für Zeitungsberichte u. Personainachrichtes
470 1462 1575 1539 Wien, IX/1. Türkenstrasse 17.
1892 1496 2988 1573 Wien, IX/1. Türkenstrasse 17.
690 1546 1359 1621 Filiale in Budapest: „Figyelé“
2102 1574 2761 1661 Filiale in Budapest: „Figyelé“
383 1611 1609 1695 Vertretungen in Berlin, Chicago, London, Newyork, Paris, Stockhol
1794 1656 3070 1735 Vertretungen in Berlin, Chicago, London, Newyork, Paris, Stockholm.
287 1719 830 1813 Ausschnitt aus:
1077 1728 1480 1824 1ar ###
1699 1753 2449 1852 Ausschnitt aus:
291 1873 701 1972 von 1
1706 1914 2110 2001 von 44 1
1905 2106 2963 2193 n [Münchner Brief.] Man schreibt uns aus München
1858 2173 2961 2216 vom 16. ds.: Das Münchner Schauspielhaus hat gestern
603 2140 1425 2268 Kunst und Wissenschaft.
1856 2207 2956 2275 seine premierenreiche Wintersaison mit Arthur Schnitzler's
1888 2248 2962 2304 Schauspiel „Das Vermächtniß“ eröffnet. Die Aufnahme
579 2265 1514 2323 L. G. Münchener Theaterbeief. Auch die Wieder¬
1861 2292 2968 2346 des larmoyanten Wiener Familiendramas, das wie eine freie Be¬
508 2303 1522 2373 eröffnung des Schauspielhauses war trotz fast
1857 2334 2966 2380 arbeitung des Huysman'schen „Ein Dilemma“ anmuthet, war eine
501 2355 1530 2399 völlig verändertem Künstlerpersonal ein voller Erfolg
1853 2367 2962 2412 sehr freundliche. Sie ist zum Theil mit auf die vorzügliche Wie¬
504 2385 1509 2450 der Direktion Stollberg. Schnitzlers „Ver¬
1860 2403 2968 2436 dergabe zu setzen. Es wird nicht oft der Fall sein, daß ein buni
509 2429 1516 2490 mächtniß“ ein ungleich gearbeiteles Stück, bedarf
1854 2436 2957 2509 zusammengewurfeltes, noch nicht eingespieltes Ensemble ein hand¬
501 2455 1517 2524 einer sorgfältigen Regie, wie sie ihm hier zu Teil wurde,
2081 2483 2957 2523 Plerk der Decadencekunst, das mit der Feinheit der
498 2511 1528 2569 um zur vollen Wirkung zu gelangen. Ein sterbender
1869 2523 2969 2569 Seaner, der Intimität der Stimmung und der Abtönung des
499 2552 1526 2611 Sohn hat seinen Eltern das Versprechen abgenommen,
1848 2558 2968 2613 Diglogs völlig steht und fällt, gleich bei seinem Debut zum Siege
501 2583 1517 2657 seine Geliebte und ihr Kind ins Haus aufzuehmen. So
1864 2586 2965 2650 führt. Dem neuen Personal Direktor Stollberg's ist diese
509 2626 1513 2676 lange das Kind, ein nervöser kränkelnder Knabe, lebt,
1860 2624 2966 2704 schwere Aufgabe gelungen. Es sind moderne Charakterdarsteller
503 2674 1526 2707 trotzt die Familie den ihr aus diesem Schritt erwachsenden
1850 2677 2948 2728 von erstem Range darunter. Herr Lind zeichnete den mit der
503 2710 1515 2758 gesellschaftlichen Mißhelligkeiten; doch nach seinem Tode
1871 2714 2974 2777 Nervosität eines Joh. Vockerat zweisellos erblich belasteten cholerit
495 2749 1514 2791 gilt ihnen das Mädchen als Fremde, die sie wegstoßen,
1862 2754 2971 2817 schen Professor Losatti, abgesehen von einigen Uebertreibungen i
506 2787 1529 2847 so daß sie sich verzweifelnd das Leben nimmt. Die
1867 2793 2969 2863 ersten Akte, verblüffend lebenswahr, und Frl. Lange, die Nach¬
499 2829 1515 2876 Charaktere hat Schnitzler in diesem Drama wieder haar¬
1877 2839 2964 2897 folgerin Frl. Joa Müller's, verkorperte mit schlichter Wahrheit
494 2872 1512 2914 scharf gezeichnet; schade, daß nicht überzeugender
1865 2871 2969 2920 und ergreifender Gefühlskraft die arme, von der engherzigen Fami¬
504 2904 1513 2963 dargestellt wurde, warum die jungen Leute in den vier
1864 2909 2966 2973 lienmoral in den Tod getriebene, Toni Weber. Recht gut führte
492 2944 1522 2995 Jähren ihres Glückes die Legitimirung ihres Verhält¬
1868 2946 2970 3021 sich auch die neue Naive Frl. v. Kroll als Agnes Winter ein.
502 2988 1514 3039 nisses nicht erzwingen konnten. Wir können die Schau¬
1875 2983 2982 3056 „Das Vgxmächtniß“ wird auch die erste Aufführung der neu ge¬
496 3016 1505 3074 spieler heute nicht alle nennen. Heedwig Lange,
1876 3026 2553 3108 g#bien Münchener Volksbühne sein.
494 3066 1519 3119 welche schon als Roxaue im „Cyrano“ vorzüglich abge¬
502 3100 1518 3162 schnitten, gab die Geliebte in jeder Schattirung ergreifend.
490 3148 1515 3184 Vier Akte lang Trauerweide, das vermag nur eine
500 3179 1534 3224 bedentende Künstlerin, wenn man's aushalten soll. Beifall
2154 3175 2729 3258 Bezugs-Bedingungen.
265 3178 388 3253 Für
389 3188 1612 3279 50 26 und Blumen gabs die Fülle. Das gleiche läßt sich vonjnelns
357 3239 461 3287 100
2764 3236 2897 3300 7.50
1709 3235 2626 3319 Für 50 Zeitungsauschnitte (Artikel oder Notizen)
487 3254 1612 3327 der ersten Operettendarbietung unter der neuen Leitung Lort
2905 3250 3107 3323 inclusive
367 3275 470 3320 200
1800 3283 1904 3337 100
2754 3277 2884 3346 14.—
488 3302 1609 3359 am Gärtnerplatz sagen. Suppées melodiöse „Afrika=Zahlh
2914 3309 3088 3366 Porto.
355 3310 475 3358 500
2746 3323 2880 3372 25.—
1805 3325 1907 3382 200
2913 3345 3087 3399 Zahlbar
490 3331 1562 3402 reise“ war von sehr guten Kräften besetzt und trefflich v
292 3348 463 3409 „ 1000
2741 3372 2873 3418 55.—
1850 3371 1913 3413 0
491 3375 1511 3426 inszeuirt. Ich erwähne nur Gisella Fischer, die
2691 3387 3113 3465 „ 100.— im Voraus.
397 3398 492 3456 Im
1741 3401 1913 3473 „ 1000
492 3421 1565 3479 wir aus Frankfurt kennen. Das dazwischen liegendette
276 3453 1597 3531 Abonnemen Berliner Engagement hat ihre starke und schöne Stimmesteht
1838 3439 3165 3497 Im Gegensatze zu anderen Bureaux für Zeitungsausschnitte ist das
271 3488 1578 3567 Abonnenten noch ausgebildtt. Ihr Spiel sehr frisch; doch ließ die ern.
1729 3494 3158 3563 Abonnement durch keine bestimmte Zeitdauer begrenzt; — auch steht es den
1714 3539 3025 3590 Abonnenten frei die aufgegebenen Themen zu ergünzen oder zu Andern
492 3543 1515 3582 Dame ihrem Temperament nicht se sehr die Zügel
494 3581 1532 3635 schießen, wie es uns in Frankfurt manchmal stärend
489 3613 1503 3671 auffiel. Vom Hoftheaker ist der Cgmont des Goethe¬
492 3639 1521 3706 cyklus zu erwähnen. Frl. Rabitow ein herrliches¬
491 3698 1507 3766 Clärchen; im übrigen ein Theaterrälsel, warum Stury:
491 3721 1519 3783 Egmont und Lützenkirchen: Brackenburg, stait umgekehrt.;
521 3780 1499 3835 — Man will, wie man hört, ein neues Theater bauen.
492 3810 1507 3871 Der angeblich amtsmüde Intendant von Possart
485 3847 1531 3921 soll dessen Leiter werden. Wir warnen vor Gründungs=!
474 3882 749 3953 fieber.
