3436 4320
1318 391 2409 510 D
1119 525 1275 604 e
2034 550 2228 611 Nr. 18.
2202 586 2289 644 —
1062 582 1316 656 —
1964 634 2002 684 60
1067 643 1846 742 e Siegesallee
1435 716 2300 789 Von Uechtritz hat denn auch ein ganz präch¬
1049 731 1153 817 615
1366 771 2300 829 #tiges Kunstwerk hergestellt. Der Künstler stellt den
1378 819 2296 875 Kurfürsten, seinem Charakter gemäß — denn er war
1380 854 2309 918 mehr höfischer Lebemann, als Soldat — in eleganter
1372 904 2305 960 Hoftracht mit Escarpins dar. Ein Schanzkorb zu
1382 951 2300 1003 seinen Füßen ist das Symbol dafür, daß er sich steis
1384 992 2304 1049 in Deckung hielt und die Werbetrommel und die Ka¬
1374 1035 2302 1095 nonenkugeln deuten auf die Kriegszeit hin in der er ge¬
1375 1091 2300 1135 lebt hat. Interessant ist, daß eine der Rebenfiguren
1380 1133 2310 1180 den Grafen Schwarzenberg darstellt, den vielverlästerten
1377 1170 2297 1236 Kanzler des Kurfürsten, der bei Vielen als Verräther
1378 1216 2314 1280 an des Kaisers Sache galt, und nun hier — seine
1377 1255 1732 1326 Ehrenrettung findet.
1025 1666 1404 1724 eu2.—
1822 1711 1998 1807 60
1025 1744 1229 1824 SE
1709 1774 2004 1846 . 1. — . J
1033 1811 1905 1864 cenn . W onemmemonmmeaponmincmnomen
1527 1837 1580 1895 N
1584 1863 1677 1914 N
2063 1880 2197 1961 1250
1505 1877 2069 1987 S SS P
1990 1969 2118 2013 ERE
1697 1979 1910 2123 mmuhei
1022 2117 2289 2187 Saiaemumgusestatuwettstghstennnngtutemtstisegcesustgte ungteigentmrergerprieg oeh R - SRchrereKt- APMUgl.
1028 2250 1386 2315 achweis nicht an
1455 2255 2252 2351 Theater und Musik.
1021 2293 1388 2354 aber an Arbeit¬
1025 2336 1383 2390 chfrage nach Arbeits¬
1602 2335 2093 2429 Deutsches Theater.
1018 2376 1384 2431 ügebot, so daß lange
1439 2387 2322 2468 Von dem schmalen Grenzrain zwischen zwei Lebens¬
1019 2424 1385 2468 bern Berücksichtigung
1020 2453 1376 2510 ndlich ist jetzt der
1393 2470 2318 2520 welten, auf den junge Liebe das Vorstadtmädchen und
1015 2484 1386 2545 Straßenarbeitern. In
1390 2502 2312 2557 den Sohn der Bourgeoisie flüchten läßt, hat Arthur
1004 2530 1373 2588 at das städtische Tief¬
1402 2547 2312 2605 Schnitzlers Dichtung schon manche Blüthe
1013 2573 1386 2627 zur Ausführung der
1403 2591 2318 2644 gepflückt. Er kennt die schnell zerstiebenden Freuden
1009 2610 1379 2667 ürgersteigen fehlt. Der
1394 2635 2303 2706 dieses bunten Lebens — seine sprühenden dramatischen
1013 2651 1379 2702 Arbeiten ist nur aus
1387 2676 2310 2733 Novelleten „Anatol“ beweisen es. Er kennt aber auch
1007 2687 1388 2754 ## Baunternehmer be¬
1010 2727 1373 2794 s ihnen aus Mangel
1390 2717 2299 2775 das Leid, das drohend aus den Abgründen steigt —
1015 2766 1381 2822 die Fristen zur Her¬
1393 2758 2309 2824 „Liebelei“, sein reifstes Drama legt dafür beredtes
1000 2803 1381 2858 ten. Besonders gebricht
1397 2793 2312 2865 Zeugniß ab. Auch das jüngste Werk des Dichters,
1023 2851 1367 2912 sind jetzt sehr gesuch
1387 2858 2315 2913 das „Vermächtniß“, das gestern im Deutschen
1366 2894 2307 2950 [Theater einen starken unbestrittenen Erfolg errang,
996 2928 2306 3005 er Gasversorgung behandelt das alte Propiem. Es ist gleichsam
1022 2974 1380 3029 hat jetzt endlich für
1385 2977 2300 3038 das trübe Nachspiel zur Tragikomödie der freien Liebe.
1027 3007 1379 3067 Erledigung gefunden.
1392 3030 2307 3108 Der Professorssohn, der von jähem Tode aus
1021 3051 1376 3114 nhausen, Französisch¬
1389 3074 2307 3134 einem frohen Genußleben gerissen wird, hinterläßt
1043 3091 1390 3148 seit geraumer Zeit
1022 3129 2311 3188 sie am leichtesten zusein ungetrautes Weib, sein Kind der Obhuk seiner
1025 3166 1375 3221 geplaufen Errichtung
1385 3162 2303 3222 Familie. Sein Wille wird geehrt, Mutter und Kind
1010 3205 1386 3264 wegen der damit ver¬
1394 3205 2305 3265 finden liebevolle Aufnahme in der fremden Welt
1019 3241 1382 3297 en werden und die
1393 3251 2300 3320 der Gesellschaft. Die Abgründe scheinen überbrückt.
1007 3275 1375 3334 ilten Berlins und der
1401 3292 2306 3353 Aber der Tod des Kindes zeigt, wie schwach
1017 3313 1370 3378 ing von Röhren nach
1395 3338 2300 3389 die Fäden sind, die sich zwischen den ungleichen
1008 3355 1376 3413 u keinem Abschluß.
1393 3376 2306 3434 Hausgenossen geknüpft haben. Das Achselzucken der
1019 3393 1379 3449 englische Gas¬
1398 3421 2306 3484 Bekannten, der richtende Philistersinn eines tyrannisiren¬
1008 3430 1372 3488 gen, die Sache in die
1401 3465 2309 3522 den Schwiegersohnes führen schnell genug den Bruch
1008 3471 1377 3526 sind bereits in Angriff
1008 3508 1373 3564 t bis zur Prenzlauer
1389 3508 2311 3575 herbei. Das Mädchen, dem in kurzer Frist alles ge¬
1002 3549 1383 3604 tiggestellt, es handelt
1398 3564 2294 3614 raubt ist, mird aus dem Heim, nach dem sie bangt, ver¬
1031 3588 1368 3644 Legung der Röhren
1398 3595 2308 3674 trieben. Für sie ist das Leben abgeschlossen. Sie sucht
1009 3627 1374 3687 Rangirbahnhofs. Hier¬
1393 3640 1564 3710 den Tod.
1012 3664 1386 3719 aber auch bereits die
1446 3667 2306 3755 Zu einem wirksamen Theaterstück hat Schnitzler
1015 3704 1391 3752 ieerwähnten Vororte
1009 3744 1377 3794 ter Gas zu Beleuch¬
1397 3741 2310 3800 diesmal seinen Stoff gestaltet. Ein sympathischer Zorn
1001 3785 1384 3858 zur Verfügung haben
1389 3787 2310 3841 hat ihm die Feder geführt. Der Zorn gegen eine kläg¬
1383 3816 2309 3884 liche Moral, die sich vor einem Verhältniß bekreuzigt,
997 3854 1380 3922 einer elektrischen
1398 3866 2308 3934 das nicht von der bürgerlichen Gesetzmäßigkeit abge¬
997 3907 1377 3959 Erkner mit Kalkberge¬
1387 3912 2304 3986 stempelt ist. Aber mir scheint, als habe die „Liebelei“
1001 3946 1381 4004 Elektrizitätsgesellschaft
1397 3962 2082 4014 einer verwandten Frage tiefer nachgespürt.
1001 3988 1387 4039 egierung in Potsdam
1432 3979 2308 4044 Als sei das gleiche Problem im älteren Werk mit
998 4019 1379 4077 ist beabsichtigt gleich¬
1396 4048 2305 4095 reineren, unbefangenen Künstleraugen gesehen, während
993 4063 1372 4120 eine elektrische Zentrale
1381 4097 2301 4136 im „Vermächtniß“ die Brille der Tendenz den Blick des
2480 214 2573 301 50
