3392 4384
179 252 1826 366 10. Das Vernaechtnis box 16/5
930 1251 1330 1338 Telephon 12801.
1130 1404 1309 1497 MADN
334 1430 1129 1526 W A
171 1494 1316 1618 O l. österr. behördl. konz. Unternehmen für Zeitungs¬
643 1569 929 1637 Ausschnitte
337 1608 1234 1711 Wien, I., Concordiaplatz 4.
601 1686 980 1768 Vertretungen
244 1725 1345 1822 in Berlin, Budapest, Chicago, Christiania, Genf, Kopen¬
258 1778 1353 1856 hagen, London, Madrid, Mailand, Minneapolis, New Vork,
248 1808 1343 1903 Paris, Rom, San Francisco, Stockholm, St. Petersburg.
567 1870 1408 1960 Demtsches Volksblatt, Wien
261 1933 673 2024 Aussehnitt aus:
643 2031 1166 2124 1 HOUERSLR 1908
258 2039 412 2112 vom:
436 2186 1495 2286 Lustspieltheater. Artur Schnitzlers Schauspiel „Das
353 2239 1490 2325 Vermächtnis“, das vor zehn Jahren im Bürgtheater mit
367 2269 1489 2382 Schratt und Hartmann in den Hauptrollen seine Urauf¬
368 2317 1486 2407 führung erlebte, wurde gestern zu einem wohltätigen Zwecke
360 2364 1481 2456 im Lustspieltheater mit Niese und Maran gegeben ###
355 2393 1475 2490 ist ein tränenreiches Stück. Im ersten Akte stirbt der ##
365 2461 1489 2550 eines reichen, angesehenen Mannes an den Folgennes
359 2495 1480 2590 Sturzes vom Pferde und hinterläßt seinen Eltern als „Ver¬
351 2532 1482 2637 mächtnis“ seine Geliebte und sein vierjähriges Söhnchen.
350 2584 1484 2675 Im zweiten Akte stirbt das Kind und im britten Akte wird
357 2619 1483 2710 die ledige Mutter aus dem Hause gejagt, worauf diese einen
355 2672 1472 2772 Selbstmord begeht. Die Tendenz des Stückes richtet sich
338 2719 1476 2792 gegen die Gesellschaft, die den Liberalismus auf der Zunge,
338 2759 1473 2850 aber nicht im Herzen trägt. Die Darstellung war sehr
345 2805 1477 2889 gelungen. Frau Niese fand erschütternde Töne, Maran
349 2842 1476 2935 zeichnete den „korrekten“ Staatsbürger, dessen Charakter
337 2897 1482 2994 über die Grenzen der Konvenienz nicht hinausgeht, ausge¬
336 2938 1477 3025 zeichnet, aber man denke: Eine Rolle, in der man über
346 2983 1476 3070 Maran nicht ein einzigesmal lachen darf. Von den übrigen
338 3017 1472 3110 Darstellern siel vor allen Fräulein Gerzhofer durch
324 3062 1460 3156 ihre edlen Ausdrucksmittel auf. Die Burgtheaterjahre sind
333 3122 1472 3204 nicht spurlos an ihr vorübergegangen. Neben ihr gebührt
333 3142 1474 3245 Herrn Forster für scharfe Charakterisierung und gutes
348 3195 1475 3279 Sprechen volle Anerkennung. Herr Lessen war in einer
334 3224 1472 3328 Episode ausgezeichnet. Besonders sind endlich noch die
329 3285 1474 3388 Damen Maltana, Schöller und Neuwirth sowie
332 3327 1465 3416 die Herren Lucas und Vasco hervorzuheben. Das
325 3363 996 3456 Publikum geizte nicht mit Beifall.
1267 3411 1424 3487 I. P.
2464 1254 2847 1338 Telephon 12.801.
2497 1359 2649 1438 D.
1972 1395 2616 1487 „ODSLIVEN
1737 1445 2841 1547 I. österr. behördl. konz. Unternehmen für Zeitungs-Ausschnitte
1872 1523 2717 1628 Wien, I., Concordiaplatz 4.
2078 1601 2500 1677 Verfretungen
1742 1666 2830 1733 in Berlin, Budapest, Chicago, Christiania, Genf, Kopen¬
1747 1709 2841 1771 hagen, London, Madrid, Mailand, Minneapolis, New-Vork,
1788 1746 2780 1820 Paris, Rom, San Francisco, Stockholm, St. Petersburg.
2078 1787 2506 1835 (Quellenangabe ohne Gewähr).
1735 1807 2864 1919 Ausschnitt alfl#striertes Wiener Estrablatt
2358 1880 2538 1968 Wien
1982 1923 2301 2003 11. 11 1908
1747 1931 1883 1996 vom:
1910 2088 2823 2220 Lustspieltheater. Das gestern zu wohltätigem
1790 2151 2797 2234 Zwecke gespielte Schnitzlersche Schauspiel „Das
1791 2176 2796 2284 Vermächtnist##Btheater her bekannt.
1798 2224 2795 2315 Die Rezension sollte eigentlich auf Trauerpapier
1785 2267 2792 2342 geschrieben werden. Aber ein echter Dichter redet
1796 2309 2792 2388 aus diesen umflorten Szenen, ein Verbesserer der
1791 2349 2797 2430 Welt und des Gesetzes“. Einer in falschen Tugend¬
1790 2375 2791 2481 begrissen verknöcherten Gesellschaft hält er sein
1785 2402 2784 2497 Problem wie einen Hohl= und Zerrspiegel vor.
1799 2453 2792 2556 Hebbel hat einmal gesagt, man könne dort nicht
1782 2486 2795 2595 weiterlieben, wo ein anderer zu lieben aufgehört.
1778 2543 2786 2618 Und nun fordert ein sterbender Sohn von seiner
1779 2564 2777 2657 Familie, sie möge sich in Liebe seiner unvermälten
1780 2605 2262 2674 Genossin und seines
2260 2626 2787 2696 Söhnchens annehmen!
1783 2638 1934 2696 Hansi
2156 2660 2315 2710 spielte
2343 2670 2788 2735 die Toni Weber,
1772 2675 2784 2770 das süße Wiener Mädel im Schwarz, „wie Niobe,
1779 2728 2781 2804 ganz Tränen“. Die Echtheit und Gewalt ihrer
1769 2758 2779 2866 Empfindung ist groß. Selbst wenn mehrere gänzlich
1775 2798 2773 2888 verrshte und sittlich verkommene Individuen zufällig
1765 2832 2774 2919 im Theater anwesend gewesen sein sollten, so müssen
1767 2871 2783 2961 sie unbedingt erschüttert und bewegt worden sein.
1770 2920 2765 3012 Die Mutterzärtlichkeit der Niese war wieder von
1762 2949 2770 3049 herrlichster Echtheit. Maran spielte die Hartmann¬
1769 2987 2771 3074 Rolle des Professors Losatti mit feinster und vor¬
1764 3019 2773 3121 sichtigster Charakterisierungskunst. Man ist ja ge¬
1753 3058 2765 3161 wohnt, über ihn zu lachen, so wie er nur erscheint
1755 3102 2758 3195 und nun sollte man blos lächeln über ihn. Er
1750 3129 2764 3238 machte eine Art von Hjalmar aus der Figur,
1754 3170 2758 3267 einen Poseur und Phraseur der Sittlichkeiten. Die
1746 3216 2761 3303 Damen Maltana, Gerzhofer, Schöller,
1751 3249 2762 3341 Neuwirth und die Herren Vasco, Forster
1749 3292 2762 3401 Lucas und Lessen bildeten ein sehr respektables
1739 3329 2742 3412 Ensemble. An Einzelheiten mag immerhin einiges aus¬
1746 3363 2747 3466 zusetzen sein, das Zusammenspiel hält selbst gefähr¬
1747 3404 2752 3486 lichen Vergleichen ehrenvoll Stand. Das Publikum
1737 3442 2748 3526 ging schluckzend mit den Leidtragenden da droben.
1740 3487 2740 3578 Den schwersten Stand hatte, wie schon angedeutet,
1742 3513 2751 3622 Maran... Was mich betrifft, so gestehe ich ganz
1735 3560 2742 3659 offen, daß ich, wenn Meister Maran an mein
1733 3585 2742 3684 Sterbelager träte, nicht imstande wäre, den Ernst der
1727 3614 2157 3692 S#natinn # wohren
