3484 4256
1472 152 1658 244 box
1653 151 1911 250 16/2
247 160 1317 271 10. Das Verngechtnis
1207 318 3153 407 oder jener nichts bekommen hat, verrathen die Wiener Sohn der wohlhabenden Familie der erst zu
1221 382 3145 442 traurigen Mienen der verbittert einherschreitenden leben beginnt und das Wiener Mädchen aus dem Wiener
1220 433 2186 492 Ritter der Einbildung, daß auch die erhaltenen
2180 436 3164 506 Volke, das eine voll aufgeblühte Schönheit, die Mauer¬
1214 468 2190 530 Grade Mißstimmung erregt haben. Wenn Jemand
2180 478 3143 551 überblühend, dem jungen Mann entgegennickt, sind
1210 503 2180 579 den Franz Josephs-Orden erhielt, war er betrübt
2184 520 3150 591 die Helden der Schnitzlerschen kleinen Dramen,
1212 556 3151 637 darüber, daß ihm die eiserne Krone nicht geworden, die Schnitzler hat den starken Zug des Wiener sentimen¬
1221 598 2176 666 eisernen Ritter hatten den Leopolds-Orden erhofft oder
2179 614 3153 677 taten Frauenlebens in seine Stücke aufgenommen,
1227 645 2179 707 das Comthur-Kreuz des Franz Josephs=Ordens; kurz,
2180 656 3150 714 ihnen aber etwas Frivolität aus den Pariser Aureiz¬
1222 689 3158 759 man sah manche Glückliche aber auch sehr viel Unglück= stücken aufgepfropft. Mit Unrecht. Wir werden nieden
1226 735 2188 805 liche. Kurze Zeit nach dem Ordensregen durcheilte die
2168 738 3152 808 Esprit der Franzosen erreichen und immer sentimental
1224 770 2183 844 Stadt die Kunde es werde zu Weihnachten ein
2180 788 3142 862 bleiben. Wienerisches Wesen wird immer Wienerisch
1211 809 2173 895 Nachtrag, ein Supplement, und zwar ein ziemlich
2175 829 3148 890 sein. In Schnitzlers neuestem Stücke, einem größeren,
1213 860 2182 924 ausgiebiger erfolgen, und viele Mienen heiterten
2180 862 3150 950 schwereren, den ganzen Abend füllenden Werke, ist
1218 912 2177 973 sich auf. Wie wir hören ohne Grund. Mit den Orden
2171 916 3148 990 unser Dichter in etwas höhere Regionen empor¬
1207 951 2180 1012 in Massen ist es vorläufig zu Ende und das ist gut.
2166 965 3139 1025 gestiegen und hat sich weiter ausgedehnt und aus¬
1217 983 2183 1062 Der Ehrgeiz drohte und droht noch eine Krankheit
2169 1008 3146 1069 gebreitet. Er, der sonst ziemlich objectiv die Welt
1221 1036 2176 1097 zu werden in Oesterreich. Nicht die Ehre, sondern
2170 1049 3146 1102 betrachtet, sie giebt wie sie ist, oder wenigstens wie
1219 1081 2178 1143 das Ehrenzeichen ist heute das Ziel fast aller die mit
2177 1094 3147 1166 er sie sieht oder zu sehen glaubt, verließ den be¬
1208 1130 2185 1202 dem Staatswohl in irgend einer, wenn auch noch so
2180 1129 3150 1202 obachtenden Standpunct und spielte sich auf den
1218 1170 1832 1242 entfernten Verbindung sehen.
2164 1185 3141 1249 Sittenrichter hinaus. Er proclamirt am Schlusse
1244 1207 2185 1286 Damit der Kreis der Streber noch vergrößert
2173 1227 3150 1291 seines Dramas die Lehre, daß die Eltern und Geschwister
1217 1252 2172 1322 werde, hat man diesmal auch die Frauen in den
2171 1275 3148 1327 eines durch einen Sturz vom Pferde verunglückten jungen
1207 1317 2177 1371 Wittbewerb gezogen. Es ist in letzter Zeit ein
2170 1318 3151 1388 Wiener, der seit Jahren hindurch ein Verhältniß
1208 1344 2178 1412 Elisabeth=Orden für Damen gegründet worden,
2169 1362 3143 1424 mit einem „süßen Mädel“ gehabt hat, eine Ver¬
1208 1399 2177 1469 welche sich große Verdienste in humanitairer Beziehung
2176 1403 3138 1467 bindung, welche durch ein kränkliches Kind gekrönt
1209 1447 2172 1502 erworben haben. In diese wurde der Same der
2171 1452 3145 1519 wurde, die Pflicht haben, die verlassene Halb=Wittwe
1221 1486 2177 1553 Ehrsucht gelegt was später nach dem Ordenschneefalle
2166 1493 3150 1557 und den nachgelassenen Knaben zu sich zu nehmen,
1208 1514 2174 1608 manche Klage über unverdiente Zurücksetzung
2165 1542 3142 1596 aufzuziehen, für ihn zu sorgen und dieselben zu #e#
1213 1564 1412 1636 erweckte.
2161 1583 3138 1654 handeln als ob es sich um eine verarmte unschuldig
1243 1610 3143 1699 Auch an kleinen Irrthümern hat es nicht gefehlt, leidende Wittwe handelte. Mit dem Psychologen
1201 1638 3151 1739 welche eine große Anzahl im Keime erstickter Recla=] Schnitzler kann man vielleicht bis zu einem gewissen
1209 1704 3138 1769 mationen nach sich zogen. Mau hat in mehreren Punkte gehen, dem Realisten aber muß man: „Um
1209 1738 3148 1800 Fälten=vereienstvollen Leuten ihre Tanfnamen nicht Vergebung Freund!“ zurufen „so stehen die Sachen
1203 1768 3142 1878 gelassen und es soll sogar der Fall vorgekommen nicht!“ Das Recht auf Liebe, wie wir es neunen
1207 1822 2166 1898 sein, daß ein um den Staat verdienter Mann, der
2174 1847 3141 1922 können, besteht nur insoweit, als durch die Ge¬
1207 1877 2170 1943 bereits vor acht Jahren den Franz=Josephs=Orven
2170 1888 3129 1950 währung derselben nicht Unglück in den Kreis ge¬
1199 1913 2184 1988 erhalten hat, diesmal wieder mit derselben Decoration
2164 1934 3137 1998 bracht wird, der Einen aufnehmen soll. Vater,
1205 1965 3140 2045 geschmückt worden ist. Die Beamten und Ange= Mutter und Schwester können nicht leicht einem
1199 1989 2179 2077 stellten der obersten Hofämter sind in den Besitz einer
2161 2020 3138 2070 auf dem Sterbebette liegenden Sohne die Bitte
1210 2048 3137 2133 eigenen schönen Denkmünze gelanet. Auch in diesen ausschlagen, die nachgelassene Halb=Wittwe und deren
1207 2090 3132 2183 Kreisen giebt es Klagen, die unserer Ansicht nach Kind in il en Kreis aufzunehmen. Aber sie begehen
1209 2147 3138 2213 berechtigt sind. Die k. k. Hofschauspieler und Hof= eine Ungerechtigkeit gegen sich selbst, wenn sie es
1201 2179 3129 2247 schauspielerinnen, welche wie andere Hofbeamte wirklich thun. Die liebevolle Aufnahme in der Fa¬
1194 2234 3132 2321 angestellt sind, haben, wie wir glauben, volles An= milie wird unbedingt früher oder später zur Lieblosig¬
482 2232 3137 2334 Wiener Briefe.rh mit den übrigen Hofbediensteten auch in Bezugt keit führen und damit eine ganze Reihe von Unglück¬
265 2300 1149 2380 W. A. Das Kaiser=Jubiläum ist vorüber.
1135 2306 1216 2378 Es
1211 2332 3136 2393 auf die Auszeichnungen auf gleichen Fuß gestellt zu lichen schaffen. Ein Professor und Abgeordneter,
264 2360 1226 2417 hat ziemlich viel Glückliche, aber noch mehr Unglück¬
1208 2363 3136 2446 werden. Sie wollen nun an entscheidender Stelle welcher mit tausend Fäden in der Gesellschaft
256 2425 3135 2478 liche gemacht. Der Ausdruck, den man gewöhnlich einreichen, damit die Knopflöcher der Männer, und wurzelt, seine Frau desgleichen und gar erst die
248 2457 3131 2518 in solchen Augenblicken gebraucht, indem man von das Stück Seide, welches von der Achsel zur Brust Tochter, die einen Bräutigam besitzt, werden in die
259 2496 3139 2543 einem Ordensregen spricht, ist diesmal gerechtfertigt der Damen reicht, mit bunten Bändern und peinlichste Situation gerathen, wenn sie das
260 2557 3139 2612 gewesen. Es war ein förmlicher Wolkenbruch, der glänzenden Medaillen ziere. Die Schauspieler! Mädchen aus dem Volke, das Mutter ist, in ihrem
251 2575 3120 2621 sich über ganz Oesterreich ergossen hat. Viertausend sprechen nicht laut, aber sie wünschen laut. Sie Hause auf gleich und gleich beherbergen. Hier ist
261 2628 3130 2713 und so viele höherer und niedrigerer Grade von glauben ihre Wünsche werden in Erfüllung gehen.weniger, mehr, hier ist Versorgung außer dem Hause
260 2672 1223 2729 Orden, Großkreuze, Comthur- und Ritterkreuze, Ver¬
1242 2682 3135 2745 Bleiben wir beim Theater und zwar bei den Hof- der Eitern und Geschwister und ein Quantum von
261 2717 3134 2778 dienstkreuze, Titel aller Art von der Excellenz bis theatern. Im Burgtheater wurde ein neues Liebe und Sorgfalt so groß, als man es nur auf¬
251 2767 2165 2824 zum einfachen kais. Rathe berab und dazu drei Trauerspiel des Wiener Schriftstellers Arthur
2150 2772 2742 2846 bringen kann, der richtige Weg.
265 2805 2154 2877 Millionen Denkmünzen für das Militair an rothen, Schninler aufgeführt, betitelt „Das Vermächtniß“
2180 2803 3125 2890 Gespielt wird das Stück im Burg=Theater vor¬
263 2863 3132 2925 für das Civil an weiß -rothen moiré- antique-] Schnißler ist der begabteste der jüngeren Wiener trefflich. Herr Hartmann der viele Jahre hindurch
259 2898 3128 2971 Bändern haben die Welt beglückt. So sollte Theater=Autoren=Schule. Er begann mit kleinen in natürlichen Stücken durch seine Unnatürlichkeit
248 2930 1221 3005 man glauben. Dem ist aber nicht so. Nicht alle
1205 2949 3123 3022 einactigen Stücken, die bereits im Keime alle seine eine Unbeliebtheit errungen hatte, welche im Wiener
260 2984 1222 3047 welche etwas erhofften oder erwünfchten, sind mehr
1218 2994 3129 3066 Vorzüge, seine Physiognomie, Mundart, Denkungs= Burg=Theater fast beispiellos zu neunen war, hatte
264 3044 2156 3101 oder minder nach dem wirklichen oder eingebildeten weise und Empfindungsmanier enthielten. Er kennt
2149 3040 3126 3108 diesmal einen Deputirten darzustellen, welcher sich
260 3060 2167 3147 Bredienste sichtbar begnadet worden. Der Ideal=den Wiener Jüngling und das Wiener Mädchen,
2157 3092 3134 3153 affectirter Weise als um das Wohl seiner Neben¬
260 3113 2167 3189 staat, inwelchem jeder Mensch mit dem Rechte, bevor sie in den Stand der Ehe treten, er kennt die
2155 3134 3125 3201 menschen sorgender Volksvertreter ausspielt und dabei
265 3152 1227 3231 einen Orden ze bekommen, geboren wird, ist
1214 3173 2169 3241 Dinge um welche sich ihre Phantasie, Gedankenwelt
2149 3163 3126 3235 von dem kleinlichsten Ehrgeiz geleitet wird. Die
267 3195 1222 3280 glücklicherweise noch nicht erfunden, denn dann näre
1207 3218 3124 3269 und Begierden bewegen. Lieben und geliebt werden, Ambition dieses Volksmannes stimmte nun mit jener
268 3238 3126 3313 die Auszeichnung keine Belohnung mehr und es glücklich sein und glücklich machen, unglücklich sein des Darstellers so außerordentlich zusammen, daß
253 3266 3126 3352 müssen neue Mittel und Wege gesucht werden, um und unglücklich machen, das ist der Inhalt der kleinen durch das Zusammenklappen beider Figurinen ein
286 3331 3134 3430 hrgeizige zu befriedigen. Aber nicht nur, daß dieser Stücke, die Stücke aus dem Wiener Leben sind. De## vollendetes Bild g### deu wurde. Mehr erreichen.
2150 3395 3131 3459 n—Maungeht-i-Sen-Alicht
2140 3427 3114 3520 um Herrn Hartmann sortan dieses Fach zur aus¬
2149 3481 2862 3545 schleßlichen Benutzung anzuvertrauen.
2168 3523 3113 3594 Im Opern=Theater hat das Werk eines Oester¬
2134 3560 3143 3638 reichers, des Mannheimer Capellmeisters Herrng
2136 3615 3127 3669 Rezniczek recht gut gefallen. Es ist betitelt!
2143 3653 3109 3734 „Ponna Diana“. Das gleichnamige Lustspiel bildet
2128 3695 3116 3773 die Quelle. Die philosophisch gebildete Donna Diana
2142 3734 3116 3812 musikalisch zur Vernunft zu bringen, war eine schwere
2140 3776 3110 3853 ##nfgabe und sie ist dem Componisten auch nicht ge¬
2138 3827 3115 3895 lungen, aber der Mann kennt das Orchester und¬
2126 3858 3099 3926 weß mit ihm siegreiche Schlachten zu schlagen, was
2136 3912 3110 3997 nicht Wunder nimmt, da er Capellmeister in der
2130 3958 2783 4034 österreichischen Armee gewesen ist.
