3392 4384
921 273 1037 333 m a
1560 268 2031 350 box 16//4
369 265 1408 369 10. baschtnis
1138 953 1253 1020 106
1820 976 1987 1035 Beiblatt.
1122 1067 1886 1138 lern dem Verein zur Verfügung stellt, ein
1907 1079 2682 1160 an Schnitzler zu schäßzen ist wird nicht ge¬
1123 1118 1888 1178 Entgegenkommen, das — wenn man der
1921 1130 2686 1182 Uinger, went man sich gegen diese so ober¬
1108 1165 1884 1207 Schwierigkeiten an anderen Orten um das
1916 1174 2692 1234 flächliche Behandlung eines so verzwickten
1111 1198 1896 1244 Erlangen guter Darsteller zu solchem Zwecke
1920 1216 2694 1255 Problems: die verwitwete Geliebte und
1111 1242 1887 1297 gedenkt — durchaus anerkannt werden
1911 1261 2690 1304 ihre Stellung zur gutbürgerlichen Familie
1119 1286 1889 1332 muß. Allerdings treten ja auch hier im
1920 1289 2683 1347 ihres Liebhabers energisch wehrt. Es
1116 1314 1854 1377 Süden die sozialen Gegensätze nicht
1913 1330 2688 1374 ist ein Ruf an unser gutes Herz, eine Bitte
1112 1353 1893 1412 scharf und spinnefeind einander gegenüber,
1915 1379 2690 1426 um Mitleid, die Schnitzler da in seinem
1113 1400 1890 1453 und so hat auch Max Halbe ohne weiteres
1915 1407 2697 1463 Schauspiel in dramatische Form gebracht
1117 1435 1882 1491 Bedenken und ohne daß man es ihm ver¬
1906 1445 2679 1492 hat. Aber die böse Blendlaterne der
1110 1473 1880 1515 dacht, den Vorsitz dieses Vereins über¬
1905 1482 2681 1546 Tendenz wirft in seine Welt so eiteln Glanz
1110 1521 1880 1568 nommen, dessen Publikum zu vier Fünfteln
1906 1522 2684 1583 und so viel schweren Schatten, daß der
1113 1564 1889 1610 aus „Genossen“, aus Mitgliedern der
1908 1568 2694 1616 naive Sinn in seinen trüben Vorurteilen
1110 1591 1877 1652 hiesigen Gewerkschaften besteht. Der erste
1907 1609 2689 1670 nur bestärkt wird, statt daß ihm ein reines
1112 1632 1879 1684 Paragraph besagt, es wird bezweckt, den
1902 1649 2682 1696 Licht der Erkenntnis, wenn auch nur ge¬
1113 1668 1887 1732 Mitgliedern „Kunstwerke aller Gattungen,
1911 1682 2689 1726 fühlsmäßig zunächst, aufginge über alles
1108 1705 1877 1759 insbesondere dramatische, sowie sonstige
1901 1721 2687 1779 Zwiefache der Welt. Und darum hätte ich
1109 1750 1878 1811 Dichtungen und Musikwerke vorzuführen
1911 1765 2678 1801 herzlich gewünscht und hoffe es für die
1106 1795 1889 1848 und zu erläutern". Dieses Programm
1910 1804 2686 1846 Folge, daß man in unserer Volksbühne
1106 1832 1876 1873 liest sich ja so leicht, leuchtet ohne weiteres
1901 1847 2676 1891 mehr und mehr die reinen Kunstwerke,
1107 1867 1887 1910 ein. Aber die Ausführung ist schwer, und
1903 1889 2681 1943 und seien sie immerhin älteren Ursprungs,
1101 1905 1878 1958 schwerer als man denkt. Schon am Grün¬
1905 1927 2677 1979 zum Gewinn weiterer Horizonte, tieferer
1106 1938 1873 2003 dungsabend war deutlich zu spüren, daß
1901 1961 2681 2006 Herzensbildung unter das Volk bringe.
1104 1982 1872 2036 die Mitglieder einer allzu litterarischen
1904 1999 2673 2049 Mit einiger geschickter Kunstpolitik wird sich
1111 2021 1885 2070 Auffassung des Begriffes Kunstwerk ent¬
1895 2043 2667 2090 das, nach und nach, schon machen lassen.
1112 2059 1887 2121 schieden abgeneigt sind, daß sie für ihr
1956 2082 2680 2134 Unser Gärtnerplatztheater, das in den
1097 2103 1878 2158 gutes Geld mit Werken bedacht werden
1900 2110 2688 2175 letzten Jahren unter dem pfiffigen Geschäfts¬
1105 2140 1882 2189 wollen, die gut sind nach ihrem, der Arbeiter
1892 2151 2688 2212 mann und Operettentenor Brackl arg ver¬
1108 2177 1835 2236 Sinn. Ja, es hätte nicht viel gefehlt, s
1899 2193 2680 2240 lumpt ist, wird nun wohl unter Stollbergs
1098 2204 1874 2269 wäre beschlossen worden, daß nicht etwa
1894 2230 2679 2285 Leitung auch wieder hie und da mit An¬
1091 2260 1872 2309 die sieben Männer des Vorstandes, sondern
1894 2272 2687 2322 stand nach Kunst gehen, statt wie bisher
1101 2299 1867 2354 der ganze Verein das Recht der Auswahl
1902 2303 2679 2363 ausschließlich nach Brot. Es wurde mit
1104 2341 1879 2392 üben sollte. Das ist, Gottlob! — verhindert
1899 2348 2673 2401 Rostands langnäsigem Cyrano, wie man
1103 2387 1879 2431 worden. Aber es ist klar, daß nun der
1895 2382 2334 2438 sagt, nicht übel eröffnet.
1100 2413 1870 2456 Vorstand mit dieser Stimmung rechnen
1950 2423 2671 2475 Von einem neuen Theater ist allerhand
1095 2451 1878 2501 muß und der sozialen Anklage=Litteratur
1892 2463 2677 2513 Märchenhaftes zu hören und sogar schwarz
1096 2499 1863 2551 nicht entraten kann. Das ist zu bedauern,
1882 2498 2672 2557 auf weiß zu lesen. Hinter der Prinz¬
1100 2530 1869 2587 denn auch der Arbeiter muß sich daran
1893 2535 2217 2589 regentenbrücke, —
2219 2551 2670 2597 wenn man von ihr als
1094 2579 1870 2616 gewöhnen, vor der Kunst die Parteigefühle
1895 2591 2672 2636 von einem Dinge, das eigentlich nicht da
1099 2615 1876 2668 und =Gesinnungen ganz und gar aus¬
2007 2614 2423 2674 konkret sprechen darf
2483 2623 2676 2679 auf dem
1088 2648 1870 2695 zuschalten, er muß sich als reiner Mensch,
1895 2656 2672 2705 hohen Isarufer, wo Stuck seine neue,
1098 2693 1861 2735 das Dargestellte als rein menschlich empfin¬
1893 2711 2668 2756 unbehaglich kalte, aber antike Villa hin¬
1087 2728 1845 2784 den lernen. Ich sage wohlweislich: er
1899 2740 2664 2780 gebaut hat, wo dem, der München ein
1091 2764 1867 2824 muß das lernen, denn er kann es noch
1892 2780 2668 2822 paar Jahre nicht mehr sah, ein ganzes
1092 2813 1869 2851 nicht, und unsere Freien Bühnen, so ver¬
1887 2821 2663 2869 modern aber geschmackvoll aufgefuhrtes
1099 2853 1869 2901 dienstlich sie gewirkt haben und noch wirken,
1895 2850 2671 2912 Villenviertel freudig aufstoßen wird, dort
1097 2887 1871 2927 haben doch in tausend Köpfen die Irr¬
1884 2891 2664 2939 soll unser Theater zu stehen kommen. Nach
1099 2930 1875 2982 meinung großgezogen, als gäbe es eine
1888 2937 2677 2990 Bayreuther Art, mit Amphitheater ohne
1091 2962 1872 3026 Kunst des vierten Standes, als zöge diese
1890 2979 2670 3032 Ränge, verdecktem Orchester und so weiter
1090 3002 1865 3057 gemeinsam mit der Politik der armen
1889 3020 2671 3061 solls als eine dritte große Hofbühne erbaut
1089 3043 1865 3099 Teufel hinaus in die Zukunft. Diese Mei¬
1886 3059 2669 3109 werden. Nicht als Eigentum der Krone,
1087 3086 1864 3136 nung muß überwunden werden, und tröst¬
1887 3098 2663 3147 Possart pachtet es nur, um Opern und
1094 3124 1863 3182 liche Anfänge dazu sind ja auch schon da.
1889 3131 2058 3181 „große“
2059 3130 2662 3183 Schauspiele darin zu geben,
1082 3155 1867 3216 Bei uns zwar noch nicht, denn Arthur
1893 3166 2660 3218 namentlich an Sonntag=Nachmittagen zu
1091 3194 1859 3254 Schnitzlers „Vermächtnis“ das man
1895 3210 2675 3270 Volkspreisen. Der Plan ist gut, wir wollen
1093 3228 1863 3298 als Eröffnungsvorstellung gab, ist grade
1887 3245 2660 3311 uns seiner freuen. Aber Possart und
1098 3281 1869 3325 eines von den Tendenzstucken, wie ich sie
1884 3286 2660 3357 Volkspreise — es klingt doch gar zu
1082 3326 1878 3392 zur geistigen Erweckung des arbeitenden
1879 3324 2123 3387 märchenhaft.
1093 3363 1866 3422 Volkes lieber nicht verwendet sähe. Was
2157 3360 2609 3430 Eugen Kalkschmidt.
