3436 4480
189 255 1396 387 10. Das Vernaechtnis
1397 280 1870 376 box 16/3
797 1400 1181 1468 a
417 1371 2935 1518 als das Programm entworfen wurde, ebenso bekannt wie heute. abgesehen von ganz geringfügigen Zwischenfallen, lühig ettauser.: 22,
1636 1411 3362 1513 Die Lage ist nach wie vor unklar. Zwar sind verschiedene An= spalten sei. Ein sektirerische
411 1474 1631 1558 Wenn trotzdem bisher daran festgehalten wurde, und wenn nun
2844 1509 3367 1575 unter giebt sich hier eine
1625 1529 2855 1631 dichterisch bedeutenden ersten Akte finden sich Ansätze von Theaterei,
2845 1549 3363 1621 Hirschfeld, dem Dichter der
1632 1565 2847 1648 1 dann aber siegt der Künstler. der Dichter Schnitzler. In weichen
2849 1591 3360 1646 Jede Gestalt, vor Allen de
662 1596 1403 1686 Kunst und Wissenschaft.
1637 1603 2851 1685 Halbtönen schildert er seine Menschen, er kennt die Strömungen
2848 1610 3372 1677 sentirende Professor, ist eine
1638 1645 2849 1728 ihrer Unterseele, er weiß, wie leicht sich die Grenzen verwischen
2853 1660 3371 1731 Fülle feiner Beobachtung gis
811 1667 1280 1749 „Das Vermächtniß.“
1640 1688 2844 1772 zwischen dem, was man konventionell Tugend nennt und Laster.
2846 1704 3370 1773 Wort, das ganze Gedanke
764 1701 1322 1781 (Deutsches Theater.)
1639 1720 2853 1806 Er weiß, wie die Sehnsucht nach Glück in Allen lebt — er hat das
2863 1740 3368 1797 dumpfem Brüten plötzlich n
503 1725 1636 1817 * Gegen Arthur Schnitzlers neue Schauspiel=Dichtung
1642 1767 2855 1850 in seiner „Liebelei“ schlicht und herzlich den alten Musikus aus¬
2864 1782 3363 1847 bin nicht Schuld, daß das
431 1779 1642 1861 „Das Vermächtniß“ wird sich vom Standpunkt des Theater¬
1642 1793 2858 1904 sprechen lassen und hier ist es eine hochherzige Frau, die den Eiferern
2855 1823 3183 1893 ja auch Kinder.
424 1817 1641 1899 Praktikus viel einwenden lassen. Zunächst, daß, von diesem Stand¬
1649 1843 2864 1932 entgegnet, daß der Schauer eines Frühlingstages, ein Blick, der im
2930 1839 3366 1915 Das schöne, reife Dicht
424 1851 1650 1945 punkt allein betrachtet, die Fabel des Stückes ganz minimal ist:
1651 1863 2869 1965 rechten Moment über uns gleitet, all die ängstlich gehüteten Grenzen der
2862 1894 3369 1969 greifende Wirtung ausgeübt
426 1897 1646 1976 Ein junger Mann wird von jähem Tode ereilt und erhält sterbend
1644 1912 2866 2008 Konvention für uns verwischt. Und dem liberalisirenden, bequem mit dem
2858 1943 3347 2001 eine Schnitzler=Gemeinde,
421 1932 1653 2019 von seinen Eltern die Zusage, sie würden sich seiner Geliebten und
1643 1955 2863 2041 breiten Strom der Mehrheit schwimmenden Professor, der sich rühmt,
2871 1970 3375 2056 Dichter. Auch darstellerisch
421 1975 1647 2056 seines Kindes annehmen, würden in ihrem Hause den Beiden ein
1659 1991 2866 2084 der armen Toni verziehen zu haben, erwidert sie das schöne Wort:
2864 2009 3376 2081 Theaters“; ganz vollendet
433 2016 1652 2100 Heim bereiten; kurze Zeit lang erfüllen sie auch dieses Vermächtniß,
1652 2030 2869 2127 was hat ein Mensch dem andern zu verzeihen? Strafen dürsen wir
2878 2044 3364 2108 Rittner, Else Lehm
435 2050 1657 2133 dann aber, als das Kind ihres Sohnes stirbt, treiben sie die Ge¬
1655 2067 2879 2153 und rächen meinethalben, damit bleiben wir unter uns — aber zum
2870 2087 3369 2161 Darsteller der übrigen Part
435 2083 1658 2177 liebte ihres Sohnes aus dem Hause, nicht gerade äußerlich gewaltsam,
1654 2133 2423 2216 Verzeihen ist doch Keiner gut genug...
2869 2140 3097 2208 Ensemble.
441 2136 1655 2220 aber doch innerlich brutal, mit wohlgesetzten, vernünstelnden Worten
1737 2149 2873 2247 Die Professorenfamilie hat eben beständig das Gefühl, daß sie
435 2171 1659 2264 und in dem behaglichen, beruhigenden Wahne des Besitzenden, sich
1661 2193 2880 2280 verzeihend der armen Toni Gnaden erweise — erst als Toni, von
444 2210 1664 2304 von allen Pflichten loskaufen zu können durch Geld. Das ist
2977 2231 3370 2306 * Philipp Langmanns
1671 2228 2881 2324 der Familie ihres Geliebten brutalisirt, in den Tod geht, erkennt
438 2244 1664 2341 äußerlich b#trachtet das neue Theaterstück Schnitzlers, und der
2881 2281 3340 2343 im Schiller=Theater
1659 2284 2881 2383 diese, daß sie das Vermächtniß des Sohnes erst erfüllt hätte, wenn
449 2280 1665 2369 Theaterpraktikus wird ihm ärgerlich zum Vorwurf machen, daß er
2879 2318 3373 2394 Publikums seine Aufersteh
1660 2313 2874 2401 ste zu Toni einfach gut gewesen wäre. Diese Güte mangelt aber
444 2323 1667 2416 den Gang dieser Handlung niemals komolizirt hat durch Verwicke¬
2879 2364 3350 2427 für den Geschmack des
1668 2351 2875 2441 der Familie — die egoistische Freude, in dem Knaben ihres Sohnes
438 2361 1659 2457 lungen, durch Theatralia. Für uns aber, die wir den Dichter
2878 2381 3374 2466 Komödie mit vollem Verst
1666 2391 2883 2483 Ersatz für den Verstorbenen zu finden, ist es allein, was
443 2397 1673 2494 Schnitzler lieben und ihn nicht durch einen Theatraliker erietzt sehen
2882 2442 3371 2503 dings auch in einem S
1670 2425 2884 2506 ihnen die Uebernahme des Vermächtnisses und die übernommene
449 2434 1675 2527 möchten, liegt ein Fehler des Stückes eher darin, daß er hiet, wenn
2879 2468 3369 2538 werden könnte, wenn nich
1670 2470 2880 2564 Pflicht erleichtert. Nach dem Tode des Kindes macht sich sofort alles
443 2470 1673 2571 auch wohl widerstrebend, den Versuch gemacht hat, ein Theater¬
2884 2528 3373 2581 treibungen den Gesammtei
1665 2502 2888 2593 Kleinliche in ihnen wieder geltend und die Rücksicht auf die Gesell¬
445 2522 1680 2621 stück im Sinne des großen Publikums zu schreiben. Ich glaube
2893 2563 3323 2616 Volksscene im 2. Akt;
1669 2542 2880 2638 schaft siegt endlich. Unterstützt wird dieser Rückfall in Gewöhnlich¬
447 2560 1674 2634 das vor Allem vom ersten Akt, der bei aller dichterischen
2888 2600 3356 2659 Charaktere deutlich vor, j
1674 2576 2892 2676 keit durch die Beredsamkeit des jungen Hausarztes, der um die
464 2597 1668 2682 Schönheit doch nicht die reinen künstlerischen Linien der „Liebelei“
2883 2637 3372 2708 gegliedert und doch ein
1678 2619 2897 2722 Tochter wirbt — diese Figur mag erlebt, mag durchaus wahr sein,
457 2639 1669 2729 aufweist, der bei all seiner tiefen Innerlichkeit und seiner grund¬
2892 2672 3379 2735 Schreien könnte man etw
1675 2664 2892 2761 aber sie wirkt nicht ganz wahrscheinlich, wie fein auch Schnitzler durch
453 2675 1686 2763 legenden Charakterisirung der Gestalten doch eigentlich ein Bühnen¬
2694 2702 2900 2767 nicht der
2888 2723 3365 2780 Max Pategg spielte,
1677 2700 2652 2805 Betonung der freudlosen Jugend dieses Fanatikers
465 2713 1677 2806 Nothbehelf ist und den wir lieber fort wünschen. Der Tod des
1677 2734 2900 2842 Sittlichkeit sondern unserer Sitten — ihn vielfach erklärt. Alle
2889 2759 3369 2811 erschien der äußere Ausd
449 2754 1685 2845 jungen Mannes wäre künstlerischer in die Vorfabel gelegt worden
2887 2798 3373 2855 Therese Leitner gab
1675 2782 2903 2859 anderen Gestalten, in denen immer das Für und Wider
459 2790 1679 2879 und dann hätte sich wohl Gelegenheit gefunden, die Beziehungen der
2890 2825 3382 2887 die Vertheidigung ihres
1689 2826 2895 2908 gegeneinander kämpft, sind dem Dichter vorzüglich geglückt: sie
459 2834 1684 2919 Eltern zu Toni, der Geliebten ihres verstorbenen Sohnes, ihre all¬
1683 2855 2900 2950 sind wirklich lebende Menschen, gesehen und geschildert ohne Haß,
2891 2874 3365 2930 (Grete Meyer) war e
473 2867 1689 2959 mählich, ihnen unbewußt aufkeimende Abneigung gegen Toni noch
2899 2907 3376 2982 Darstellern kann in Bau
1688 2880 2899 2987 aber vielfach mit warmer Liebe. Die Heldin wurzelt diesmal nicht
467 2937 866 3014 breiter auszumalen.
1691 2923 2910 3020 wie in der „Liebelei“ auf Wiener Boden, wie denn überhaupt Schnitzler
560 2943 1683 3039 Schnitzlers Versuch, dem Theaterstück im gewöhnlichen Sinne
460 2981 1696 3094 Konzessionen zu machen, ist erfreulicherweise gescheitert — gescheitert
465 2970 2910 3142 en seiner feinen Kunst. Denn nur in dem immerhin auch schon diesmal nicht mehr von lokalen Vorbedingungen ausgeht — mit¬
