3484 4320
1314 223 1788 319 box 16/2
121 226 1185 330 10. Das Vermacchtnis
1326 1402 3279 1472 Mädchengestalten Gretchens und Klärchens. Vor und nach ffizirt. Das Herz eines Armenarztes und d
515 1392 1266 1479 Wiener Theater. ## ##, #0
1329 1449 3278 1519 ihm gedieh freilich allezeit eine faule Flora der sogenanntenl politischen Sachwalters arbeiret in Sch##
216 1450 1307 1536 Schnitzlers „Vermächtniß“ im Burgtheater.
1327 1490 3260 1547 „Buhlerinnen=Romane“ neben dem selbständigen Typus, Mit außerordentlicher advokatorischer
233 1515 3272 1600 hm. Wien, 2. Dez. Das jüngste Modewort von den den Rousseau in den „Conkessions“ mit seiner Lauretta und blendet, reizt oder empört er sein
162 1554 1334 1629 „lieben, süßen Wiener Mädeln“, ist nur ein neuer Name
1331 1578 3272 1642 Pisana geschaffen. So würde es ein Buch, nicht einen Theaterabend. Der höchste Kranz des
166 1609 1347 1680 für eine uralte Sache; auf Schritt und Tritt begegnen
1333 1615 3270 1681 Zeitungsaufsatz erfordern, den Stammbaum der cour- indessen nicht solchen Eingebungen un
152 1639 1336 1712 uns in der deutschen Dichtung der letzten anderthalb Jahr¬
1337 1657 3282 1747 tisaue genéreuse aufwärts bis zu den frühesten Um= dauernde Sieg des Dichters fällt nach U
154 1694 1350 1767 hunderte die vielgestaltigen Spielarten der courtisane
1326 1717 3283 1774 bildungen des Magdalenen=Charakters im mittelalter=nur dem zu, der als Richter über Alle
165 1740 1345 1799 généreuse, wie das der Heidelberger Germanist Professor
1319 1744 3275 1819 lichen, geistlichen Schauspiel und abwärts bis zur Lady parteiische, Gerechte und Ungerechtemit g
166 1769 1339 1846 Max Freiherr v. Waldberg im Festvortrag dieses Jahres
1328 1797 2485 1850 Milford allen emanzipirten Weibern des „Jungen Deutsch¬
2485 1804 3265 1858 heit wägende Urtheil Shakespeare's —
237 1823 1347 1896 Goethe und die Empfindsamkeit“ — im Frankfurter
1325 1846 3278 1909 land“, Auerbachs Irma (die im Roman „Auf der Höhe“ gewissen — wird länger währen als die
147 1857 3276 1911 —Freien Deutschen Hochstift beiläufig andeutet. Auf Goethe  geflissentlich mit Lessings Orsina in Parallele gestellt istgen der Rebellen=Literatur. „Torped#
154 1907 2840 1984 hatten Prevosts Romane, deren nachl##tiger Einfluß auf und der Heldin von Fontane's „Irrungen, Wirrungen“ Arche zerschellt“
2822 1936 3285 1996 — dieser Trutzvorsa
151 1950 3249 2004 die deutsche Literatur noch so wenig gew#ürdigt worden ist, zu verfolgen. Es wäre eine nicht minder lockende und nicht zu Shakespeare's Persönlichkeit.
164 1998 1344 2070 schon in seiner ersten Jugend tiefen Eindruck gemacht, und
1319 2014 3287 2092 heikle Aufgabe, zu prüfen, ob und wie weit unsre jüngeren fangen stimmt gewiß auch mit Schnitzlers
158 2043 3283 2097 die Geschichte der schönen Sünderin aus den Rémoires deutschen Dramatiker an solchen und anderen großen Vorbil= wie mit seinen Kräften. Ein bißchen
164 2086 2481 2157 d'un homme de qualité hatten früh seinen durch eigene dern des 18. und 19. Jahrhunderts festgehalten oder neuen
2473 2100 3273 2159 des Menschengeistes“ treibt er gleichw
158 2121 2499 2219 Liebeswirren erregten Sinn empfindsam gestimmt. In Mustern dieser wandlungsfähigen Hetären=und Büßerinnen¬
2471 2144 3282 2213 seiner Dramen Liebelei“ war ein Ankla
155 2179 2488 2242 den Nachlaßserien des Dichters hat sich bei Eröffnung Schaar sich zugewendet haben. Selten, meines Erachtens
2474 2174 3255 2246 Kant der Philisterehe, Freiwild ein
161 2214 2478 2287 des Goethe=Archivs ein 1811 ausgearbeiteter Auszug der allzu selten, gehen unsre jüngsten deutschen Erzähler und
2476 2236 3260 2298 die Gleißnerei unsrer Ehrbegriffe und
154 2272 2479 2328 Manon Lescaut gesunden, der den Schluß des V. Buches Dramatiker bei den härteren, herberen realistischen Lehr¬
2472 2272 3276 2331 „Das Vermächtniß“ ist ein Anklagestück
161 2299 2486 2371 von Dichtung und Wahrheit“ bilden sollte. In den ein= meistern der Romane in die Schule. Doppelgängerinnen
2483 2324 3278 2381 heiligkeit unsrer bürgerlichen Gesellschaf
145 2338 2497 2418 leitenden Bemerkungen, die an sein unglücklich ausgegan= von Balzacs Madame Marneffe, Flauberts Madame
2562 2363 3280 2433 Ein 26 jähriger Doctor juris veru
155 2384 2480 2457 genes Adeateuer mit dem Frankfurter Gretchen anknüpfen,Bovary, Augiers „Abenteurerin" und Olympia, nicht zu
2479 2398 3270 2468 Spazierritt. Sterbend heimgebracht,
156 2428 2489 2507 erzählt er, daß die Prevost'schen Romane wohl auserlesen vergessen Zola's Nana, treffen wir in deutschen Büchern
2473 2434 3280 2523 Seinigen, seine Geliebte und sein un
146 2455 1338 2536 waren zur Nahrung eines solchen Kummers. Die Ge¬
1322 2489 2483 2547 und Stücken — wir möchten sagen dürfen: auch im deut¬
2483 2478 3271 2543 in ihr Haus zu nehmen — etwa wie
154 2513 2483 2567 schichte des Ritter des Grieur und der Manon Lescaut'schen Leben — lange nicht so häufig an, wie die roman¬
2474 2534 3278 2595 Gang zum Blutgerüst zu Alba's Bastat
160 2571 2482 2641 wäre ihm zu jener Zeit in die Hände gefallen und bestärkte tisch verklärten Abkömmlinge von Victor Hugo's Maria
2476 2569 3276 2635 ein Mädchen; du wirst sie nicht verach
154 2598 2487 2670 ihn auf eine süß quälende Weise in seinen hypochondrischen! Delorme, Mussets Grisetten, Dumas', „Cameliendame“
2468 2621 3268 2691 war. Nun ich sie dir empfehle, sterb'
150 2637 1335 2723 Thorheiten. Er gesteht in den Schlußworten ein, daß der
1312 2658 1906 2732 und Maupassants Musotte.
2462 2656 3277 2726 ein edler Mann. Ein Weib. das den fit
145 2684 1337 2764 große Verstand womit diese Dichtung konzipirt, die un¬
1396 2700 3278 2772 Von diesen Pariser Urbildern sind zumal Schnitzlers Dies wuchtige, in seiner Wortkargheit
149 2726 1333 2800 schätzbare Kunst, womit sie ausgeführt worden, ihm ver¬
1326 2725 3275 2799 „süße Mädeln“ bewußt oder unbewußt angeregt. Und Anliegen veranlaßte die Weimaraner
151 2773 3276 2853 borgen geblieben waren, daß das Werk auf ihn nur stoff=so wenig wie die Stoffwahl kann Schnitzlers Technik fran= Dichters, weitere Ausführungen des M
148 2819 3273 2894 liche Wirkung ausgeübt habe, fügt aber gleich hinzu, daß zösischen Einfluß verleugnen. Gleich dem jüngeren Du= verlangen. Goethe hätte — wie die It
138 2862 3283 2944 die Lektüre dazu beigetragen habe, sein Verhältniß zu mas geht er als Menschenfreund warmherzig ins Gericht richtet — gern diesen Wunsch erfüllt,
150 2916 3271 2977 Gretchen wonnevoller und als es zerstört wurde. seinen mit allerhand wirklichen oder vermeintlichen Schäden der mächtniß Egmonts“ einige Modifikati
146 2944 1225 3010 Zustand elender, ja das Uebel unheilbar zu machen.
1304 2958 2492 3012 gebrechlichen Einrichtung der Welt. Und gleich dem jün¬
2474 2956 3285 3034 allein die Oekonomie des Stückes duld
236 2992 2484 3070 Aus solchen persönlichen und literarischen Jugend=geren Dumas legt er als Kasuist sein Beweisthemn sich
2469 2999 3281 3067 in der Scene mit Ferdinand Klärchens
150 3025 3278 3108 eindrücken erwuchsen die in reine Höhen reiner mensch= und Anderen spitzfindig zurecht, bevor er als Theater=„subordinirte Weise“ gedacht werden k#
147 3079 3291 3176 licher und dichterischer Empfindung emporgehobenen, ewigen redner stets anregend, nicht immer überzeugend, exempli= gefangenen Helden nicht befreien kann,
3412 1366 3501 1448 2
3394 1429 3503 1512 hin
3388 1536 3491 1601 eln
3394 1751 3500 1810 im
3390 1796 3500 1858 idse
3389 1850 3492 1902 eild
3411 2267 3503 2333 eit“
3406 2320 3501 2418 ran
3396 3055 3501 3128 ndn
