3484 4480
16 2582 62 2628 rei
22 2621 71 2668 alt
18 2895 80 2941 hul
1485 276 1920 363 box 16/4
271 265 1326 369 10. Das Vernaechtnis
548 962 2708 1027 Kne koneser Sewisheit bestehen iüdessen sehr starte Zweifel. bausen des neuen Babnhofs thätigen Maurer mußten sich ohne
517 1012 2698 1063 enso Herr v. Witte hat eine offene Hand nur für russische und Besinnen flüchten, um dem sie bedrohenden eisigen Bade zu
635 1048 2714 1097 wohl auch ausländische Zeitungen, welche speciell seine entrinnen. Die Zerstörung der begonnenen Bauten war
530 1135 2709 1178 gen tragen sein würde und daß allein in den Schulen des geschwelgt, tritt schwer und ernüchternd das Grau der
546 1165 2719 1228 348 Deutschen Reichs jährlich über 16,000 Schüler Unterricht Thedrie zur Seite. Eine spitzfindige Spekulation giebt den
556 1219 2705 1252 ier in seiner Kunst erhalten, obwohl der größte deutsche Staat, Grundton an. Der Poet von früher ist zum Tendenz¬
556 1249 2707 1311 Er Preußen, sich ihr noch verschließt? Wer hätte ferner ge= dramatiker geworden und vor den Aufdringlichkeiten der
1662 1286 2708 1338 von ihm gepredigten Gesellschaftslehre suchen die graziösen
550 1285 1672 1337 imdacht, daß die Stenographie noch ein Rüstzeug im Kampfe
1672 1324 2715 1373 Elemente seiner Kunst ihr Heil in der Flucht. Er begnügt
544 1332 1666 1392 zen ums Dasein auch für das weibliche Geschlecht werden
1666 1360 2713 1415 sich nicht damit, schlicht und wahr nach dem Leben zu
549 1372 804 1434 en=würde?
1668 1407 2706 1455 zeichnen und durch die Treue seiner Gestaltungskraft über¬
662 1388 1667 1465 Freilich hat dieser Siegeslauf der Stenographie auch
540 1412 652 1466 die
1673 1438 2709 1495 zeugend zu wirken, sondern schwingt sich auf zu einer Art
527 1434 1665 1488 rat, noch eine weitere Folge gehabt, das Entstehen zahlreicher
1668 1481 2708 1530 socialreformatorischer That und sucht in ausschweifender
528 1483 1660 1529 eten anderer Stenographie=Systeme. Aber während diese zum
1663 1517 2711 1566 Redseligkeit für seine neuen Moraltheorieen Propaganda
533 1518 1663 1582 hig= Teil umwälzenden Wandlungen unterlagen, hat sich die
1661 1555 2704 1610 zu machen Und diese bedeuten in ihren letzten Zielen
542 1562 1667 1618 nen Schöpfung Gabelsbergers einheitlich weiter entwickelt und
1674 1593 2709 1639 nichts mehr und nichts weniger als den Umsturz der
531 1599 1663 1662 nd= steht nach Verbreitung und Leistungsfähigkeit auch heute
1676 1628 2714 1678 Familie, jener durch Religion und Sitte geheiligten
533 1643 1665 1701 des noch obenan. So dürfen am 50. Gedenktage seines
1666 1665 2713 1723 Institution, die in ihrem geschlossenen Gefüge seit Jahr¬
543 1675 1313 1735 lbst Todes stine Jünger von ihm sagen:
1663 1715 2706 1762 tausenden zum Fundament unserer gesamten Staats= und
796 1713 1434 1781 O Du, so schlicht und so bescheiden,
535 1723 645 1772 Ar¬
1671 1750 2708 1807 Gesellschaftsordnung geworden. Soll sie auf die Dauer
795 1767 1392 1816 Wie Dein gesamtes Wirken war,
538 1766 640 1812 iten
1662 1795 2717 1841 widerstandsfähig und uns als Kulturelement erhalten
551 1797 657 1849 ber
789 1790 1519 1854 Daß heut Dein Aug' sich könnte welden
1664 1832 2705 1875 bleiben, so muß sie sich gegen Ueberläufer aus
792 1838 1405 1892 Am Anblick Deiner Jüngerschar!
545 1827 663 1899 Der
784 1875 1406 1929 Der Anblick würde Dir versüßen
555 1869 671 1945 Im
1662 1833 2714 1953 sentwinig von ieder sintichen Gemetaschaf ui ür aus.
541 1909 654 1972 its¬
786 1903 1459 1965 All Deiner Kämpfe bitt'res Müh'n;
1663 1944 2712 1992 geschlossen haben. Das mag hart, das mag beklagenswert
557 1954 649 2019 ach
803 1951 1489 2010 Vergieb, daß wir so spät Dich grüßen
1662 1974 2719 2031 sein, ist aber einfach ein Gebot der selbsterhaltenden
541 1992 642 2044 en,
803 1997 1512 2051 Mit Kränzen, die Dein Grab umblüh'n.
1664 2019 2710 2068 Notwendigkeit. Schnitzler ist im „Vermächtnis“ anderer
565 2036 650 2081 ich
1660 2058 2701 2107 Ansicht. Er fordert für die Maitresse des Sohnes wie für
540 2075 641 2131 und
1669 2092 2716 2144 deren Kind klipp und klar einen Platz im Kreise der Familie.
533 2105 650 2161 no¬
852 2097 1460 2188 Kleines Feuilleton.
1664 2132 2723 2176 Und um dieser Forderung einen erhöhten Nachdruck zu
539 2150 662 2210 gein
1641 2162 2722 2229 verleihen, formuliert er sie aus dem Munde eines Sterbenden,
1036 2156 1636 2246 Frankfurt a. M., 3. Jannar.
534 2193 663 2259 an
1674 2218 2709 2264 macht er sie zum „Vermächtnis“ eines Toten, der eine
717 2205 1663 2278 = Schauspielhaus. Zum ersten Male: „Das
524 2247 2711 2315 noch[Vermächtnis.“ Schauspiel in drei Akten von Arthur ganze Reihe von Jahren hindurch die Freuden eines
1665 2283 2717 2334 illegitimen Genusses skrupellos durchgekostet, ohne auch
527 2306 1667 2359 hilde Schnitzler. — Der Wiener Poet, der mit seiner „Liebelei“
1676 2330 2706 2378 nur einen Augenblick auf den Gedanken zu kommen, die
637 2348 1662 2393 sich auch die Sympathieen des deutschen Nordens erobert,
565 2354 646 2397 im
1668 2366 2714 2414 Mutter seines Kindes auch vor der Gesellschaft zu seinem
638 2387 1657 2430 fühlt sich am wohlsten an der Seite jener „süßen kleinen
530 2382 650 2437 bind,
1675 2407 2711 2456 Weibe zu machen und damit stolz sich zu jenem Mute zu
521 2425 1662 2480 sohn Mädels“, die abseits der Gesellschaft ein vergängliches
1671 2449 2714 2499 bekennen, den er beim Scheiden aus einem lustig verlebten
643 2461 1672 2513 Glück gefunden und der Welt zum Trotz ein Stückchen
535 2469 656 2518 s im
1665 2485 2709 2534 Dasein von den ihm Hinterbliebenen seige verlangt.
647 2503 1661 2552 Sonnenschein für ihre kleine Armseligkeit haschen und
523 2500 649 2567 heitet
1676 2523 2717 2568 Glaubt Schnitzler denn allen Ernstes an die Möglichkeit
641 2537 1671 2580 halten wollen. Sein Herz fühlt mit den Gefallenen und
1677 2561 2715 2610 einer Erfüllung solch billigen Wünschens? Oder gelüstete
639 2579 1661 2621 für ihr sündiges Lieben hat sein Mund ein verzeihendes
516 2577 655 2647 e der
1679 2601 2709 2647 es ihn nur, Unmöglichkeiten des Lebens auf der Bühne
527 2622 1665 2668 ver=Lächeln. So gewannen wir ihn lieb, den Mann, der uns
1997 2646 2713 2692 gestalten? Das wäre ein Mangel an
1669 2643 1999 2698 beweiskräftig zu
646 2657 1673 2711 so manches verstehen gelehrt und in harten Herzen das
524 2657 646 2716 ß sie
1668 2683 2719 2725 sittlichem Ernste, der mit künstlerischem Unvermögen Hand
522 2692 1671 2739 der,“ Mitleid für die Enterbten des Glückes zu erwecken
1674 2711 2710 2768 in Hand ginge. Denn sein neues Theaterstück ist ebenso
643 2733 1667 2781 gewußt. Gewiß, die Kunst Schnitzlers wurzelt auf
511 2730 660 2790 1 den
640 2784 2700 2822 dem Boden eines dekadenten Empfindens und die morsch im technischen Aufbau, wie hinfällig in seiner social¬
511 2776 649 2829 einen
1662 2773 2722 2849 revolutionären Tendenz. Ein Minimum von Handlung wird zu
1420 2801 1671 2868 allen ihren
523 2799 1420 2865 einer bürgerliche Korrektheit wird nicht zu
1660 2833 2714 2875 einem den Abend füllenden Schauspiele auseinander gezerrt,
1454 2847 1675 2899 Aber sie
528 2849 1458 2902 rift Offenbarungen Ja und Amen sagen.
1671 2871 2709 2925 geschwätzig geben die einzelnen Personen ihre Weisheit
520 2895 1671 2943 itung erscheint gepaart mit so viel Grazie und Anmut,
1676 2898 2725 2962 zum besten und mit einer selbst von den Anhäugern der
511 2928 1665 2974 lt er, daß selbst ein prinzipiell gegnerischer Standvunkt
1672 2949 2715 3003 alten Schule verpönten Absichtlichkeit werden die Vertreter
640 2968 1667 3012 sich ihren Reizen gefangen giebt und wenn auch wieder¬
521 2971 649 3019 6 der
1680 2994 2710 3043 des überlieferten Sittlichkeitsbegriffes in den schwärzesten
515 3003 1673 3063 künste strebend seine schroff ablehnende Haltung aufgiebt. Das
1680 3025 2718 3084 Farben gezeichnet, während die Wortführer der von
648 3028 1673 3093 galt dem Dichter der „Liebelei“ und jener fein abgetönten
508 3048 656 3100 er die
1668 3058 2714 3123 Schnitzler marktschreierisch angepriesenen Zukunftsmoral
537 3086 1667 3129 und Bluetten, die der Genußfreude und Lebfrische des Wiener¬
1676 3097 2720 3147 als wahre Musterexemplare von Herzensgüte und Opfer¬
520 3119 1674 3177 n der stums zum liebenswürdigsten Ausdrucke verhalfen. Anders
1676 3133 2708 3190 freudigkeit erscheinen. Herr Schnitzler möge sich die
546 3154 1674 3202 hat, das Urteil über den Verfasser der Novität des gestrigen
1681 3179 2719 3228 Eltern suchen, die gleich willfährig wie die von ihm ver¬
499 3195 1667 3243 ergers Abends. Das „Vermächtnis“, das für den Dramatiker
1681 3218 2717 3268 lästerten Bourgeoistypen wenigstens den Versuch machen, die
504 3236 1670 3279 abels= Schnitzler eine Etappe nach vorwärts bedeuten sollte, hat
1682 3252 2707 3308 unnatürlichen Wünsche ihres toten Sohnes zur Ausführung
531 3261 1667 3322 zwei den Autor um ein Erhebliches hinter seinen ersten Arbeiten
1672 3287 2715 3349 zu bringen. Also die Maitresse des Verstorbenen findet
506 3313 1666 3360 nst inl zurückbleiben lassen. Der wohligen Luft des Wiener¬
1681 3333 2711 3385 bei den Eltern das Heim, das ihr weit früher der Sohn hätte
653 3356 1664 3402 tums, die seine früheren Schöpfungen schmeichlerisch um¬
549 3358 645 3402 daß
1671 3374 2714 3424 geben sollen. Sie wird die Frcundin der Tochter des Hauses
650 3388 1675 3437 spielte, hat sich ein herber Zug gesellt; das Weiche seiner
520 3388 651 3442 1200
1687 3408 2722 3457 und ihr Kind der verhätschelte Liebling der Familie.
656 3432 1675 3482 künstlerischen Gestaltung hat sich zur Härte gewandelt und
499 3428 661 3488 raphie
528 3450 2717 3525 über= den blühenden Farben des Lebens, in denen er ebedem! Als aber dieses Kind aus wenig bekannten Gründen
2220 3642 2788 3742 e
