3436 4256
1424 153 1864 245 box 16/3
221 165 1265 251 10. Das Vernaechtnis
306 385 588 463 davon mehr.
379 443 1526 496 G. Z. Im Deutschen Theater wurde heute die Première
318 482 1525 548 von Arthur Schnitzlers neuestem Drama „Das Vermächtniß“
317 535 1522 597 mit starkem, am Schlusse stürmischem Beifall aufgenommen. Es ist
310 583 1528 654 nicht gut möglich, über das Stück mit kurzen Worten abschließend zu
311 630 1529 701 urtheilen. Tendenziös in dem Sinne, daß die ganze Aufmerksamkeit
313 676 1535 743 des Verfassers auf die Durchführung einer bestimmten These gerichtet
324 737 1530 791 ist, und oftmals konstruirt in seinen szenischen Voraussetzungen, ist
314 776 1540 841 das Stück doch auch wieder voll warmen echten Lebens und entbält
315 824 1528 889 Figuren von packender Wahrheit. In dem heiligen Eifer aber, mit
316 886 1534 934 dem er für sein Thema eintritt, vergißt der Verfasser doch zu sehr,
322 932 1538 983 daß das Wesen des Dramas Handlung ist und daß Debatten über
323 983 1436 1038 ethische Fragen nicht die Stelle einer solchen einnehmen können.
501 1091 1532 1154 Wein# erste Eisenbahnfahrt in Chine
1719 1363 3011 1445 Hause mit ostentativem Beifall bedacht. Das Gegenstück zu dem Pro=1c
494 1401 1639 1505 u. Kunst, Wissenschaft und Leben.
1729 1428 3023 1475 fessor ist sein Schwiegersohn, der Arzt Dr. Schmidt, ein kalter Egoistjg
1739 1463 2964 1516 von niedrigster Denkart bei beträchtlicher äußerlicher Correctheit. Auch
577 1459 1738 1525 *) [Berliner Theater.] Im Deutschen Theater wurde am 8. ds.
1731 1501 3034 1554 diese Rolle fand eine vortreffliche Wiedergabe durch Oskar Sauer. Die 1f1
494 1504 1731 1558 zum ersten Male „Das Vermächtnis“ Schauspiel in drei Acten von
1735 1537 2970 1589 Hauptsigur spielte Else Lehmann mit einer Kunst des Ausdrucks, wie
497 1551 1718 1598 Arthur Schnitzlest aufgeführt. Schngter ist miediefer seiner jüngsten
2962 1581 3024 1628 11
1740 1590 2961 1640 sie dieser begabten Darstellerin ganz besonders eigen ist. Die Rolle
496 1579 1725 1635 dramatischen Arbeit seinem bisherigen Gedankenkreise treu geblieben; er
2960 1612 3035 1672 11
1734 1626 2960 1676 weist kaum eine Spur von selbstthätigem Eingreifen in die Handlung
495 1620 1724 1679 holt sich auch diesmal seinen Conflict aus dem Gebiete der freien Liebe,
1736 1658 2970 1714 auf, sie ist rein passiv, und bietet somit für die Darstellung keine leichte
494 1662 1723 1705 aber er tritt insofern als ein anderer vor uns, als er seinen Stoff in
1745 1694 2963 1747 Aufgabe, da die Gefahr der Eintönigkeit oder Weinerlichkeit nahe liegt.
496 1704 1725 1751 den Dienst einer lehrhaften Idee gestellt hat. Die Tendenz ist dem Stück
1744 1735 3021 1800 Aber Frau Lehmann gestaltete diese Figur des Leidens mit einer sos
506 1747 1726 1792 einesteils dadurch zugute gekommen, daß die Charakterzeichnung erheb¬
1732 1779 2969 1842 schlichten und doch so ergreifenden Einfachheit aus, daß sie bis zum
494 1780 1723 1830 lich tiefer geworden ist als in den andern Arbeiten Schnitzlers, nament¬
1737 1811 2976 1865 letzten Moment des tiefsten Eindrucks auf ihre Zuhörer sicher war.
497 1817 1728 1864 lich bei den satirischen Figuren des Stückes, anderseits wird die Hand¬
1746 1861 2965 1907 Entsprechend diesen ausgezeichneten Einzelleistungen war die Gesamt¬
493 1857 1729 1913 lung durch die leyrhaft zugespitzten Auseinandersetzungen auf Kosten der
1739 1899 2982 1946 darstellung und das Zusammenspiel, das in diesem Hause auf einer
488 1909 1722 1948 dramatischen Wirkung auseinandergereckt. Dazu kommt, daß die Haupt¬
1732 1927 2976 1990 künstlerischen Höhe steht, wie wohl in keinem andern deutschen Theater.
489 1939 1721 1992 — sigur des Stückes nicht als handelnde, sondern als leidende auftritt, und
1766 1969 2957 2028 5 [Nietzsche=Vorträge.] Dr. Horneffer hielt gestern im Vor¬
493 1980 1722 2030 die Gefahren, die in dieser Form des dramatischen Aufbaues liegen,
1741 2010 2584 2086 tragssaale der ell-
497 2018 1718 2055 hat der Verfasser nicht vollkommen aus dem Wege räumen können. Im
489 2054 1729 2099 Mittelpunet der Handlung steht ein junges Mädchen, Toni Weber, und
499 2098 1734 2144 ihr Kind. Sie ist eines von den Geschöpfen, die sich ihr Glück nur mit
489 2130 1736 2178 blutendem Herzen erkaufen können. Sie, die ohne die sorgende Hand
496 2175 1726 2222 der Mutter aufgewachsen ist, lernt den jungen Losatti, den Sohn eines
444 2207 1729 2276 Nationalökonomen und Politikers, kennen; sie muß von Hause weg, als
502 2255 1731 2303 sie Mutter geworden, und wird vom Vater gänzlich verstoßen, da sie
491 2302 1731 2352 sich nicht von dem Kinde trennen kann. Sie hat also nur den Geliebten,
494 2325 1728 2372 an dem sie hängt und der auch ihr sein ganzes Herz geschenkt hat. Das
502 2364 1716 2415 ist die Vorgeschichte des Stückes. Der erste Act, der außerordentlich
489 2407 1716 2448 spannend aufgebaut ist, verweist zunächst auf den jungen Losatti; wir
497 2444 1716 2490 erfahren, wie alle, die m ihn herum sind, an ihm hängen wegen seines
496 2482 1733 2522 Frohsinns und seines guten Herzens. Er, der so von allen erwartet
507 2533 1732 2577 wird und nur einen kurzen Spazirritt in den Prater machen wollte,
453 2561 1735 2627 wird tödlich verletzt nach Hause gebracht; er ist mit dem Pferde gestürzt.
487 2613 1728 2662 Das letzte, was er den Eltern aus Herz legt, sein Vermächtnis, ist die
487 2644 1730 2690 Sorge um sein heimliches Weib und sein Kind. Im zweiten Act finden
487 2687 1728 2728 wir die beiden im Hause des Professors Losatti; das Kind ist der Ab¬
485 2720 1721 2773 gott aller und von ihm aus geht auch auf die Mutter ein Teil der
494 2759 1729 2807 Zärtlichkeit über. Da stirbt auch das Kind, von Anfang an ein zartes
494 2797 1726 2851 Wesen, und die Mutter steht nun allein im Hause der Eltern des Ge¬
485 2830 1732 2873 liebten. Sie will sich nicht trennen; sie hat nun gar nichts mehr als
483 2867 1743 2931 Idiese Leute, mit denen sie wenigstens von ihren Lieben reden kann.
450 2909 1733 2978 Aber das ist ihr nicht beschieden. Haben sich schon vor dem Tode des
498 2941 1741 3002 Kindes für das Haus des Professors gesellschaftliche Schwierigkeiten
498 2992 1743 3053 ergeben, so ist man nun um so schneller bereit, das lästige Vermächtnis
488 3030 1726 3078 abzustreifen, versorgt soll sie werden, aber sie muß fort aus dem Fa¬
495 3076 1728 3123 milienkreise. Sie geht in den Tod. Nur eine sträubt sich gegen diese
492 3104 1740 3159 Ausstoßung, das ist die Tochter des Professors, und ihre strafenden
493 3153 1739 3203 Worte über das lieblose Thun ihres Vaters und ihres Verlobten bilden
482 3179 1738 3250 den versöhnenden Abschluß des Ganzen. Diese beiden letzten Personen
485 3233 1727 3286 sind die satirischen Figuren des Stückes und, wie eingangs schon an¬
485 3251 1745 3319 gedemet, meisterhaft charakterisirt. Schnitzler ist hinsichtlich dieser beiden
496 3308 1728 3357 bei Ibsen in die Schule gegangen. Namentlich der Professor ist eine
488 3345 1726 3402 volle Figur. Ein Alltagsmensch mit den Allüren einer Individualität,
491 3391 1728 3439 ein ganz hervorragendes Wiener Portrait; kokettirend mit seiner Libera¬
493 3420 1733 3479 lität, scheinbar alles verzeihend mit der Nachsicht des großen Mannes,
499 3463 1740 3497 dabei von allen andern so sch echt wie möglich denkend, selbst von denen,
487 3503 1730 3555 die ihm am nächsten stehen, erhaben über Vorurteile, aber eitel und selbst¬
488 3539 1727 3580 zufrieden und ängstlich auf seine gesellschaftliche Bedeutung bedacht. Das
501 3586 1743 3626 ist ein Typus, wie er schärfer umrissen kaum gedacht werden kann.
487 3620 1754 3670 Durch eine große Anzahl von kleinen Zügen vervollständigt der Dichter
495 3662 1743 3722 dieses Charakterbild, das in Emanuel Reicher eine unübertreffliche
496 3697 1746 3753 Wiedergabe fand. Dieser große Künstler, der in letzter Zeit so wenig
501 3738 1735 3781 seiner würdige Aufgaben gefunden hat, hat in dieser Aufgabe wieder
501 3771 1744 3837 sein ganzes Können offenbart und wurde dementsprechend von dem
