3436 4320
226 143 1269 270 10. Das Vermaechinig
1412 177 1865 283 box 16/3
258 564 1481 662 Gefilden des idealen Schau= und Trauerspiels, die auf den Höhen
257 641 1478 720 der Menschheit zu liegen pflegen?! Der Vers, den man vor
257 685 1487 768 zehn, zwölf Jahren mit Ibsen als ein aussterbendes Naturwesen
246 737 1480 818 antediluvianischen Charakters ansah und endgiltig von der Bühne
246 788 1475 848 wegdogmatisirt hatte: er steht wieder in höchstem Ansehen. Sogar
253 830 1470 925 Franz von Schönthan setzte seine alten Backfischschwänkchen in
251 874 1472 950 die zierlichsten Leberreimchen um. Das historische Costüm ward
245 933 1466 1001 endgiltig beim Trödler verkauft: und heute schreibt Fulda ein
238 985 1465 1067 griechisches Trauerspiel, und Halbe kehrt zurück zum Florenz
248 1027 1463 1128 Lorenzo Medicis. Sind das nicht genau dieselben Entwickelungen,
249 1069 1421 1162 die sich vor hundert Jahren in unserer Literatur vollzogen?
345 1124 1455 1230 Arme Thoren! Sie ziehen neue Kleider an, statt eines
238 1184 1453 1263 neuen Menschen. Sie glauben, wie Caliban und seine Gesellen,
242 1234 1462 1340 daß Prosperos Kunst in dessen Mantel steckt. Gerade dieses Spiel
235 1298 1451 1367 mit der Form, in welcher das größte künstlerische Geheimnis
234 1339 1452 1422 ruht, dieses Irrlichtern zwischen allen Stilen hin und her, dieses
239 1389 1461 1482 Ablauschen, Anpassen, Aushorchen, dieses ganze Nichtselber¬
233 1421 900 1522 schöpferische macht mich so bange.
345 1501 1449 1591 Es scheint, als wenn unsere Poeten erst aus Nietzsche er¬
228 1558 1447 1631 fahren hätten, daß es einmal ein Zeitalter gab, welches man das
225 1593 1449 1687 der Renaissance nennt. Und über Nacht wurden sie auf einmal
224 1646 1449 1736 alle Cäsar Borgias und alle wollten auf einmal Renaissance¬
231 1707 1447 1774 mensch heißen. Ein furchtbarer Kaffeehausliteraten=Einfall! Aber
225 1747 1443 1836 dieser durch und durch dilettantische Buch und Leserausch charak¬
218 1783 1444 1879 terisirt een unzere Poeten, die sich keine eigene Weltanschauung
222 1841 1441 1918 bilden können und nur die Idee des Tages weiter colportiren.
215 1896 1445 1982 Auch Halbe ist mit erhitzter Phantasie von der Lectüre Nietzsche's
208 1940 1435 2035 aufgestanden, und fühlte auf einnial den „Eroberer“ in seiner
205 1995 1445 2080 Brust. Er wollte den modischen Renaissancemenschen agiren, wie er
213 2029 1439 2110 im modischen Buche steht — und er hat damit eine ergreifende
211 2083 1446 2176 und ruhrende Dichtung, die nur = nur in unserer Zeit spielen
210 2147 1434 2230 konnte, gründlich verderben. Er hätte den Boden seiner Heimat
203 2189 1433 2278 nicht verlassen sollen. Aber indem er eine schlichte, moderne
206 2238 1442 2322 Liebeserzählung zusammenkoppelte mit einem im Keim stecken
204 2289 1436 2374 gebliebenen Cäsar Borgia=Drama, das alle Zeichen der dilettanti¬
206 2327 1435 2435 schen Lesebegeisterung an sich trägt, schweißte er ineinander, was
199 2378 1426 2477 gar nie zusammenpassen kann. Er wollte ein Anderer scheinen,
202 2434 1425 2524 als er ist, und das rächt sich am schwersten gerade beim echten
208 2485 1436 2571 Poeten. Er spielte mit Gedanken, die ihm Nietzsche eingeblasen
195 2521 1431 2620 hat, — und so fiel er, dumpf und dröhnend, hart und schwer,
198 2573 697 2665 wie die Tüchtigen falten.
295 2630 1428 2722 Das wird Ludwig Fulda nie passiren. Der stolpert auch
191 2690 1423 2775 über ein griechisches Trauerspiel nicht. Tänzelnd und tändelnd
190 2733 1431 2831 in zierlichsten Versen, immer amüsant und unterhaltend, dichtet
185 2798 1421 2876 er ebenso hübsch eine Faust= und Hamletdichtung, wie einen
189 2831 1422 2940 munteren Schwank in Schönthan'scher Art. Alle diese witzigen
195 2884 1411 2984 Taschenspieler der Kunst sind für den Alltag ger nicht zu ver¬
180 2940 1408 3025 achten. Mir macht es immer Spaß zu sehen, mit wie wunder¬
193 2993 1423 3084 barer Oberflächlichkeit Fulda die schwersten Dinge zu nehmen,
191 3038 1406 3130 und die leichtesten Dinge als etwas Ungeheures darzustellen weiß.
191 3083 1411 3185 Diesmal erzählt er ein Künztler= und Ateliergeschichtchen, das auf
191 3139 1407 3230 demselben Boden erwachsen ist, denselben Geist athmet, wie etwa
179 3194 1410 3285 Blumenthal's „große Glocke“. Die bekannte Geschichte von dem
176 3232 1398 3335 Künstler, der etwas zu sein glaubt und nichts ist. Bei Blumen¬
179 3287 1409 3372 thal geht der Mann schließlich in sich, wird Kunstgewerbezeichner
182 3338 1423 3408 und heiratet. Bei Fulda#1 er einmal, daß er nur den
183 3377 877 3452 Ruhm begehrt und die de vergel
903 3414 1407 3484 und ein anderesmal, daß
184 3445 791 3505 er nur die Liebe will und auf
875 3443 1402 3538 uhm verzichtet. Und nach¬
177 3481 775 3563 dem der Dichter des griechtt
830 3499 1399 3582 uerspiels seinen Helden so
175 3519 1402 3619 ein paarmal wie einen He umgekehrt hat, läßt er ihn,
180 3586 1402 3681 da er weder Ruhm, noch Liebe findet, zuletzt urplötzlich von
171 3626 1390 3723 einem Raptus befallen werden. Er steckt den Tempel von Ephesus
175 3683 1398 3776 an, und das ist genug des Grundes, um ihn auf den Namen
173 3731 623 3809 „Herostrat“ zu taufen.
270 3799 1387 3883 Eine Entwickelung über den Naturalismus hinaus kann
166 3830 1382 3938 ich auch darin nicht finden. Die neue Tragödie, um deren Liebe
174 3893 1389 3997 Hauptmann vergebens gerungen hat, — fast glaube ich, daß sie
178 3940 1209 4032 selbst Fulda noch nicht in seine Arme schließen konnte.
1768 1057 2019 1131 Rubanter
2100 1055 2275 1140 —
1768 1103 3122 1179 kehrten die Arbeiter nicht in die Werkstatten zurück. sidas
1772 1163 3002 1229 Auch in 10 Schlossereien wurde gestern die Arbeit eingestelit.
3012 1159 3361 1243 evorstehenden E
1809 1222 3360 1296 Die Pariser Banunternehmer lassen einen Aufruf an die [trespondent telegre
2118 1319 2649 1424 Deutsches Theater.
3011 1341 3374 1417 stirbt; zwischen ein
3004 1398 3359 1450 (Frau v. Pöllnitz)
1899 1399 2881 1486 „Das Vermächtniß“, Schauspiel in drei Akten
3011 1434 3364 1493 Versprechen ab, To
2094 1455 2672 1525 von Arthur Schnitzler.
3003 1480 3357 1544 Kind sofort herbeiz
1811 1487 2994 1573 F. M. Es läßt sich nicht mit Sicherheit behaupten, daß das neue
3010 1519 3357 1581 zu behalten. Der
1762 1533 3001 1611 Schauspiel von Arthur Schnitzler dem Publikum des Deutschen Theaters
3008 1565 3362 1622 dinge ganz vorzüg
1748 1592 3363 1680 besonders gut gefallen habe; gewiß ist nur, daß nach dem letzten Fallen fwirkte auf die Fan
1754 1639 3340 1709 des Vorhanges der Lärm eines ungewöhnlich starken Theatererfolges fnicht nachhaltig.
1760 1680 3343 1738 sich sehr vernehmlich machte. Es gab zwei Parteien im Hause, die das Kind sogar
1762 1722 3003 1784 einander allerdings nicht feindlich gegenüberstanden, die das
3009 1724 3362 1790 die Kinder auf Ros
1764 1768 3361 1833 Stück jedoch offenbar in sehr verschiedener Stimmung auf= Stückes jämmerlich
1746 1806 3364 1880 nahmen. Auf der einen Seite saßen die harmlosen und sinnn erst ein rechtes
1756 1839 2394 1897 unvorbereiteten Theaterbesucher,
2400 1850 2999 1917 diejenigen, welche eigentlich
3000 1858 3357 1915 1 Das Vermächtniß
1755 1896 3004 1959 immer nur ihr theatralisches Abendvergnügen haben, heuzlich
2997 1891 3351 1956 kurzer Hand un
1752 1916 3009 2004 lachen oder weinen wollen und sich um den Gegensatz der Schulen
3000 1942 3371 2000 in ihrer Selbstsucht
1757 1981 3366 2037 und Richtungen im Grunde gar nicht kümmern; diese Herrschaften] Willen des Sohnes
1751 2011 3009 2083 ließen sich durch die drei auf drei Akte vertheilten schrecklichen Todes¬
3009 2032 3347 2090 ständig behandelt,
1745 2061 3005 2127 sälle szenenweise erschüttern, dann lachten sie wieden über den
3005 2068 3294 2134 Jetzt kehren
3287 2075 3329 2127 1
1747 2103 3000 2172 Hjalmar Ekdal des Herrn Reicher, der diesmar Professor
2995 2108 3257 2171 Toni aus
1752 2150 3005 2207 Losatti hieß, aber man wurde während des zoeiten und
3006 2146 3371 2217 lismus es verlang
1745 2187 2053 2243 dritten Aktes
2056 2186 2984 2251 öfter unrahig und selbst unaufmerksam, als
3007 2194 3346 2257 wohl ins Wasser
1749 2231 3006 2291 ob man von dem Fortgange der Handlung unangenehm über¬
3004 2236 3340 2301 Schnitzlers schon
2246 2264 2287 2295 42
1760 2278 2993 2334 rascht und von ihrer Notywendigkeit nicht überzeugt worden wäre.
3002 2286 3364 2339 wären dem Publiku
1760 2310 2999 2376 Auf der anderen Seite stand eine festgeschlossene Gruppe von
3000 2323 3354 2385 nicht schließlich ei
1752 2343 3003 2421 Schnitzler=Verehrern, die das Schauspiel feierlich nahmen, das vom
3002 2364 3354 2432 Schuldigen bestraft
1757 2394 3002 2467 Verfasser doch herausgeforderte Lachen mißbilligten und zum Schlusse
3002 2402 3230 2466 allein hält
3234 2413 3360 2465 das 2
1742 2442 2996 2516 namentlich des ersten und lester Aktes wahre Beifallssalven erschallen
3001 2449 3354 2518 sie ihrem philist
1753 2471 1930 2537 ließen.
3003 2489 3364 2551 dafür den Lauf
3006 2540 3348 2596 gekränkt hat. Es u
1793 2522 2986 2590 Arthur Schnitzler wollte diesmet ein Theaterstück schreiben, nichts
2995 2576 3363 2653 aus der Familie ni
1742 2589 3000 2641 als ein Theaterstück; seine hübsche Kunst, Menschen zu zeichnen, sie
1738 2614 2993 2676 natürlich reden zu lassen und Stimmungen leise vorzubereiten, hat
3046 2634 3297 2701 Wer sich
1748 2666 2988 2723 er nur gerade soweit festgehalten, daß sein Schauspiel „Das Ver¬
3000 2672 3288 2744 jedem neuen
1744 2717 2990 2768 mächtniß; nicht einsach mit der Bezeichnung „melodramatisches Rühr¬
2992 2718 3361 2790 sicht ihn schaffen
1745 2750 2989 2823 stück“ abgethan werden darf. Es ist das alte Talent, aber es ist be¬
3002 2768 3349 2826 von einer neuen P
1740 2779 2923 2859 scheidener als frühe in den Tienst eines Theatererfolges gestellt.
3004 2809 3351 2868 ist der witzige Verfass
1778 2832 2995 2909 Seinem Lieblingsthema is Schnitzler freilich nicht untreu ge¬
2988 2856 3365 2914 der „Liebelei“ kann
1727 2870 2986 2953 worden; wieder ist ein gefallener Enges im Rechte gegen
2993 2895 3359 2951 als der klügste unte
1737 2926 2992 2981 die heuchlerische, egoistische bürgerliche Welt. Sonst ging das
2992 2935 3364 2998 Koketterie wie Tal
1746 2972 2989 3021 gefallene Mädchen bei Schnitzler wohl daran zu Grunde, daß der
2982 2971 3356 3042 Frivolität Bilder i
1736 3012 2981 3068 Verführer ein Schwächling war, zwischen Liebe und Verachtung
2999 3019 3367 3079 dabei schien Schnitzl#
1736 3049 2981 3116 schwankte und selbst nicht wußte, ob das ganze Spiel Leidenschaft oder
2989 3061 3364 3121 aber doch so reich z
1729 3094 2984 3161 Liebelei wäre. Im „Vermächtniß“ kommt das Unglück davon, daß der
2992 3108 3353 3174 sordernisse der Kun
1735 3127 3363 3208 Verführer (Herr Rittner) beim Reiten den Hals bricht. Fast der ganze] welche gerade Wie
1736 3178 3362 3275 erste Akt wird damit ausgefüllt, daß Hugo Losatti auf der Bühne! mit Grillparzer und
