3484 4320
593 210 661 287 V
1379 216 1854 307 box 16/2
185 219 1246 333 10. Das „ernaechtnis
240 1304 1440 1391 Morgens Ahnung in das Grab“, bevor ihr Edmonds!
1474 1312 3337 1397 Ist man ein Pharisäer, wenn man dem Hochflug glaubhafte, scharf erfaßte und sch
241 1366 1029 1424 Vermächtnißträger zu nahen vermag.
1387 1363 3346 1439 dieser Ideen nicht folgen mag? Genügt unsern Drama=Individuen, Mit dem Dichter wettei
321 1407 1412 1464 Auch Schnitzlers Toni Weber endet durch Selbstmord,
1393 1409 3333 1478 tikern nicht mehr das alte vielbelächelte Programm rekairesin erstaunlicher Schöpferkraft. Har
225 1438 1413 1506 der aber nicht aus der Verzweiflung über den Tod des
1398 1455 3338 1531 une virginité? Ist es wirklich ihres Ehrgeizes werth und Losatti, macht uns auf seinen Hjalmar
237 1471 3342 1564 Geliebten, auch nicht durch den Mutterschmerz über den Sache ihres Berufes, neues Familienrecht und Sitten= überraschte er durch eine humoristif
233 1522 1405 1593 jähen Heimgang ihres unehelichen Kindes sondern durch
1393 1537 2566 1600 gesetz zu schaffen? Sind sie befähigt und befugt, eine
2548 1536 3346 1616 La Roche nicht bescheidener und bestin
244 1565 1420 1624 die Verkennung, durch den stumpfen Widerstand der
1401 1590 2558 1657 neue Weltordnung jenseits von Gut und Böse aufzubauen?
2543 1590 3349 1652 belustigender zuwege gebracht hätte. Au
239 1615 1416 1686 Philisterwelt erklärt wird. Die Familie ihres Geliebten
1397 1630 2566 1688 So hadern wir mit ihnen, weil sie mit uns hadern, über¬
2547 1627 3349 1694 auch die Damen Schmittlein, Hohen
224 1660 3348 1741 will im ersten Schmerz über den Trauerfall den letzten dies — im „Vermächtniß“ Schnitzlers — unter ganz will= Die Toni Weber der Schratt war ein
224 1699 2561 1773 Willen des Verstorbenen ehrlich vollstrecken. Und die kürlich gewählten Voraussetzungen mit uns hadern.
2555 1722 3350 1776 Wirkung. Die jungen HH. Treßler (al
228 1741 3348 1832 Frauen des Hauses halten sogar nicht nur äußerlich an Nehmen wir an, der sterbendeljunge Losatti hätte sich noch und Paulsen hielten sich aller Ehren
227 1787 3351 1864 dem Gelübde fest. Die Männer des Kreises — der Haus= in extremis regelrecht mit seiner Toni trauen lassen können. Dr. Schmidt und Römplers Arzt u
229 1830 3345 1913 vater, Professor und Abgeordneter Losatti, ein liberali= Oder er wäre heimlich noch vor der Geburt seines Söhn= Für solche Nothhelfer schreibt Schnitz
227 1861 3343 1952 sirender Zungenheld und der Zukunstseidam, der rigoristischechens mit ihr vermählt gewesen. Wäre damit aller Unter=seine Komödie, die weniger auf den ap
233 1920 1413 1981 Hausarzt Dr. Schmidt — fühlen sich dagegen je länger,
1388 1924 3304 1994 schied gesellschaftlicher Sitte, geistiger Interessen und tief= das Gemeingültige, quod semper,
227 1953 3351 2043 destoweniger berufen, für die alles begreifende, alles ver= wurzelnder Lebensgewohnheiten verschwunden? Wäre der ab omnibus, ausgeht. Bei seinen reich
231 2005 1408 2074 klärende Nachsicht der Damen aufzukommen, geschweige
1397 2019 3345 2078 Wittwe mit der formellen, juristischen Zugehörigkeit zur noch lange nicht zum Philisterium sich
233 2046 3337 2123 Opfer zu bringen und Fehden mit den Stützen der Ge=Familie auch die innere Zugehörigkeit selbstverständlich von satirischen Dramen zu nainen
226 2092 2567 2170 sellschaft“ zu beginnen. Dem Dr. Schmidt insbesondere, zugefallen, hätte sie, die Plebejerin, sich jemals, insbesondere
2550 2111 3356 2186 steigt. Ein absichtsloser Dichter ist nicht
236 2131 2566 2215 der in bitterer Noth sich seine Stellung als Ellbogen=Inach dem Tode ihres Knäbleins, unter den patrizischen
2554 2150 3102 2229 ein gedankenloser Dichter.
228 2167 1404 2249 mensch in der Welt erkämpft hat, „beginnt alles zu wanken,
1395 2181 2563 2248 Bürgern behaglich eingelebt? Ja, sehen wir nicht alle
234 2219 2564 2297 seit diese Toni hier ist. Ich habe mit Geschöpfen dieser Tage daß unter Hoch= und Niedrigstehenden Blutsver¬
2651 2249 3346 2323 * „Ingwelde“, Schillings Mi
228 2273 2566 2338 Art nie zu thun gehabt. Sie sind mir unheimlich. Ich wandtschaft und legale Schwägerschaft durchaus nicht
2556 2301 3346 2363 unted Hermann Zumpe's Leitung mit
234 2308 2563 2378 fühle, daß ich sie hier nicht dulden darf. Aus einer! Reibungen, Gehässigkeiten, Todfeindschaften ausschließen?
2553 2349 3344 2407 aufgeführt worden. Noch im Laufe die
229 2346 2566 2425 anderen Welt kommt sie“ 2c. Eine Strafrede, welche die Nicht deßhalb, weil die Losatti's und ihre Leute der armen
2545 2395 3344 2449 am Kgl. Opernhause in Berlin in See
227 2400 2568 2469 Raisonneuse des Schauspiels mit der recht fragwürdigen Toni Weber wehthun sind sie schwache Menschen, sondern
218 2433 1410 2514 Einwendung erwidert: „Wie ein Kind von Fabelbüchern,
1386 2439 3342 2505 vielmehr weil sie schwache Menschen sind thun sie ihr studirung des Werkes hat Richard St
2535 2482 3357 2557 Die Hauptrollen werden von Frlu. Hiedle
216 2479 1408 2537 reden Sie von dieser „anderen Welt'. Als wenn's irgend¬
1385 2501 2997 2596 weh. Es sind nicht immer nichtsnutzige Einrichtungen, dargestellt werden.
216 2528 2565 2595 welche Grenzen dieser Art gäbe. Hier „die Tugend“, die uns acme irrende Sterbliche entwürdigen, es ist viel¬
222 2567 2555 2639 dort „das Laster“. So einfach ist das Leben nicht, mein mehr die Schwäche der menschlichen Natur, die selbst so
2615 2562 3349 2637 Ein Bildniß der Kaiserin von ###
2547 2601 3334 2673 Originalgemälde von H. Wilde hat die
218 2624 2559 2688 guter Doktor. Die Grenzen wären ja seir bequem für weise durch weltalte Erfahrungen geheiligte Institutionen,
2548 2656 3350 2717 von G. Heuer u. Kirmse in Berlin in zwe
221 2655 2511 2724 Sie — nur existiren sie nicht." Ein Satz, den dieselbe wie die Ehe und Familie — consortium totius vitae -
2534 2694 3336 2757 und Boudoir=Format, soeben ausgegeben. 2#
226 2691 1399 2774 Klugrednerin nach dem Ausspruch des Professors Losatti,
1394 2707 1623 2786 gefährdet.
2548 2740 3354 2794 dasselbe unter Zuhülfenahme der besten Pho
218 2733 1402 2809 wir hätten das Recht, solchen Geschöpfen, wie unsrer
1464 2734 2559 2826 Kann ich nach alledem mit Fabel und Grundgedanken
2548 2776 3343 2826 der 60er Jahre und unter vergleichenden
215 2787 1391 2850 courtisane généreuse, zu verzeihen, mit dem Paradoxon
1391 2794 2564 2856 des „Vermächtnisses“ mich nicht befreunden, so darf ich
2557 2806 3352 2871 existirenden Jugendbilder gemalt. Die Verla#
213 2828 2557 2897 übertrumpft: „Du sprichst von Verzeihen? Was hat über= desto herzhafter die meisterhafte Charakteristik rühmen.
2554 2854 3330 2905 vortrefflich gelungenen Kupferätzung als
208 2867 2553 2939 haupt ein Mensch dem andern zu verzeihen? Vermessen= Jede Gestalt lebt: Toni Weber und alle Losattis, der
2554 2892 3344 2958 werthige Bildniß der Königin Luise mi
219 2921 2552 2983 heit ist das! Strafen dürfen wir und rächen meinethalben Moralpedant Schmidt und die unscheinbaren Nebenfiguren
2548 2922 3157 3000 hervorragende Kunstgaben. —
273 2960 2571 3013 damit bleiben wir doch unter uns sozusagen. Aber des Arztes der Rettungsgesellschaft und des mit dem
211 3001 1106 3068 zum Verzeihen ist doch Keiner gut genug.“
1363 3006 2610 3102 jungen Losatti befreundeten Ministerialkonzipisten, sind!
