3436 4480
168 159 1828 265 10. Das Vernaechtnis box 16/4
1367 1066 1782 1153 Telefon 12801.
1080 1167 2091 1267 Unternehmen für Zeitungs-Ausschnitte.
1961 1246 2149 1308 Ausschmttt
810 1245 1089 1360 7105
1233 1284 2253 1415 „OBSERVER“ Nr. 67
837 1370 2305 1469 L. österr. behördl. conc. Bureau für Zeitungsbe ichte u. Personalnachrichten
1018 1456 2140 1573 Wien, IX/1. Türkenstrasse 17.
1249 1551 1902 1640 Filiale in Budapest: „Figyelé“
937 1610 2210 1717 Vertretungen in Berlin, Chicago, London, Newyork, Paris, Stockholm.
840 1733 1400 1828 Ausschnitt aus:
1467 1718 2035 1831 # Keuiger Neburems
837 1869 1240 1990 vom 6)
1392 2216 1741 2310 Nachtrag.
1164 2287 2048 2341 *Münchner Schauspielhaus. Die dritte Eröff¬
1108 2323 2057 2385 nungsvorstellung unter der Direktion Schmederer und
1102 2371 2054 2424 Stollberg, die gestern (Freitag) im Schauspielhause statt¬
1107 2415 2052 2455 fand, bedeutete wieder einen glänzenden künstlerischen Er¬
1098 2449 2058 2507 folg. Nur bei so ausgezeichneter Inszenirung und Regie,
1098 2487 2054 2554 wie wir sie gestern sahen, konnte Schnitzlers zart¬
1090 2539 2054 2579 abgetöntes, aber allzu weinerliches Problemstück „Das
1089 2558 2059 2614 Vermächtniß“ das Publikum zu stürmischem Beifall
1102 2606 2064 2659 begeistern. Das Zusammenspiel war meisterhaft. Von den
1103 2642 2061 2689 neu engagirten Mitgliedern boten Herr Lind als Pro¬
1098 2681 2055 2732 fessor Losatti, Frl. Lange als Toni Weber und Frl
1102 2723 2022 2788 v. Kroll als Agnes geradezu mustergiltige Leistungen. —
1102 2764 1515 2843 Näherer Bericht folgt.
1264 3145 1849 3235 Bezugs-Bedingungen.
824 3189 1749 3297 Für 50 Zeitungsauschnitte (Artikel oder Notizen,
2018 3218 2235 3308 inclusive
917 3256 1015 3303 100
2035 3293 2199 3348 Porto.
914 3296 1026 3345 200
2015 3322 2204 3384 Zahlbar
911 3334 1026 3395 500
1833 3337 2248 3450 150.— im Voraus,
1007 3427 2278 3508 Gegensatze zu anderen Bureaux für Zeitungsausschnitte ist das
1017 3468 2295 3554 mt durch keine bestimmte Zeitdauer begrenzt; — auch stcht en den
974 3523 2131 3583 aten frei die aufgegebenen Themen zu ergünzen oder zu ändern.
