3436 4480
1234 192 1346 240 ungen
1374 194 2312 233 zügen von Oscar Blumenthal und Gustav Kadel¬
1234 227 1346 276 #eng
1375 231 2325 282 burg. Wenn erfolgreichen Bühnenautoren gar nichts
1239 261 1346 315 Das
1362 259 2317 316 Neues einfällt, so machen sie bei sich selbst Anleihe
1254 304 1346 355 In¬
1369 303 2327 348 und wissen es, das, was schon einmal gefallen hat,
1269 346 1344 392 der
1366 346 2317 389 gefällt wieder, zumal wenn es harmlos und liebens¬
1242 381 1351 448 mnt.
1365 382 2318 437 würdig ist. Nun, das neue Lustspiel der begabten
1372 420 2318 467 Herren ist sehr, fast unerlaubt harmlos selbst für ein
1252 456 1350 513 auf
1367 458 2323 512 sogenanntes neuzeitliches Lustspiel, und die Liebens¬
1369 496 2314 552 würdigkeit desselben wird nur durch bewährte Typen
1237 529 1344 589 zeiter
1374 537 2322 592 personificirt. Der Töpfermeister Heinrich Wulkow hat
1253 577 1349 626 erste
1370 569 2319 632 seine allmählich groß gewordene Fabrik in eine Actien¬
1370 616 2318 670 gesellschaft umgewandelt und will nun seiner Frau zu
1242 616 1348 667 An¬
1368 652 2322 713 Liebe das Leben geneßen. Wir machen seine Be¬
1243 655 1351 708 2 J.
1369 693 2326 737 kanntschaft, als er bei dem jungen Freiherrn von San¬
1244 736 1348 783 tins,
1373 736 2323 793 dorf eintrut, um einen Wechsel zu präsentiren. Herr
1234 771 1350 829 jselde
1384 772 2324 828 o. Sandorf und Richard von Brick, ebenfalls ein
1233 811 1362 874 elten
1364 815 2322 863 junger Leichtsinn, haben eben die letzte Flasche Sect
1367 850 2320 899 mit einander geleert und fragen sich: Was nun? Beide
1234 857 1356 903 ngen
1364 890 2311 940 haben ihr Vermögen verjubelt, um „die Sonnenseite“.
1236 890 1355 945 hren.
1366 921 2315 985 des Lebens kennen zu lernen. Sandorf hofft auf das vom
1231 928 1356 982 dieser
1370 966 2317 1022 Himmel hereinichneiende Glück, es läutet und siehe da —
1231 963 1352 1019 eiden
1375 1005 2319 1063 Hr. Wulkow präsentirt den Wechsel, der schon vor
1241 1015 1348 1053 ver¬
1364 1044 2322 1087 8 Tagen fällig war. Hr. Wulkow ist auch Käufer
1238 1046 1364 1097 Ffelde
1238 1080 2321 1133 inner der Bilder Sandorfs, durch deren Erlös dieser den
1366 1120 2318 1171 Wechsel bezahlen will, kurz, Hr. Wulkow hat Sandorf
1230 1119 1362 1180 wohl
1370 1161 2323 1202 in der Hand. Warum aber hat er den Wechsel nicht
1242 1167 1356 1218 um
1373 1204 2317 1253 rechtzeitig präsentirt, warum will er Sandorf noch
1235 1202 1355 1264 eßen.
1382 1243 2327 1292 weiter helfen? Weil er einen vornehmen Schlepper
1308 1249 1367 1299 m
1377 1279 2333 1318 braucht, wie sein früherer Associé einen solchen.
1324 1293 1358 1334 2
1377 1318 2332 1384 fand, der ihm die vornehme Welt ins Haus
1372 1353 2311 1415 bringt. Sandorf weist dies Ansinnen mit Ent¬
1380 1386 2325 1454 rüstung zurück und das gerade gefällt dem alten
1364 1439 2327 1489 Wulkow. Richard von Brick aber nimmt die
1370 1466 2337 1523 Stellung mit Freuden an, trotzdem er eigentlich,
1373 1515 2322 1560 wie er sagt, immer daueben greift, in einer Nebenlimie
1322 1520 1373 1585 8
1366 1557 2324 1612 geboren ist und als Todter noch ebenfalls nicht im
1374 1593 2323 1646 Haupttheil ruhen wird, sondern — daneben. Hätte
1266 1602 1351 1644 vom
1376 1641 2326 1689 Sandorf nicht noch im letzten Augenblick des ersten
1242 1632 1355 1688 einen
1377 1672 2334 1720 Actes des Töpfermeisters Töchterlein Käthe kennen und
1240 1673 1292 1731 of
1263 1711 1361 1763 der
1374 1712 2327 1767 lieben gelernt, wir hätten uns einreden können, etwas wie
1239 1748 1362 1803 #ß in
1364 1744 2329 1800 ein Charakter=Lustspiel vorgesetzt zu bekommen. Von das
1376 1790 2333 1841 ab aber spann sich der Faden ohne Knoten glatt ab. v. Brick
1261 1795 1361 1842 von
1372 1829 2324 1867 will die reiche Käthe ergattern, blitzt aber ab und er¬
1255 1829 1355 1882 auf
1365 1865 2332 1915 hält von Baronesse Thessa von Sandorf eine Lection,
1377 1906 2335 1953 die ihn bessert und es zu Wege bringt, daß er auf ein
1243 1908 1361 1959 inter
1377 1947 2324 1993 verwittertes Gut seines Onkels gehen und dort die
1383 1981 2319 2047 Jagd in Ordnung bringen will. Dieses Gut liegt
1251 1972 1360 2048 eiden
1373 2022 2324 2087 zufällig hart neben dem Thessas und es werden
1379 2062 2330 2119 zwischen Beiden spätere Verheirathungspläne theatermäßig
1242 2061 1366 2120 #urde
1250 2104 1353 2153 chts¬
1374 2104 2326 2153 erörtert. v. Sandorf will fort, weil er, ohne eine Stellung
1378 2144 2325 2203 einzunehmen, die reiche Käthe nicht freien will, obgleich er
1255 2145 1354 2195 chon
1383 2182 2323 2224 sie liebt, und sie, die ihn ebenfalls liebt, ist darüber
1372 2219 2322 2276 sehr unglücklich. Aber der Alte spricht mit v. Sandorf
1235 2228 1352 2283 igten
1368 2266 2328 2321 ein vernünftiges Wort und dieser tritt als Modell¬
1251 2264 1353 2326 auf
1385 2303 2324 2354 zeichner in die Fabrik, darf endlich, als er den ersten
1383 2337 2267 2383 Hundertmarkschein verdient, sein Käthchen freien ¬
1382 2389 2313 2433 und die beiden leichtsinnigen jungen Herren lernen die
1384 2417 2323 2467 wahre Sonnenseite des Lebens nun erst kennen. Diese
1240 2417 1359 2471 cht ll.
1268 2459 1352 2506 der
1371 2468 2326 2511 magere, altmodische und an so viele bewährte Stücke
1365 2493 2326 2561 und Rollen erinnernde Geschichte ist mit einer
1265 2501 1353 2551 aus
1374 2530 2326 2595 Fülle geistreicher Mots im ersten Act aus¬
1254 2538 1362 2591 wird.
1378 2585 2327 2633 gestattet, echte Blumenthalauer, die sofort aufgegriffen
1328 2579 1359 2628 1
1375 2621 2323 2674 und bejubelt wurden. Der zweite Act ist recht schwach
1314 2620 1358 2676 n,
1369 2656 2312 2710 und der dritte conventionell. Aber das Stück hatte
1312 2667 1358 2707 #
1380 2689 2323 2742 einen freundlichen Erfolg, die Autoren konnten nach
1262 2735 1367 2792 ,der
1375 2735 2323 2784 jedem Act wiederholt erscheinen. Daß der Hauptdar¬
1375 2766 2324 2825 steller Vollmer (Richard v. Brick), der stürmisch ge¬
1233 2769 1356 2826 beiten
1241 2813 1367 2869 ziesem
1382 2799 2326 2868 rufen wurde, immer wieder nicht erschien, war die
1279 2854 1370 2902 10
1372 2851 2332 2892 Ursache, daß die Dichter angezischt wurden. Es galt
1245 2886 1375 2939 Bier
1378 2885 2334 2937 aber öffenbar nur der lacherlich bleibenden Vor¬
1373 2928 2333 2990 schrift, auch nach Fallen des Vorhanges nicht den
1253 2932 1369 2979 Als
1386 2982 2324 3025 verdienten Beifall persönlich einheimsen zu dürfen,
1254 2968 1370 3020 bald
1262 3010 1357 3060 )die
1379 3015 2328 3068 wenn das Publicum noch so lebhaft einen Namen rust.
1382 3048 2318 3107 Hr. Christians spielte die Rolle des jungen v. Sau¬
1236 3049 1362 3100 rbeten
1375 3089 2326 3134 dorf, ohne irgendwie hervorzuragen. Frl. Poppe
1237 3087 1358 3139 Reit¬
1298 3126 1368 3175 im
1379 3125 2324 3187 war von fortreißender Einfachheit als Thessa. Sie
1381 3164 2339 3211 sah nie so schön, so gewinnend aus wie gestern und
1258 3163 1363 3218 itgehe
1385 3208 2320 3250 spielte im Lustspiel selten so überragend vornehm und
1255 3203 1358 3260 eran,
1387 3245 2333 3290 rühmenswerth wie gestern. Die Darsteller des
1257 3245 1367 3294 Heran
1250 3284 1368 3330 einer
1384 3285 2333 3345 Töpfer=Ehepaars (Thomas und Anna Schramm)
1391 3322 2143 3382 fühlten sich in den possenhaften und
1232 3320 1368 3373 ußtlos
1386 3353 2345 3410 schon varürten Scenen heimisch und retteten selbst
1226 3362 1362 3416 zu sich
1254 3399 1368 3455 ihm
1391 3401 2334 3451 magere Scherze durch ihren einzigen Humor, Frl.
1389 3446 2323 3496 v. Mayburg spielte das Käthchen einfach und un¬
1219 3438 1368 3491 id war
1373 3480 2328 3537 bedeutend, aber Hr. Hartmann hat als Kammer¬
1226 3481 1371 3534 r war
1377 3518 2332 3570 diener Jcan eine wahre Prachtleistung geboten, wie
1226 3517 1367 3574 och ein
1378 3561 2336 3622 wenig die dem Diener in den Mund gelegten Worte
1230 3560 1363 3611 nntag¬
1224 3598 1363 3652 an auf
1386 3598 2063 3665 auch der Wahrscheinlichkeit nahe kamen.
1221 3634 1369 3690 gestern
2126 3631 2295 3698 G—n.
1220 3684 1373 3729 lig ge¬
1220 3715 1368 3768 mt ge¬
1500 3702 2303 3771 „Das Vermächtniß“ ein monotones ge¬
1229 3750 1366 3809 Als er
1379 3754 2326 3810 quältes dreiactiges Schauspiel von Arthur Schnitzler
1237 3794 1369 3839 r zum
1392 3793 2327 3844 hat gestern im Deutschen Theater, dank dem
1235 3827 1366 3881 rst 10
1390 3836 2322 3892 rührigen Eifer guter Freunde und dank einer vorzüg¬
1237 3870 1363 3920 issenen
1381 3868 2345 3942 lichen Darstellung dem Autor eine lauten Erfolg
1382 3907 1558 3974 gebracht.
1251 3941 1375 4000 lte er
1420 3935 2322 3992 Das Stück fängt gleich mit stark erregter Action an.
1255 3989 2341 4063 han! Hugo Losatti, der Sohn eines Wiener Professors,
