3484 4256
298 97 1213 156 Schale des kühl berechnenden Geschäftsmannes.
413 147 1556 193 In den Kreisen der wenigen Eingeweihten wurde sein Ver¬
297 182 1572 238 halten allerdings bedeutend weniger sentimental beurtheilt. Man
299 232 1560 297 wußte, daß der Sohn das geliebte Mädchen unter allen Umständen
292 280 1572 339 zur Frau genommen hätte, man wußte, daß er sich um den
298 330 1573 384 Widerstand, den ihm die Familie bereitete, absolut nicht bekümmerte
294 368 1573 431 und einfach so handelte, wie er es für recht und ehrenhaft hielt.
290 422 1571 477 Papa bewies sich arso wieder nur als kluger Mann, indem er
294 478 1564 528 Ja und Amen sagte und etwas geschehen ließ, was zu ver¬
300 516 1516 578 hindern seine ganze rücksichtslose Macht nicht ausgereicht hätte.
401 565 1570 626 Die sensationelle Romanhochzeit fand statt. Der junge
292 608 1568 678 Mann, der trotz seiner Jugend — er starb im dreißigsten Lebens¬
296 661 1572 727 jahre — ein namhaftes Industrieunternehmen dirigirte, verzichtete
295 711 1572 769 im Vollbewußtsein seines Eheglückes auf intimeren Verkehr mit
285 757 1570 823 dem väterlichen Hause. Da trat etwas Schreckliches ein; ein
291 800 1565 866 Leiden ergriff ihn, dem er trotz der aufmerksamsten, liebevollsten
294 864 1564 915 Pflege erlac, seine Frau in Mittellosigkeit zurücklassend. Er hatte
300 913 1581 969 nicht an die Sicherstellung ihrer Zukunft gedacht. Er war ja
304 950 587 1019 noch so jung!
406 984 1573 1077 Die Frau wurde von der Familie ihres todten Gatten
299 1045 1569 1102 abhängig. Und da entwickelte sich bald das Ver Ltniß, auf dem
292 1097 1555 1158 Arthur Schnitzler in seinem jüngsten Schauspiel „Das Vermächtniß“
293 1142 1566 1220 die dramatische Fabel aufbaut. Sie suchte sich von der demüthigen
295 1189 1580 1235 Abhängigkeit, als sie ihr unerträglich geworden, mit einem
301 1238 1586 1315 Revolverschuß zu befreien. Aber ihre Hand hat gezittert,
291 1290 1581 1347 sie hat schlecht gezielt. „Der Kunst der Aerzte ist es
303 1333 896 1424 gelungen" u. s. w., u. s. w.
904 1367 971 1441 *
408 1422 1579 1490 Man lacht in Advocatenkreisen viel über die kleine Ge¬
298 1470 1573 1560 schichte. Man lacht und beneidet den Collegen, dem sie passirte.
308 1529 1260 1594 Freilich, solche Clienten findet man nicht täglich.
417 1568 1577 1639 Man lacht über den Fall, weil er gar zu köstlich ist. Und
295 1621 1573 1689 die Leser werden ihn, ohne Juristen zu sein, nicht minder
304 1674 644 1746 originell finden.
423 1729 1581 1781 Ein junger Wiener Advocat, der sich nicht über allzuviel
292 1771 1563 1820 Clienten beklagen kann, erhält den Brief einer gewesenen —
299 1801 1578 1880 Statistin aus Nizza. Sie legitimirt sich als solche. Nehmen wir
300 1855 1579 1927 an; daß sie nicht einmal das war. Aber ein Weib von großer
290 1918 1588 1973 Schönheit dürfte sie sein, nach der beigeschlossenen Photographie
296 1958 1581 2032 zu schließen. Wozu aber die Photogravhie! Der umfang¬
299 2016 831 2083 reiche Brief erklärt Alles.
421 2051 1577 2108 Sie habe in Wien damals und damals auf einer Opern¬
293 2103 1579 2171 redoute die Bekanntschaft des Fürsten Soundso gemacht. Sie
303 2153 1572 2213 soupirte mit ihm, man war guter Laune. Sie kam noch zweimal
304 2210 1576 2262 mit dem Fürsten zusammen. Vor einigen Wochen habe sie in
306 2252 1582 2310 Nizza einem Knaben das Leben geschenkt. Seither machte sie eine
306 2309 1583 2361 schwere Erkrankung durch, befinde sich derzeit in traurigen Ver¬
304 2343 1592 2409 hältnissen und betraue den Advocaten damit, schleunigst gegen den
300 2391 1587 2458 Fürsten vorzugehen, respective einen Ausgleich ehestens durch¬
299 2452 1293 2504 zuführen, damit sie aus ihrer Noth befreit werde.
404 2465 1580 2550 Das wäre ja unter Umständen ein guter Proceß! Aber der
299 2548 1585 2598 Advocat wußte, wie faul solche Sachen zu sein pflegen. Und
303 2590 1586 2642 wenn die Wöchnerin in Nizza auf das Geld wartete, dann konnte
302 2641 791 2725 sie noch lange hungern.
415 2669 1575 2744 Zunächst war nun der übliche Brief an den Fürsten zu
306 2727 1581 2791 schreiben. Der wird dann natürlich nicht beantwortet, man reicht
656 2786 1586 2837 —. Der Advocat überlegte. Wie wäre es, wenn
295 2793 597 2858 die Klage ein
299 2832 1590 2889 ich statt des üblichen Briefes selbst ginge? Ich komme vielleicht
288 2890 1576 2958 Né im Leben mehr dazu, mit einem Fürsten persönlich zu ver¬
291 2941 1572 3025 kehren. Man wird nicht empfangen? Gut, in der Expensnote
286 2992 1059 3054 läßt sich so etwas stattlich verzeichren.
413 3044 1575 3113 Der Advocat wirft sich in seinen Frack, meldet sich beim
298 3093 1574 3152 Fürsten und wird softit — erste Ueberraschurg — empfangen,
290 3145 1566 3213 und zwar — zweite Ueberraschung — liebenswürdig empfangen.
425 3191 1507 3252 „Sie wünschen, mein Herr?“ — Der Advocat zögert.
304 3230 584 3308 „Bitte, los!“
647 3233 1582 3321 „Eine delicate Sache, Durchlaucht“ — „Bitte,
295 3282 651 3371 nur immer los!“
407 3340 1572 3402 Der Advocat trägt nun sein Anliegen vor, mit allen ihm
292 3405 1573 3457 bekannten Details, und wie er fertig ist und nach der Photo¬
300 3446 1573 3509 graphie langen will, sagt der Fürst, plötzlich nach der Uhr
304 3493 1583 3546 blickend: „Pardon, Herr Doctor, ich bin etwas pressirt; halten
305 3540 1584 3604 wir uns nicht lange auf. Ich bezahle 300 fl. Krankenkosten und
298 3604 1571 3648 100 fl. Monatsbeitrag. Mein Secretär wird das morgen mit
307 3640 1590 3697 Ihnen erledigen.“ — „Und wünschen Durchlaucht nicht das
302 3690 1500 3738 Bild der Dame zu sehen?“ — „Der Dame?  Hm
309 3739 1588 3808 Nein! Wozu? Ich glaub' es ihr. Und wenn ich es nicht
297 3787 1585 3843 glaube, klagen Sie. Die Dame schwört. ... Warum soll sie
308 3843 1592 3900 nicht schwören? Nicht wahr? Also mein Secretär ist morgen
308 3883 887 3951 bei Ihnen. Guten Tag...“
429 3928 1589 3988 Und die Sache wurde am nächsten Tage prompt erledigt,
303 3985 1586 4066 ohne daß die joviale Durchlaucht auch nur neugierig war, die
306 4027 852 4113 Photographie anzusehen. —
2969 1596 3378 1663 Kolportagespekulation
2232 1593 2800 1688 Burgtheater. 2270
1980 1612 2092 1683 0
2968 1650 3377 1715 lassung Bismarck's u
1875 1679 2946 1740 (Ein ernstes Wort zur Erstaufführung von „Herostrat“.
2976 1694 3380 1760 seiner preisgekrönten
1935 1727 2903 1780 Tragödie in vier Aufzügen von Ludwig Fulda.)
2976 1744 3377 1808 nicht der interessanten
1954 1762 2944 1828 Unser deutscher Dichterwald wird bald so aussehen,
2973 1798 3382 1859 dennoch im Burgtheaf
1875 1809 2950 1866 wie der Karst: nackt und kahl, zerrissen und zerklüftet,
2958 1834 3385 1903 aus dem Zufall seine
1884 1862 2959 1923 einem sturmgepeitschten Meere gleich, das plötzlich er¬
2977 1884 3378 1949 seinem literarischen
1875 1910 2952 1973 starrte. Alle Versuche, durch Aufforstung wieder gut zu
2973 1929 3375 1995 Redaktion der „Vossi
1884 1962 2957 2012 machen, was da durch verbrecherische Abholzung an
2969 1979 3365 2046 sogenannten „ersten
1876 1998 2957 2063 geistigen Gütern der Nation verschachert und verschlendert
2961 2017 3383 2093 hatte. Aber damit das
1872 2053 2947 2119 worden ist, werden daun eben so vergebliche sein, wie
2970 2077 3386 2139 Direktion durch dies
1879 2099 2945 2158 jene auf dem Karst, wo die von Menschenhand mühselig
2970 2128 3380 2198 Deutung erfahre, ha
1883 2146 2950 2205 eingebetteten Kartoffel= und Getreideoasen immer wieder
2971 2171 3354 2241 Ludwig Fulda's
1881 2198 2948 2252 vom Sturme hinweggefegt werden. Wenn wir von der Wirk¬
2971 2217 3344 2287 wieder eine Woche
1874 2246 2938 2302 sargkeit der noch immer sogenannten „ersten deutschen Bühne“
2964 2250 3371 2328 finden wir die Erst
1882 2295 2960 2347 noch auf die poetische Hervorbringung der deutschen Nation
2963 2318 3376 2376 Sigmund Schlesi
1885 2335 2957 2389 schließen dürften, dann müßte uns geradezu ein eisiger
2957 2360 3375 2425 dann Georg Hirsch
1876 2380 2944 2439 Entsetzensschauer erfassen über die frevlerische Vernach¬
2964 2408 3388 2485 durchgefallenen „Agne
1879 2437 2943 2494 lässigung und Verluderung unseres dramatischen Besitz¬
2973 2454 3270 2525 nach Hirschfeld
1873 2479 2948 2538 standes. Es ist ein Jammer, passiv zusehen zu müssen,
2965 2490 3380 2570 jahre! — Arthur S
1878 2533 2953 2592 wie man am Burgtheater alles Große und Eigenartige
2967 2547 3377 2617 aktern. Ziehen wir
1873 2564 2956 2636 verdorren und abbröckeln läßt und dafür den Ramsch
2970 2604 3371 2662 Repertoire der noch
1874 2623 2953 2680 tantiémen= und ruhmsüchtiger Spekulanten eintauscht.
2963 2641 3383 2727 schen Bühne“, so fi
1877 2670 2953 2733 Seitdem Dr. Paul Schlenther Direktor des Burg¬
2970 2695 3367 2763 Komödie, die nur
1874 2717 2952 2772 theaters ist, hat auf der noch immer sogenannten „ersten
2960 2737 3388 2811 konnte, als Enderg#
1875 2773 2952 2835 deutschen Bühne“ überhaupt nur mehr das Juden¬
2971 2788 3372 2845 Autoren, die von
1878 2811 2532 2880 thum in der Literatur das Wort.
2972 2833 3382 2905 reicherung des dram
1958 2855 2325 2928 Namen beweisen.
2970 2890 3376 2956 theaters herangezogen
1959 2895 2957 2971 Hermann Faber (recte: Goldschmidt)
2962 2929 3318 2998 Zayl sieben (
1884 2958 2948 3009 hatte das Spieljahr eröffnet; ihm folgte Ludwig
2968 2974 3384 3041 Der ewige Jude!) un
1882 3006 2944 3066 Fulda als Uebersetzer des „Cyrano von Bergerac“
2974 3026 3384 3088 die man denn doch n
1877 3048 2950 3099 Dann fiel Meyer=Förster, ausnahmsweise ein
2969 3071 3379 3146 scheidene Zahl: ein
1882 3089 2952 3142 Deutscher, mit einem unmöglich=naturalistischen Schwank
3044 3121 3379 3199 Zahlen beweisen
1885 3140 2960 3207 durch, und Arthur Schnitzler hatte es nach dieser
3054 3177 3356 3248 Es fällt mir
1877 3190 2960 3242 Probe deutscher Durchfallsgründlichkeit leicht, mit seinem
2977 3223 3369 3294 Zahlen antisemitische
1884 3236 2953 3288 tend. aziös=anempfundenen Halbwelts=, Vermächtniß“ einen
1875 3285 2968 3345 Scheinerfolg zu erzielen. Seinen Spuren folgten er¬
2969 3278 3379 3342 liegend, berechtigt un
1874 3328 3361 3401 röthend Felix Philippi mit einer schlauen halb erscheinen mag,
