3484 4224
1398 132 1872 233 box 16/2
217 142 1368 260 10. Das Vernaechtnis
664 1531 3072 1624 2. Pragsanzisten Derrn Eouard Lacina in Gaya zum welches einen Schaden von 83.000 fl. anrichtete. Der
606 1533 907 1624 —
1179 1580 1234 1636 —
3012 1609 3080 1668 —
177 1603 3074 1662 war ein berühmter Arzt jener Leute, das täglich in einem hiesigen Kafseehause zusammen= will ihr in Hinkanft keine Hosenrollen mehr gestatten.
174 1639 3074 1747 dinorius gerne bei sich sehen, um aus kommt und dort Lteratur schmockt. Also die Wiener Frau Palmai hat heuer schon zwei Hosenrollen
167 1704 3072 1834 ie neuesten Nachrichten der Gesellschaft Bohemiens! Das sind die „Lumpen“. Murger hat gespielt, ein drittes Mal läßt er die gräflichen Beine
171 1751 3071 1826 sten Theaterleute ####sultirten ihn, er das so reizend gemacht, daß keine Nöthigung vorlag, unserer Ilka nicht bloßstellen. Fräulein v. Schönerer,
167 1799 923 1868 der Kunstwelt. Der junge Schnitzler
926 1816 1513 1882 es noch einmal zu versuchen.
1968 1830 3069 1916 statt sich auf das von Frau Palmai wahrscheinlich
164 1832 933 1918 kernsten, fleißigen Arzt, und man weiß
988 1875 3070 1976 Herr Hirschfeld behandelt die Schicksale eines erwartete Zureden zu verlegen, theilte die Rolle einer
180 1897 932 1976 e Pose nachzusagen, als die Stirnlocke.
920 1895 3069 1995 jungen Autors, der gegen seine Ueberzeugung ein anderen Schauspielerin zu und sagte: „Dann wird
195 1941 706 2010 t noch immer der Wind.
919 1945 3065 2063 Stück ändert, dann damit Erfolg erzielt und reich die Gräfin eben in der nächsten Novität nicht
163 1981 922 2054 se Première hatten wir im Carl¬
926 2004 3072 2111 wird. Seine bisherigen Freunde, die „Lumpen“, spielen.“ Und Frau Palmai sagte darauf: „So steht
168 2034 920 2097 rde eine Komödie gegeben, die „Lum¬
923 2048 3076 2162 neckten ihn darob und er meidet sie. Eine Heirath die Geschichte? Es ist also der Directorin gleichgiltig.
159 2087 937 2152 nen Herrn Leo Hirschfeld zum Ver¬
917 2098 3072 2213 versöhnt Alles. Die Vorgänge sind nicht auf, ob ich spiele oder nicht? Gut! Und sie meldete sich
177 2139 3073 2261 zu verwechseln mit dem schon berühmt regend, aber es gab gute Milieuschilderung und das unwohl. Die Operetten, in denen Frau Palmai spielt,
166 2168 1981 2278 liner Hirschfeld. Den Wiener Hirsch= interessirte die Leute des ersten Abendes, welche sich
1981 2218 3067 2296 mußten abgesetzt werden und man brachte rasch die
164 2229 3075 2294 1t Jahren in den Zwischenacten der theilweise freuten, ihr Conterfei auf der Bühne Posse heraus, welche über die nächsten zwei Wochen
167 2278 1138 2364 aufesten schimpfen. Ich war überzeugt, zu sehen.
1972 2318 3066 2396 weghelfen sollte. Der Durchfoll wirft neuerdings alle
160 2317 940 2387 unversehens mit einem Stücke kommen
983 2340 3071 2441 Einen spectakulösen Durchfall gab es Sonntag Pläne über den Haufen. Wenn die Schönerer nicht
184 2377 928 2440 die Premieren=Schimpfer fröhnen im
921 2370 3067 2497 im Theater a. d. Wien. Eine niedernnächtig schlechte, bis zur neuen Operette mit Einnahmen von 300 fl.
170 2416 3066 2535 aster der Stückschreiberei. Und ebenso dumme, blöde Posse, „Die Seehunde“, wurde aus= spielen will, wird sie sich bemühen müssen, die
176 2472 931 2535 t, daß der Schimpfer kein gutes Stück
916 2484 3065 2538 gepfiffen und unter großem Spectakel mühevoll zu schmollende Palmai zu beruhigen. Ich sehe übrigens
180 2522 928 2583 n wird. Es ist aber besser ausgefallen.
921 2514 3063 2634 Ende gespielt. Am nächsten Tage wurde sie nicht seit gestern deren Landsmann Karczag das Theater
197 2565 930 2638 gestaltete sich sogar die Sache zu
923 2579 3065 2670 mehr gegeben. Die Directorin dieses Theaters steht a. d. Wien umkreisen. Er wittert Raum für seine
165 2606 3066 2728 chenen Erfolg. Am zweiten Abend jetzt ohne Repertoire da. Frau Palmat ist nämlich schöne Frau. Wer welß? Im vorigen Jahre hat
176 2659 924 2730 schwach besucht, am dritten Abend leer.
910 2671 1404 2737 in den Strike getreten.
1967 2693 3078 2772 Fräulein v. Schönerer gesagt, daß die Kopacsi
174 2713 926 2779 ch. Es war ein Stück für die Pre¬
986 2735 3077 2827 Frau Palmai sollte in einer für Weihnachten ihr keine 500 fl. monatlich werth ist. Nichts leichter
171 2761 924 2835 Das große Publicum interessirte sich
915 2771 3080 2888 vorbereiteten neuen Operette, die den Neffen von als daß sie ihr jetzt 2000 bis 3000 fl. monatlich
172 2809 553 2866 verstand es nicht.
894 2818 2170 2912 Johann Strauß zum Componisten hat, eine Hosen= bezahlt.
2906 2861 3016 2946 ∆
179 2857 2004 2953 feld photographirte jenes Jung Wien rolle spielen. Graf Kinsky, der Gemahl der Künstlerin,
