3436 4256
1406 190 1869 277 box 16/2
202 186 1274 300 10. Das Vernaechtnis
309 1484 3147 1577 un G ernRUPGRAAIEGAT DAMMEETAMO
167 1562 828 1627 Huga's mit Agues gesehen. Dabei
815 1562 1981 1625 bürtige ausgenommen zu werden und aufzugehen. Ein Theil von
1959 1574 3124 1627 Mädchen aus unseren Kreisen, wie Losatti sagt. Ja, in
168 1600 825 1673 Er ist nur bis ins Mark ausgehöhlt
815 1609 1969 1667 ihnen behält die Erinnerung an die harte Zeit der Noth und der
1967 1618 3132 1675 der That, wenn alle Leute fortwährend korrekt sind, man die
170 1657 820 1707 ens, es ist nichts mehr echt an ihm,
821 1652 1975 1705 Entbehrungen. Es ist eine bittere Erinnerung. Und gewisse
1960 1658 3125 1722 Menschen wie Uhren aufziehen könnte, man sie alle zu den
160 1689 818 1756 #er öffentlich ist), ist ihm in der
814 1700 1965 1767 Naturen tragen den Stachel dieser Vitterkeit durch ihr ganzes
1965 1708 3134 1772 Puppen machen könnte, die sie in gewissen Schichten, insbesondere
172 1739 814 1804 ur korrekt! Dabei ist er gutmüthig
815 1746 1976 1815 Leben. Sie haben Fleiß und Talent gehabt. Sie haben gearbeitet
1964 1760 3140 1820 den „besseren“, zum großen Theil wirklich sind, dann gäbe es
171 1786 821 1856 Willen Hugo's und Mamas keinen
808 1785 1973 1852 und geleistet. Aber was hätten sie arbeiten und leisten können,
1970 1800 3132 1871 keine Konflikte, und dann gäbe es auch kein Drama mehr. Dieser
167 1838 828 1900 nsetzen kann, so erinnert er sich noch
812 1839 1966 1907 wenn die Noth des Lebens sie nicht gezwungen hätte, für den
1961 1850 3126 1922 Hugo ist nun einmal so, daß er ein Mädchen aus dem Volke
174 1886 824 1953 „liberaler“ Mann ist, und wendet
805 1879 1970 1962 Erwerb, für die nackten Lebensbedürfnisse zu sorgen! Oft nicht
2665 1888 3121 1967 wenigstens die weib¬
1960 1883 2692 1957 wirklich liebt, und diese Familie —
172 1932 826 2007 und Vorurtheilslosigkeit. Je weniger
814 1935 1972 2001 allein für die ihren allein, sondern auch für die ihrer Angehörigen,
2393 1935 3128 2015 sind nun einmal so anständig, den
1969 1938 2328 2009 lichen Mitglieder
185 1977 824 2052 schwätzt er. Für jede Situation
810 1985 1960 2046 alter Eltern, junger Geschwister. Mit kuirschenden Zähnen sagen
1964 1988 3129 2049 Willen des Sterbenden wörtlich zu erfüllen. Sie maßen
168 2026 814 2095 oße, so doch tönende Worte und
818 2029 994 2105 sie sich,
1978 2033 3131 2107 sich nicht das Recht rabulistischer Auslegungskünste an,
1081 2046 1695 2137 „Daß die Sorge des Erwerbens
181 2079 817 2135 bedeutend vor. Das hat er aus
1973 2080 3126 2151 sie sind ehrliche Leute und wollen, wenigstens was an ihnen
1075 2103 1543 2165 Unser Bestes untergräbt
166 2116 824 2182 #ir kennen den Professor Losatti in
1970 2127 3135 2190 liegt, das Vertrauen sterbender Menschen, daß man ihnen gegebene
1073 2133 1659 2196 Und am Tage seines Sterbens
158 2157 824 2231 Unarten. Wir haben in Oester¬
1963 2174 3131 2242 Versprechen hält, auch für die Zukunft aufrechterhalten. Aber das
1080 2176 1644 2247 Niemand weiß, daß er gelebt.“
168 2208 826 2279 aftlosen Schwätzertypus politisch so
1960 2225 3125 2284 Unwahrscheinliche, sagen die Leute, denen das Stück unangenehm
918 2226 1971 2295 Das sind dann gewöhnlich dieselben, die mit herbem Stolz
183 2259 822 2323 Nen entzückender Widerwärtigkeit
1957 2265 3133 2344 ist, liegt doch darin, daß jo diese Toni nicht in das Milien der
817 2281 1975 2342 gern davon reden, daß sie arm gewesen sind, und daß sie mit
164 2297 814 2378 sich selbst in Rührung und Größe
1956 2315 3117 2386 Losatti paßt. Selbst angenommen, Hugo hätte sie beiraten
815 2327 1969 2394 Mühe und Noth zu kämpfen gehabt haben, und daß sie doch
190 2361 807 2417 er in Haltung und Geberde der
1962 2363 3123 2427 wollen. Es geht nicht — diese Toni spricht im Dialekt und hat
818 2380 1965 2435 etwas geworden seien. Zu dieser Art von Emporkömmlingen ge¬
181 2396 813 2468 richtige Marquis Poseur. Immer
1967 2409 3129 2472 keine „Bildung". Nun, die Toni ist als ein Mädchen von
803 2411 1961 2485 hört Dr. Schmidt. Er ist nun einmal in die oberen Kreise
191 2447 811 2515 hervorstechendste Kennzeichen des
1955 2455 3127 2529 etwa zwanzig Jahren zu denken. Auch scheint sie ein leidlich wisses
805 2466 1963 2522 gelangt, er will ihre Sitten und Gewohnheiten beobachten und
172 2500 814 2553 reich), unterliegt er dem Willen
1967 2510 3125 2578 Mädel zu sein, denn Hugo hat mit ihr viel zusammengelebt —
801 2516 1970 2579 ehren, und zu diesen gehört in erster Reihe die Korrektheit.
148 2529 817 2609 Er unterliegt immer. Sich von dem
1965 2539 3116 2615 und wie es scheint oft lieber mit ihr als mit seiner Familie und
805 2557 1966 2611 Schickt sich denn das, daß seine Braut, die reine Franzi, mit
150 2588 807 2655 lassen, ist für ihn eine innere Noth¬
1967 2600 3125 2664 den Familien seines Kreises. Glaubt jemand im Ernst, daß
812 2603 1966 2657 einer „solchen Person“ wie Toni ein intimes Verhältniß hat?
165 2643 811 2710 ist er auch wehrlos. Er unterliegt
1961 2647 3130 2707 ein solches Mädel in solchem Alter den läppischen Manieren¬
803 2652 1972 2716 Was war schließlich Toni? Hugo's Maitresse. Diese Damen
155 2678 812 2738 Willen der Seinen dem Willen Dr.
1966 2695 3135 2754 vorrath der „besseren“ Schichten sich nicht erwerben könne? Damit
805 2688 1963 2764 kennt man. Natürlich, man benimmt sich auch da anständig,
162 2734 809 2794 nirtheit, Brutalität und innerliche
1961 2736 3134 2811 aber hat sie schon zum größten Theil die Bildung dieser Kreise
803 2740 1961 2808 korrekt. Mit Geld ordnet man derartige Sachen. Und in der
164 2779 803 2844 soweit er noch eigene Natur hat, am
804 2790 1969 2850 That, das ist die Denkungsweise des Milieus, nicht allein
167 2828 814 2892 diese Bornirtheit und Gemeinheit
1954 2836 3119 2903 „höheren Töchterschulen“ lernen, das kann wahrhaftig ein geistig
810 2824 1963 2893 Losatti's und Schmidt's, das ist auch die Denkungsweise des
164 2864 787 2943 eit. Und nur korrekt sein, korrekt!
1959 2880 3124 2947 normales Frauenzimmer von zwanzig Jahren sich leicht in einem
803 2885 1965 2948 Premièrenpublikums des Burgtheaters. Der ganze Fall, sagen
169 2914 808 2993 Ferdinand Schmidt. Aus bitterer
1965 2932 3130 2989 Jahre aneignen. Ja, vermuthlich wird sie dabei dann noch
807 2934 1957 2987 diese Leute, ist unmöglich. Denn erstlich, wo ist in unseren
160 2966 810 3030 nten Stellung emporgearbeitet. Die
1953 2972 3133 3042 immer unterrichteter sein als die anderen, denn sie nimmt mite
808 2980 1958 3036 Kreisen ein junger Mann, der, wie Hugo, ein solches Verhältniß
1957 3013 3126 3095 reife em Hirn und reiferer Seele auf. Man mache aus der
177 3022 811 3082 ist zwar im Verhältniß zur Zahl
807 3028 1969 3095 so bitter ernst nimmt? Wo sind, in unseren Kreisen, die Eltern,
1962 3063 2888 3143 Bildung dieser Kreise nur kein besonderes Aufheben.
175 3054 806 3144 herlich gering, aber sie kommt inner¬
807 3073 1957 3134 die, wenn sie schon dem unmöglichen, sterbenden Hugo das Ver¬
175 3119 806 3175 doch als Typus in Betracht. Die
800 3107 1961 3171 sprechen gegeben haben, Mutter und Kind in ihr Haus auf¬
2067 3122 3117 3193 Neben diesen beiden männlichen Hauptpersonen, deren
175 3165 811 3229 jeden materiellen, geistigen und
806 3171 1964 3230 zunehmen, dieses Versprechen auch halten? Er war ja, sagen
1962 3156 3117 3237 Zeichnung dem Dichter vorzüglich gelungen ist, haben wir zwei
164 3184 818 3280 nit dem Milien, dem sie entsprossen
810 3211 1964 3280 diese Leute mit Dr. Schmidt, als er dieses Versprechen verlangte,
1967 3201 3118 3281 weibliche Hauptpersonen hervorzuheben. Frau Emma wird mit
167 3245 1966 3333 rung daran so schnell als möglich nicht bei vollem Bewußtsein. Wäre er wieder gesund geworden,
1962 3266 3123 3339 einigen wenigen, aber deutlichen Strichen lebendig gemacht. Sie
174 3301 3198 3395 sch, in dem neuen Milien als Eben=1 dann hätte er ja selbst nie Toni geheiratet, sondern ein ist eine tief empfindende Frauennatur, die nur einmal in ihren
