3436 4320
221 134 352 217 10
2294 96 3026 176 Sheunhnesm
1415 141 1861 228 box 16/3
350 143 1279 238 Das Vernaechinis
2306 189 2664 282 Telefon 12801
3030 300 3239 372 Ausschnitt
2039 284 2972 375 Unternehmen für Zeitungs-Ausschnitte
2972 335 3230 470 Nr. 92
1755 345 2811 492 10 SOBSERVER“
343 439 1792 526 —
1788 466 3235 548 I. österr. behördl. concess., Bureau für Zeitungsberichte und Personalnachrichten
2084 533 2935 642 Wien, IX/1 Türkenstrasse 17.
888 567 1255 633 Telefon 12801.
2009 627 2994 712 — Filiale in Budapest: „Figyelö“, VIII. Josefsring 31a. —
608 662 1528 746 Unternehmen für Zeitungs-Ausschnitte
1588 710 1719 769 Aus:
269 673 627 821 M 105
563 748 716 828 —
1536 755 1664 855 Nr.
713 746 1362 855 „OBSERVER“
1785 788 2927 922 Ausschnitt aus: Berliner Abendzeitung
331 850 1696 936 I. österr. behördl. concess, Bureau für Zeitungsberichte und Personalnachn
649 913 1510 1012 Wien, IX/1 Türken: rasse 17.
1790 917 2232 1050 vor 11. 10. 70
543 1009 1564 1086 — Filiale in Budapest: Figyelö“, VIII. Josefsring 31a. —
2215 1081 2683 1162 „Das Vermächtniß“.
2053 1142 2916 1214 Im deutschen Theater bereitete gestern
1980 1183 2913 1254 das stark mit Freunden des Autors durch¬
332 1146 1465 1303 Ausschnitt aus: Berliner Morgen-Zeitung
1986 1232 2908 1295 setzte Publikum dem neuen dreiaktigen Schau¬
1994 1274 2914 1321 spiel Arthur Schnitzlers: „Das Vermächt¬
1995 1305 2679 1365 niß“ einen sehr lebhaften Erfolg.
2702 1314 2911 1366 Der leise
344 1326 785 1420 vom 2 2P.
2001 1351 2907 1407 Widerspruch, der sich bemerkbar machte, galt wohl
2006 1392 2907 1440 hauptsächlich dem Ueberschwang der Beifallspender,
1994 1430 2916 1485 die sich in lauten Zeichen der Zustimmung gar
1999 1463 2921 1510 nicht genug thun konnten und von den Schwächen
867 1471 1179 1557 Theater.
1988 1512 2917 1563 des Werkes keine Ahnung zu haben schienen. Der
397 1528 1637 1602 1 B.d. Das Deutsche Theater brachte am Sonnabend ein
2003 1550 2926 1613 Dichter nahm natürlich in Person nach jedem Alt
394 1577 1636 1656 #emes Bühnenwerk Arthur Schnißlers, das dreiaktige Schauspiel
1986 1588 2501 1636 die Huldigungen entgegen.
434 1621 1645 1661 Das Vermächtniß“, erstmalig zur Aufführnag. Wäre der Werth
2065 1619 2919 1667 Schnitzler ist ein starkes und vornehmes Talent,
407 1650 1623 1720 eines Stukes lediglich nach der größeren oder geringeren Sta#fe des
1991 1667 2917 1720 das hat er auch in diesem neuen Schauspiel be¬
413 1687 1630 1753 Arpinases zu beurtheilen, den es hervorruft, so müßte „Das Berman
1998 1704 2915 1759 wiesen. Wieder ist's eine „Verhältniß=Komödie“;
401 1713 1650 1771 niß" zu dem Besten gehören, was seit langem auf die Bühne gebracht
2000 1745 2922 1796 aber der Verfasser hat es verstanden, auch diesem
403 1764 1642 1830 worden ist, denn selten habe ich so intensives Beifallsklatschen gehört.
1995 1782 2909 1819 von unseren Modernen so arg gemißbrauchten
1090 1804 1649 1854 Rufen. Aber gerade das
397 1796 1004 1863 wie diesmal, Klatschen und
1994 1816 2923 1889 Thema eine neue Seite abzugewinnen. Er schildert
1422 1834 1655 1895 Zuschauern
385 1847 1339 1887 bletztere kommt mir verdächtig vor. Unter
1990 1852 2910 1912 uns das „Verhältniß“ als ein Vermächtniß
491 1876 1658 1932 beren Ränge, von wo in der Hauptsache die Rufe nach dem
2003 1905 2916 1951 an die Familie des betreffenden Jünglings. Vier
772 1912 1654 1969 iögen sich nicht wenige ganz besonders feurige Ver¬
406 1920 729 1974 Tichter herdamen
1993 1924 2923 1989 Jahre hat der junge Dr. jur. Losatti hinter dem
382 1949 1665 2005 ehrer des Verfassers befunden haben, die einen Erfolg um jeden Preis
2004 1976 2913 2020 Rücken seiner höchst ehrenwerthen Familie ein
381 1984 1659 2042 zu Stande bringen wollten. Rnn, was sie gewollt, haben sie erreicht
1998 2012 2909 2078 inniges Familienleben mit seinem Fräulein Frau
476 2024 1650 2071 einen sehr lauten Erfolg hat „Das Vermächtniß“ ouhabt,
2000 2044 2916 2112 uund dem Bübchen geführt. Da verunglückt er
392 2073 1569 2137 d#rüber aber, daß die Handlung des Stuckes mit zu dem Unde
1996 2094 2914 2153 eines Tages mit dem Pferde und wird sterbend
400 2114 1654 2168 lichsten gehört, was je auf die Bühne gebracht worden ist, kann Seer
1991 2133 2915 2205 ins Haus seiner Eltern gebracht. Von Todesahnen
397 2138 1036 2205 lante Erfolg nicht hinwegtauschen.
1998 2172 2912 2218 ergriffen, gesteht er alles, dringt darauf, daß mann
536 2159 1642 2233 ist die Tragödie der hinterlassenen Geliebten, die ans Schuen
2002 2208 2907 2275 die Geliebte und ihr Kindlein hole, und nimmt den
379 2215 1612 2286 #in seinem Vermächtniß“ vor Augen führt. Das wühlt in bumsn
1511 2231 1649 2283 P
1997 2253 2903 2300 Eltern das Versprechen ab, Mutter und Sohn
412 2256 1659 2319 #ad f#elischem Schmerz und in Verzweinung, daß Aroenschwache
2005 2278 3036 2364 dauernd in ihr Haus nehmen und für sie sorgen 7.50)
381 2293 1649 2352 #Sute geradezu vor dem Besuch dieses Stückes zu warnen sind. Jeder
1832 2305 2017 2378 Für 50
389 2341 1660 2398 Alt hat seine Leiche — das mag recht frivol klingen, entspricht aber
1918 2333 2910 2408 100 zu wollen, als gehöre sie zur Familie. Man ers
470 2376 1649 2422 Thatsachen. Im ersten All stirbt der jugendliche Dr. jur. Hugo
3068 2366 3206 2434 Teäüber
1914 2385 3016 2452 200 füllt den Wunsch des Sterbenden, und im nächsten 25.—
387 2396 1197 2452 Mösatti im iterlichen Hause infolge
1193 2418 1599 2476 eines Sturzes vom
1916 2404 3249 2480 500 Alt sehen wir die arme Tonk und ihr von allen 55.—] im Voraus
382 2454 1570 2492 Pferde. Da#er sein Ende herannahen fühlt, macht
1868 2451 3015 2526 „ 1000 verhätscheltes Kind gewissermaßen als Mittel=100.—
407 2486 552 2531 schur
555 2492 1634 2537 Mutter das Geständniß, daß er ein Kind hat
1973 2498 3279 2567 n punkt der trauernden Familie. Aber noch hat ausschnitte ist das
407 2518 1649 2579 einen vierjährigen Jungen. Er will dieses Kind und dessen Mutter
1856 2533 3286 2620 Aboume Tom Schlimmeres zu erdulden. Auch ihr Kinds auch sicht es den
399 2560 1644 2608 Tyni Weber, noch einmal'sehen. Beide werden herbeigeholt, und Hugo
1845 2579 3184 2658 Abonne,wird ihr genommen, und durch dessen Toder zu ändern.
394 2605 1647 2660 kann beruhigt stuben: seine Eltern haben ihm versprochen. Soni und
2006 2625 2267 2681 wendet sich
2274 2631 2371 2678 ihr
2703 2628 2916 2681 was an
2376 2626 2700 2682 Geschick. Alles,
722 2645 1655 2696 Haus aufzunehmen. Das Versprechen int ammt
2005 2672 2919 2719 Gerechtigkeitsgefühl, Milde und Edelmuth sich i
371 2668 1634 2743 geben und iuß siun nuch geyatten chrben. und un letde  dute
1995 2683 2925 2767 den Familienmitgliedern regt, wird durch den
418 2716 1506 2758 verschiedenen Angehörigen des Losattischen Hauses um so
1612 2724 1754 2773 lusive
406 2751 1718 2786 als sie alle den kleinen Bubi von Herzen gern haben. Um seinet= irto.
2003 2733 2931 2797 Wortführer der Opposition; den geschraubt
354 2772 1737 2846 #willen wird der Mutter verziehen. Da plötzlich — der Verfasser intet hlbar
2001 2793 2920 2841 moralischen Hausarzt, in Grund und Boden ge¬
1618 2809 1757 2865 Voraus
382 2820 1123 2873 Auns im Unklaren darüber, wieso? —
1147 2822 1614 2871 irbt das Kind, zum Glück
1994 2823 2925 2878 redet, und so gieht man schließlich zu daß dieser
379 2850 473 2913 *
1467 2867 1558 2913 31111
592 2863 1358 2913 wie sein Vater auf der Bühne, sonhern n
2006 2861 2920 2910 wackere Herr dem um Geliebten und Sohn##nden
1616 2867 1774 2948 ist dlas
506 2905 1093 2948 mi siiem Schlage isi au
1129 2897 1414 2955 ie Sympathi
2002 2896 2925 2953 Mädchen gerade heraus sagt, daß es das Haus
1616 2924 1799 2998 zes den
488 2931 1502 2998 unglücklichen Malter entgegenbrachte, verschwunden.
2377 2939 2939 2994 Durch allerlei freundliche
345 2966 500 3025 Ahba#
911 2969 1525 3030 e eines Dr. Terdinand Sch
1997 2982 2936 3041 Redensarten und materielle Versprechungen sucht
422 3002 499 3051 der
553 2984 891 3059 eh Verlobter
1241 3010 1501 3082 Hugss s
1997 3019 2936 3083 man dann der Bedauernswerthen die bittere
379 3020 1275 3099 Oder unglücktichen Mutter die neue Hefmath, die
2002 3061 2945 3115 Pille etwas zu versüßen aber Toni
533 3086 1476 3126 gefunden, wieder genommen. Der To#or-ubermmtit
2010 3102 2925 3154 versteht, wie das im Grunde gemeint ist Ver¬
408 3115 1403 3161 von der #othwendigkeit zu überzeugen, daß ihres Bleid
2003 3136 2937 3199 zweifelt verläßt sie das Haus, und aus einem
395 3152 846 3210 aussändigen Hause nicht
994 3155 1633 3209 # und Hiese geht, nachdem sie alles.
2004 3162 2931 3255 zurückgelassenen Zeitel geht hervor, daß sie bestimmt
648 3179 1647 3255 zweiflung, Demuthigung und Beschimpfung hat ereniben
2185 3212 2941 3282 #sei dem Geliebten und ihrem Kinden
785 3228 991 3275 in den Tod.
1994 3234 2933 3307 in den Tod zu folgen. Dem Hausarzt aber brin=?
734 3260 800 3326 u
964 3250 1241 3315 einem Vermäh
2092 3294 2921 3350 herzloses Handeln keinen Segen, entrüsterun
1222 3294 1639 3351 #rtheit ausfassen, weune
2003 3341 2930 3390 erlältetwendet die älteste Tochter des Hauses, Tönis
805 3335 1650 3387 handelt. Der Vertasser erweist sich auch in
790 3371 1141 3428 euwert als ein schar
2001 3371 2932 3422 warme Fürsprecherin, sich von ihm und schließt mit
1403 3376 1517 3426 und
794 3406 1344 3458 Ange geschaut, auch geschickt
2000 3408 2929 3449 vielen. warmherzigen und trefflichen Worten über das
1420 3413 1631 3472 SRETZANeRer
704 3447 1404 3506 sen die mannigsachen wirtungenen
2001 3443 2876 3499 an Toni begangene Unrecht das Schauspiel ab.
618 3483 1336 3533 Stucke einen gewissen literarischen
2067 3481 2924 3535 Schnitzler hat in dieser Handlung, die ich hier
732 3520 1088 3561 bem #fuck an
1993 3509 2926 3575 nur in großen Zügen andeutete, ein Thema an¬
1181 3519 1633 3577 trefsich Darstellung
628 3557 1242 3600 nen Eine herrliche Leistung hat
1473 3565 1601 3615 1 A 1
1996 3570 2930 3613 geschlagen, das wohl den Vorwurf zu einem
693 3590 769 3639 die
548 3595 657 3643 om
762 3593 1077 3644 Figur dieser
1077 3590 1331 3649 vom Schiek
1478 3600 1605 3654 schm#
1999 3606 2915 3657 großen und bedeutsamen Bühnenwerk bilden konmte.
1411 3629 1587 3682 FALLN u
493 3620 1170 3684 igesuchten, warmherzigeherben Frauen
2008 3638 2934 3699 Aber der Stoff ist unter seinen Händon kein
1439 3669 1564 3723 lasthen
535 3667 1301 3721 Repräsentantin fnden Ebenso prächtig ion
2010 3691 2924 3733 Drama, sondern ein dreiaktiges Stimmungs¬
987 3706 1048 3753 6
1494 3705 1626 3761 ziutlh
2015 3716 2927 3770 bild geworden. Die Stellung der vom Sohn
401 3741 491 3787 13
2009 3748 2925 3821 der Familie als Vermächtniß hinterlassenen
1105 3779 1371 3836 rigen Mitwirke
2006 3803 2926 3857 Geliebten und ihres Kindes — dieser eigenartige
1158 3815 1341 3865 Frow,
2006 3843 2930 3906 Vorwurf gab Schnitzler nicht die Gelegenheit zu
2010 3874 2919 3924 einer bewegten dramatischen Entwicklung. Er
1998 3909 2918 3967 nahm sie nur als Auregung und Hintergrund zu
2004 3954 2925 3996 breiter Stinnnungsmalerei und tiefdringender
2006 3995 2923 4056 Charakteristik einiger Figuren. Toni, die leidet
1996 4032 2337 4084 und duldet, ist
2332 4024 2921 4095 wohl die eigentliche Heldin,
2001 4067 2361 4128 nicht aber die
2363 4070 2927 4128 interessanteste Person des
2024 4115 2606 4160 Winer n an in. Mat# Se.
2628 4108 2878 4161 ilstert Scel
