3392 4384
1379 184 1831 278 box 16/5
192 187 1215 289 10. Das Vernaechtnis
1579 1066 2384 1157 P
1107 1103 1432 1166 #sausmanlam
1580 1146 2534 1201 lich dargestellt. Else Maltana als Frau
1568 1197 2535 1253 Losatti, eine tüchtige, vornehme Sprecherin,
710 1185 1479 1287 Theater And Kunst.
1554 1243 2531 1313 Kamilla Gerzhofer als Franziska, ein jun¬
1560 1284 2536 1336 ges und, wie es scheint, bedeutendes Talent.
629 1265 1558 1346 k. s. Lustspieltheate. Gestern sah man hier
1576 1336 2534 1383 Fräulein Neuwirth als kleine Aques von
596 1335 1553 1403 „Das Vermächtnis“, jenes Schauspiel von
1574 1366 2538 1432 entzückender Mädchenhaftigkeit, Herr Forster
592 1368 1553 1437 Artur Schnitzler, das vor etwa zehn Jahren
1570 1426 2536 1475 als Dr. Schmidt einfach ein Typus, Herr
592 1431 1549 1482 zum ersm Burgtheater erschienen ist.
1575 1470 2533 1521 Lucas ebenfalls einer: der junge Mann aus
600 1470 1551 1518 Wieder hat gestern dieser meisterhaft aufgebaute
1569 1513 2537 1565 guter Familie, Herr Kurt Lessen in der
596 1513 1554 1576 Expositionsakt alle Hörer bis zu Tränen er¬
1573 1549 2541 1617 Exisode des Arztes einfach burgtheaterfähig.
605 1559 1556 1616 schüttert, und wieder verließ man zuletzt mit
1574 1593 2538 1663 Und die ganze Aufführung in einem so natür¬
595 1598 1564 1663 einem Gefühl des Niedergeschmettertseins, mit
1574 1643 2541 1698 lichen, so diskreten und feinen Sprechton voll
602 1654 1565 1700 einem Gefühl der Verstörtheit das Theater.
1587 1682 2537 1748 intimster Reize, daß kein einziges Wort auch
593 1690 1555 1753 Dieser Angriff gegen eine bürgerliche Welt,
1573 1725 2540 1786 nur entfernt störte, keine einzige Note falsch
598 1736 1564 1787 unter deren Lüge und Verrottung wir alle
1583 1776 2532 1832 klang. Mit solch einem Personal und mit solch
602 1780 1550 1829 seufzen, diese Demaskierung einer feigen, in
1568 1822 2533 1879 einer Regie ließe sich vieles ausführen; und
598 1836 1554 1883 ihren Wurzeln angefaulten, elenden Gesell¬
1576 1877 2531 1920 es scheint, als habe Herr Jarno heimlich ge¬
603 1880 1554 1927 schaft, in deren Atmosphäre jede zartere Blüte
1577 1920 2542 1968 rüstet, um einen neuen künstlerischen Feldzug
589 1919 1562 1970 des Menschentums hinwelkt, dieses ganze
1577 1955 2546 2010 zu führen. Um so besser, wenn er's wirklich tun
593 1962 1560 2013 erbarmungslose, vollkommen in grauen Zorn
1577 1997 2529 2057 will. Herr Maran hat den Losatti gespielt
607 2003 1559 2056 gehüllte Schauspiel wird seine Wirkung nie¬
1571 2034 2533 2097 und Frau Niese die Toni Weber. Wie weit
598 2046 1563 2096 mals verfehlen, solange alle seine Voraus¬
1577 2081 2532 2138 ist dieser Maran, der glanzvolle Charakter¬
606 2092 1560 2147 setzungen noch gegeben sind. Und die dürften
2375 2131 2404 2150 *
1571 2129 2530 2181 darsteller, von dem Maran der franzosischen
599 2133 1560 2184 noch lange bestehen. Mag sein, daß manche
1579 2176 2530 2228 Posse, den wir nun schon kennen. Diesen aber
604 2179 1558 2246 dramatische Schwäche an dieser Arbeit
1577 2217 2533 2284 kennen wir noch nicht, jedenfalls noch nicht
597 2227 1553 2273 mehr und mehr zutage tritt, daß sich manche
597 2274 1556 2324 Konstruiertheit mehr und mehr fühlbar macht
1578 2266 2533 2328 genug. Daß er mit einer Silbe, mit einer
1576 2303 2539 2373 Handbewegung, mit einem Blick eine ganze
660 2312 1566 2374 die Menschen, die Artur Schnitzler hier ge¬
603 2361 1566 2408 formt hat, werden dafür immer lebendiger.
1583 2360 2535 2421 Seele zu enthüllen vermag, haben wir noch
1573 2394 2535 2455 nicht gewußt; wenigstens lange nicht mehr
609 2406 1555 2454 Was für plastische, was für wahrhafte, wunder¬
1574 2444 2527 2495 wissen können. Und wie herrlich die tragische
595 2452 1558 2500 voll angeschaute und anschaulich gezeichnete Ge¬
1577 2490 2540 2550 Gewalt der Niese ist, wie viel menschliche Fülle
612 2508 1556 2555 stalten sind das! Dieser freisinnige Schwätzer
1578 2535 2533 2597 ihr Ton birgt, wie viel Tiefe und Anmut und
611 2547 1557 2595 Losatti, dieser proletarische Dr. Schmidt, diese
1584 2575 2535 2637 Reichtum ihr Wesen besitzt. Das ist freilich
621 2583 1570 2646 Franziska, diese kluge Frau Winter und der
1572 2627 2542 2681 seit ihrer Rose Bernd noch unvergessen, aber
614 2634 1562 2688 arme Hugo, den man im ersten Akt sterben
1580 2671 2539 2714 wie lange mag das schon her sein, seit wir
618 2674 1565 2719 sieht, dessen Chiratter sich aber dann so deut¬
1580 2710 2537 2759 daran erinnert wurden. Wenn dieser gestrige
608 2713 1555 2775 lich aufrollt, als gehe er noch leibhaftig durch
1584 2751 2546 2806 Abend einen neuen Anfang bedeutet, dann
604 2762 1571 2809 das Stück bis ans Ende. Die Darstellung, die
1588 2803 2536 2853 haben wir wieder zwei große Künstler mehr in
601 2808 1563 2870 man gestern sah, war ungefähr das Beste, was
1579 2845 2542 2890 Wien. Wenn aber dieser gestrige Abend nur
599 2844 1568 2900 die Jarnoschen Bühnen bisher geleistet haben.
1574 2890 2542 2953 vereinzelt bleibt, dann wissen wir wenigstens,
584 2899 1559 2953 Alle kleinen, auch alle kleinsten Rollen vortreff¬
1543 2964 2507 3032 daß zwei große Künstler ihren edelsten Wert
1536 3014 2511 3074 in der Posse vergenden müssen. Und unsere
1550 3033 2532 3128 Teilnahme begleitet sie, von ferne, bei ihrer
1550 3117 1741 3202 Robött.
