3436 4320
1409 222 1815 306 box 16/3
191 224 1233 307 10. Das Vernaechtnis
783 996 2064 1055 seiner Gegenpartnerin Louise Dumont, bei der man nicht warm,; deut
785 1032 2060 1105 werden konnte. Neben diesen machten sich besonders die Damen schei.
1943 1074 2065 1127 „Die
775 1094 1948 1163 Sarrow und v. Pöllnitz, sowie die Herren Rittner und
1936 1125 2080 1198 Trin
772 1137 1624 1218 v. Winterstein um die Aufführung verdient.
1934 1189 2070 1239 Der
807 1215 2055 1273 Noch eine Druckfehlerberichtigung! In meiner gestrigen wie
792 1259 2042 1323 Notiz über die Aufführung des „Wintermärchens“ im Berliner! und
783 1300 2085 1401 Theater wird das „aufdringliche Gemeine der Figuranten“ gemas
779 1366 1640 1461 getadelt. Es muß heißen „Gemime“. F. S.
1110 1446 1627 1514 Schiller=Theater.
861 1481 1901 1561 Philipp Langmanns Drama „Bartel Turaser“, das i
883 1543 1880 1596 ember v. J. im Lessing=Theater zur Aufführung gelau
893 1590 1831 1636 e gestern im Schiller=Theater gegeben. Die mächtigen Ac
903 1626 1840 1685 er Dichter anschlägt, verfehlten auch gestern nicht, mit
1995 1649 2044 1696 ab
908 1664 1837 1713 ntaren Wucht eine ergreifende Wirkung auszu
1982 1693 2046 1733 au
906 1700 1794 1764 Dichtung bietet des Schonen und Eigenartigen
910 1736 1783 1792 man darüber gern die kleinen Mängel vergi
1529 1780 1671 1830 hochbega
919 1786 1315 1839 dramatischen Erselin
933 1817 1176 1873 n. Von dem
973 1859 1150 1913 chdrungen,
1266 2245 1396 2300 I den M
1047 2253 1192 2308 eister, un
1049 2291 1185 2342 ben, au
1041 2323 1483 2385 hantasiegebilde. Was sie sa
1093 2365 1413 2421 d lassen, findet in
1054 2405 1695 2452 Begründung und Erklärung. Die A
1042 2447 1743 2495 riedigend, zum Theil weit mehr als das
1021 2481 1772 2537 beraus schwierigen zweiten Akt die stürm
1025 2530 1801 2575 der ausständigen Arbeiter vorzüglich
824 2568 1880 2611 und in jeder Beziehung eine hervorragende Regieleisti
842 2580 2069 2660 Von den Darstellern der Hauptrollen seien Herr Pategg (Bartho= (Gen
851 2633 1956 2691 mäus Turaser), in erster Reihe erwähnt. Er verstand den
816 2675 1968 2728 großen Anforderungen gerecht zu werden, welche die Rolle an
1963 2693 2085 2743 keits!
822 2711 1966 2767 deren Darsteller stellt. Auch Frl. Leithner (Albine), Herr Thurner
1965 2736 2073 2782 Trie
849 2758 1929 2810 Kleppl) und Herr Olmar (Meixner), wurden den Aufgaben ge
854 2801 1908 2859 icht, die der Dichter an die Darsteller dieser Charaktere stellt.
1969 2851 2084 2911 Schl
864 2854 1959 2921 Am Donnerstag ließ im Bechsteinsaal der geigende Knabe Max
844 2911 1956 2963 Wolfsthal aus Wien sich hören. Er überraschte mit dem
838 2928 2074 3001 warmen, fast leidenschaftlichen Ausdruck, den er in den ersten Satz seine
1984 2972 2050 3017 sein
819 2989 1968 3043 des Mendelssohnschen Konzerts legte, und mit einer weitgediehenen,
818 3024 1961 3078 vorwiegend auch zuverlässigen Finger= und Bogentechnik. Sein
817 3063 1953 3114 Ton ist klein, möglich, daß das Instrument nicht mehr
1792 3097 1948 3152 Störend
1526 3096 1769 3155 geschmeidig.
812 3099 1515 3155 hergiebt, doch recht klar und
992 3134 1945 3191 dem Spiel der manierirte, zu Verrenkungen des
818 3148 937 3193 wirkt
813 3158 2003 3236 Taktes und Rhythmus führende Vortrag der Can¬
822 3207 1951 3265 tilene, wie das äußere Geziere des kleinen Virtuosen, der schmach¬
811 3232 1987 3325 tend zur Saal ecke aufblickt, der zu Ende einer musikalischen
822 3301 1964 3349 Phrase den Bogen schwungvoll von den Saiten abhebt und ihn
809 3316 2087 3394 danach mit wichtiger Bewegung wieder aufsetzt. Dergleichen Ge= Gille
814 3350 2105 3432 thue sollte dem Knaben zu Gunsten der Entwickelung seines Ta= gekan
1976 3395 2099 3446 der je
813 3422 1966 3480 lents bei Zeiten abgewöhnt werden. Fräulein Lucky unterstützte
1976 3435 2100 3485 Konz
801 3453 1452 3505 das Konzert; sie sang sehr unrein.
857 3484 2106 3548 In der Singakademie trat am Freitag, begleitet vom Philbar= Erne¬
809 3539 1973 3581 monischen Orchester, der Cellist Herr Schneevoigt auf. Das
821 3563 2086 3623 Konzert von Lalo gelang ihm besser als das Volk¬ eine
816 3586 2094 3661 mannsche, dessen widerhaariges Figurenwerk der Spieler nicht voll¬ welc
818 3637 2086 3696 kommen bemeisterte. An den Gesangstellen beider Kompositionen will.
835 3664 2102 3737 indeß entfaltete er einen gleich schönen, einen reinen, vollen und leitet
1979 3704 2101 3760 Geor
768 3727 1979 3790 # wohlschattirten Ton. Die flüssigen, elegant geschriebenen Läufe!
1977 3744 2090 3797 Alfre
821 3762 1970 3810 in Lalos Konzert gingen dem Künstler auch leicht von der Hand,
819 3799 1968 3854 und zu flottem Vortrag regte ihn an, was jenes Stück an Pikau¬
1974 3817 2086 3874 Aus
808 3817 1983 3904 tem enthält. Und daran mangelt es nicht, vielleicht selbst, daß
814 3893 1977 3929 das Finale des Werks zu viel des rhythmisch Kapriziösen bietet.
821 3927 1970 3967 Aber nicht satt kann man sich hören an dem feingestalteten tanz¬
810 3954 1973 4012 artigen Mittelsatz des „Intermezzo“, der unter einem prickelnden,
813 3994 1988 4052 in, der Flöte des Orchesters liegenden soprano ostinato sich
821 4040 976 4096 bewegt.
859 4047 2079 4121 Wie Herr Schneevoigt und der junge Wolfsthal waren auch! der
823 4096 2078 4159 die Damen Ristow und Michälek, die mir am Sonnabend imsne
855 4153 2098 4196 Bechstein=Saal begegneten, neue Erscheinungen. Reinlich ist! zu¬
