3436 4320
615 123 681 188 V
1399 129 1853 220 box 16/3
201 121 1274 219 10. Das ernaechtnis
2222 800 2567 894 Telefon 12801.
2682 890 3131 976 chniete. Ausschnitt
2233 904 2508 983 nfür Zeitun
2868 969 3149 1070 Nr. 5
2090 965 2700 1103 „OBSERVER
900 1022 1272 1094 Telefon 12801.
1853 1063 3149 1172 fürdi. Goncess. Bureau für Zeitungsberichte und Personalnachrichten
615 1125 1552 1201 Unternehmen für Zeitungs-Ausschnitte
1619 1145 1757 1221 Aussel
1979 1152 2832 1235 Wien, IX/1 Türkenstrasse 17.
1547 1221 1685 1308 Nr.
1771 1209 2978 1330 — Filiale in Budapest: „Figyelö“ VIII. Josefsring 31 a. —
750 1205 1385 1317 „OBSERVER
311 1300 1717 1398 österr. behördl concess. Bureau für Zeitungerichte und Personalnachr'
2912 1371 2966 1450 1
655 1373 1513 1476 Wien, IX/, Türkenstrasse 17.
1686 1325 2858 1460 Ausschnitt aus: Lio Zeit, Wien
593 1462 1582 1548 Filiale in Budapest: „Figyelö“, VIII. Josefsring 31 a. —
1691 1482 2011 1616 von 17
2022 1473 2297 1623 78.
1940 1615 2125 1713 72%
337 1592 1571 1779 Ausschnitt aus Gstdeuische Hundssher
1961 1733 3133 1813 Man schreibt uns aus Berlin: Die Fabel von Schnitzlers neuem
349 1768 824 1875 s# /70. 48.
1856 1784 3139 1854 Schauspiel „Das Vermächtnis“ ist schon zur Genüge nacherzählt
1854 1843 3133 1894 worden. Man kann darüber streiten, ob sie sehr wahrscheinlich ist. Die
1860 1861 3140 1933 Voraussetzung scheint es mir nicht zu sein: Die Hugo Losattis, die
1848 1912 3132 1987 Söhne reicher Häuser, pflegen sich mit einer einfacheren und der Familie
1860 1945 3136 2013 weniger lästigen Art der Versorgung für Geliebte und Kind zu begnügen.
1859 1985 3126 2047 Aber der Streit ist schließlich unfruchtbar; möglich ist die Voraussetzung
1856 2025 3135 2109 immer, und was folgt, ist durchaus logisch und menschlich. Schlimmer ist
1855 2062 3139 2122 es, dass die Fabel mehr berechnet als erfunden ist. Hugo muss sterben,
1286 2072 1529 2155 —Am selben
1862 2104 3130 2175 damit die legitime Familie seines Elternhauses und seine eigene illegitime
448 2119 1531 2211 Abend ging Arthur Schnitzler'st Schauspiel
1847 2150 3140 2234 zusammenkommen; das Kind muss sterben, damit der leitende Conflict
943 2175 1530 2233 ß“ im Deutschen Theater in
569 2190 911 2250 8 Vermächtn
1857 2187 3135 2259 zutage tritt. So construiert der Dramatiker; der etwas beweisen will;
676 2216 1533 2273 erfolgreich in Szene. Hauptsächlich sind
1866 2220 3140 2296 das ist ein Thesenstück. Und da verlangen wir wenigstens einen typischen
447 2221 572 2298 Ber
452 2253 1525 2341 es theoretische Interessen, die im Vordergrunde steben.—
1868 2253 3150 2330 Fall, nicht ein einzelnes Erlebnis. Die Fabel der „Liebelei“ hat sich dem
1864 2305 3132 2370 Dichter seinerzeit aus Erlebtem aufgedrängt; die Fabel des „Vermächt¬
1867 2331 3148 2401 nisses“ hat er gesucht. Am Schlufs des „Freiwild“ bricht das Mädchen
1869 2370 3157 2451 an der Leiche des Geliebten mit den Worten zusammen: „Was wird aus!
1864 2420 3140 2482 mir?“ Was wird aus ihnen? fragt Schnitzler. Und er construiert aus
1863 2452 3144 2531 bestimmten Voraussetzungen einen „Fall Toni Weber=Losatti“. Er kann
1873 2517 3147 2567 morgen aus anderen Voraussetzungen einen anderen construieren. Nun,
1874 2540 3147 2616 er ist Poet genug, um auch hier viel Feines und Wahres zu geben; aber
1876 2580 3151 2651 er wird dem wirklich Empfindenden nie verbergen können, dass das Werk
1871 2625 3146 2702 sozusagen auf kaltem Wege entstanden ist. Es ist schon sehr viel, dass es
1873 2657 3158 2731 un manchen Stellen, wie etwa bei dem ausgerechneten Sterben des Kindes,
1873 2695 3159 2758 aicht zu dem in solchen Fällen immer drohenden bösen Lächeln kommt.
1867 2731 3158 2792 Es hängt mit der Entstehungsart des Stückes zusammen, dass die Per¬
1875 2773 3158 2854 konen Durchschnittsmenschen sind. Mit Ausnahmemenschen, mit Charakteren
1880 2819 3157 2895 sann man nichts beweisen. Die dichterisch stärkste Gesta“ der alte Losatti,
1880 2862 3151 2929 stört schon die überzeugende Wirkung; man sagt sich: „wenn der nicht so
1881 2892 3156 2962 närrisch wäre, käme alles anders.“ Auch die Toni Weber ist nicht
1873 2927 3160 3001 eigentlich eine Persönlichkeit, weshalb auch die tiefe Antheilnahme an
1771 2945 1857 3020 Far
1884 2991 3153 3051 ihrem Geschick usbleibt; wir stehen nicht so, wie es der Dichter will,
1875 3010 3168 3076 auf ihrer Seite. Trotz allem fesselt das Stück äußerlich bis zuletzt. Es
1882 3046 3164 3114 fesselt, trotzdem Schnitzler im ersten Act, in der stimmungsvollen Sterbe¬
707 3048 1400 3141 Bezugs-Bedingungen.
1895 3082 3157 3171 seene Hugos eine so starke Wirkung vorwegnimmt, dass eine Steigerung
332 3137 1281 3205 Für 50 Zeitungsausschnitte (Artikel oder Notizen)
1419 3141 1536 3197 7.50
1895 3137 3163 3208 unmöglich wird. Es fesselt, trotzdem es doch nur einem sehr naiven
411 3166 510 3220 100
1564 3161 1690 3232 inclus
1896 3168 3170 3249 Beschauer Ueberraschungen bringt. Woran liegt das? Es ist eben doch
1765 3196 1875 3251 Ab
1567 3214 1704 3253 Porto;
403 3214 516 3259 200
1399 3225 1448 3271 2
1897 3209 3163 3288 ein Dichter, der uns diese Bilder zeigt, ein Dichter, der es bleibt, auch
1562 3242 1703 3284 Zahlba
1761 3238 1873 3299 Ab
410 3267 447 3299 6
1402 3255 1514 3311 55.—
1892 3250 3157 3317 wo er verzichtet, es im höchsten Sinne zu sein. Er ergreift hier nicht,
1546 3270 1703 3334 im Vord
354 3292 535 3355 " 1000
1377 3289 1534 3354 „100.—
1892 3293 3162 3360 aber er rührt doch. Die Aufführung im Deutschen Theater war
1895 3325 3157 3411 schlechtweg musterhaft. Sein Ensemble war wieder einmal ganz in seinem
450 3339 1612 3407 Im Gegensatze zu anderen Bureaux für Zeitungsausschnit—
1893 3364 3171 3443 Element. Eine eigentliche Aufgabe hatte freilich nur Reicher als Losatti,
328 3365 1379 3426 Abonnement durch keine bestimmte Zeitdlauer begrenzt:
1888 3413 3174 3486 ich meine, eine schöpferische Aufgabe. Wenn das Lachen, das dieser
326 3401 1463 3490 Abonnenten frei die aufgegebenen Tirenen zuersanzen 041—
1889 3444 3181 3521 Phrasenmacher erweckte, nicht immer bitler genug klang, so war das
1887 3484 3184 3536 nicht seine Schuld. Es fehlte die leidenschaftliche Parteinahme gegen ihn
1888 3519 3168 3586 wie sie sein Gegenbild Hjalmar Ekdal in der „Wildente“ erweckt. F. St
3150 3117 3213 3170 *
