3436 4320
583 73 1690 147 zners einen gewissen Ausgleich. Die Haustochter Franziska
514 117 1691 171 die zwar auch, nach anfänglich überschwänglichen Liebeserklärungen an
520 147 1715 225 Tom Weber, von der allgemeinen Gefühlserkaltung mit ergrissen
509 167 1718 258 werden ist. spielt sich nun plötzlich wieder als der Anwalt der ge¬
510 213 1710 290 marterten Unschuld auf; sie hält ihrer Familie und ihrem Bräntigam
507 255 1703 333 seine dennernde Philippika, zeiht sich selbst der greßen Sünde der
513 292 1719 347 Lieblosigkeit und weist, zum wirksamen Schlußeffelt des Ganzen!
503 331 1712 409 wie zur Entlastung ihrer reuebeladenen Seele, ihrem angenehmen
504 367 1710 458 Herrn Bräntigam die Thür, was man nur schon längst von ihr hätte
493 411 824 466 Verwarten sollen.
340 417 527 489 Ner 5
574 448 1713 522 Was nun den inneren Werth dieser dramatischen Darstellung
442 468 1704 554 10 augeht, so erfährt er eine Herabwinderung durch die ihr anbaftende
443 513 494 556 20
384 521 437 571 „
498 525 1732 601 Tendenz, welche die natürliche Entwickelung der Dinge beeinflußt
438 551 500 592 50
506 558 1753 620 und gleich mit dem ersten Akt künstlich kenstwirte Sitnationen“
375 604 1714 678 " 100 schafft, welche dem Verfasser zum Beweise seiner Thesen dienen sollen.
503 638 1707 693 Noch schwerer wiegen aber die Febler in der feelischen Schilderung,
342 668 503 727 Abonn
508 679 1721 759 die namentlich an den beiden, für die Entwickelung des Stückes
343 714 489 765 Abonn
513 719 1698 781 wichtigsten Personen, auffallen. Haist zunächst Hugo Lesatti, ein
508 761 1604 833 vornehmer Müßiggänger und junger Levemann, der
1597 780 1713 835 sein!
512 796 1723 870 Zimmer im Elternhause, das der Lieblingsaufenthalt seiner
494 828 1754 908 Familie ist, mit den zahlreichen Bildnissen seiner eigenen Ge¬—
491 874 1710 946 Fliebten und denen seiner Freunde dekerirt. Man kann
498 917 1712 987 es diesem Flaneur, von dessen etwaigem tieferen Gemüthsleben und
492 951 1704 1030 sittlichem Ernst Einem nichts bekannt wird, einfach nicht glauben,
490 992 1702 1070 daß, wie er sterbend erklärt, seine Geliebte ihm wirklich soviel wie
492 1033 1702 1115 eine Frau, ja mehr als eine Frau gewesen sei und daß er sie
484 1071 1704 1148 habe demnächst heirathen wollen. Warum geschah dies nicht schon
481 1113 1702 1194 früher; warum versuchte er nicht schen, ehe er die Geliebte ent¬
488 1154 1694 1227 ehrte, von seinen Eltern die Einwilligung zur Ehe mit dieser
478 1186 1688 1251 zu erbalten und nölbigenfalls aus eigener Kraft die Ehe zu
484 1228 1702 1292 Vermöglichen? Und wenn Toni Weber die Idealgestaft eines
479 1250 1695 1341 weiblichen Wesens wäre, wofür Schnitzler sie uns ausspielen will,
479 1299 1688 1374 warum besaß sie nicht wenigstens die sittliche Kraft und Selbst¬
481 1340 1699 1406 schätzung, daß sie von ihrem Verehrer eine legitime Gestaltung¬
477 1386 1704 1454 ihrer Beziehungen von vornherein verlangte? Nein, Toni Weber?
482 1416 1069 1476 ist mit nichten eine Idealgestall,
1217 1430 1687 1489 eines jener Mädchen aus
468 1452 727 1513 Dem Volke
837 1468 1565 1517 lauer Ooperiunilätsmoral, die in
1615 1478 1656 1521 1#
467 1481 1692 1569 Mischung von gutmüthiger Leichtlebigkeit, Unbedenklichkeit und
481 1536 1688 1580 naiver Gefühlswärme Herrn Schnitzler und seinen literatischen Ge¬
477 1566 1679 1630 sinnungsgenossen als aubetungswerthe Heilige erscheinen, sowie sich
466 1614 1683 1680 zu all' dem noch die gelegentlichen Thräuen des Schmerzes gesellen.
472 1643 1688 1708 Man sehe sich diese Toni Weber nur nech näher an, und sie ver¬
472 1686 1681 1756 scheitt sich—tmennbriber-ais-Gympalme.-ansihr sonst
508 1732 1253 1782 e# troß Anlem entgigendlingen konnte.
1289 1733 1509 1786 #tritt nicht
460 1753 1680 1822 haftes, zartfühlendes, stumm um Vergebung und Liebe bitten¬
458 1792 823 1850 des Geschöpf in
819 1806 1691 1865 das Haus der Eltern ihres Geliebten, über
459 1842 1677 1903 die sie doch gemeinsam mit diesem schweisten Kummer gebracht bat;
464 1877 1686 1940 da ist kein Funken von Empfindung dafür, daß sie mit ihrem Ein¬
468 1925 1685 1980 tritt in die Familie eine furchtbare Last auf diese häuft, daß sie ihr
468 1953 1688 2023 die schwersten Opfer zumuthet und zur gesellschaftlichen Aechtung
462 2002 1681 2053 verhilft — nein, ganz im Gegentheil. Fränlein Weber betrachtet
467 2044 1680 2096 das Alles als ganz selbstverständlich, und zwei ziemlich eraltirte
469 2075 1684 2143 Damen, eine Taute Emma sowie die erwähnte Tochter Franziska
463 2104 1686 2177 bestätigen dies ja wiederhelt ganz offen in wuchtigen Tiraden;
466 2148 1690 2214 sie verdrehen die Sache sogar derart, daß sie es geradezu
468 2186 1681 2257 für die Pflicht der Fawilie erklären, der besagten Dame Weber ihre
469 2227 1687 2314 Liebe an den Hals zu werfen und sich darum zu reißen, sie auf
462 2265 825 2324 Händen zu tragen.
551 2315 1683 2372 Ein weiterer Fehler des Dichters ist der, daß er den von
468 2342 1664 2398 ihm so mit Liebe gezeichneten Verfechtern der „neuen Moral“
460 2381 1678 2452 nur einen kaltherzigen Egoisten, eine schwache Frau (die Mutter)
464 2418 1675 2494 und einen gesinnungslosen Schwätzer, den Vater Professor Losatli,
473 2465 1686 2535 gegenüberstellt. Hätte er hier auch einen andern Typus vertreten
467 2493 1685 2555 sein lassen und z. B. in der Person des Vaters einen charakter¬
460 2539 1685 2608 vollen, sittlich ernsten Mann hingestellt, so wäre die ganze Ent¬
470 2585 1683 2627 wicklung des Stücks gleich vom ersten Akt an eine andere ge¬
458 2604 1686 2679 worden, allerdings wäre damit auch die Beweisführung im Sinne
468 2664 1681 2720 des Herrn Schnitzler unmöglich gewesen. Jedenfalls kann aber
468 2702 1687 2755 sein Manèper nicht darüber täuschen, daß seine Forderung der Gleich¬
470 2743 1673 2798 berechtigung für die freie Liebe durch das Stück weder im All¬
463 2771 1673 2829 gemeinen, noch im Besondern gerechtfertigt erscheint. Zu diesen
464 2808 1683 2875 Mängeln des Dramas gesellen sich noch andere. Wie drei Personen zum
463 2862 1680 2921 gegebenen Zeitpunkt sterben müssen, so tritt die erwähnte Tante
469 2901 1685 2957 Emma gleichfalls immer mit verdächtiger Pünktlichkeit auf die
467 2933 1683 2993 Bildfläche, sobald es der Antor nöthig hat. Die qualvoll aus¬
471 2977 1682 3022 gedehnte Sterbescene, die trübe Atmosphäre, welche die steis in
469 3012 1683 3072 Trauer umberlaufenden Personen verbreiten, sind ästhetisch sehr
462 3059 1685 3109 störend. Wenn in der Vorbesprechung anerkannt wurde, daß dies¬
448 3091 1674 3154 mal Schnitzler auch dramatisches Leben zu geben verstanden hat, so
465 3142 1684 3196 gilt dies in der Hauptsache vom 1. Akt, der eine spannend gesteigerte
456 3181 1673 3229 Handlung enthält. In den beiden anderen Aufzügen tritt diese in¬
458 3206 1671 3277 dessen wieder mehr hinter die feine Milienschilderung zurück, die das
458 3238 1676 3312 eigentliche Element des Autors und ihm auch diesmal trefflich ge¬
458 3277 1651 3330 lungen ist. Der Dialog ist durchweg sehr lebendig und natürlich.
537 3338 1667 3390 Die Darstellung war, wie schon erwähnt, wieder vorzüglich. Die
452 3350 1672 3434 Damenv Pöllnitz (Frau Losatti), Dumont (Emma Winter), Sarrow
455 3412 1671 3472 (Franziska) und Elsinger in einer sehr munteren Knabenrolle,
464 3448 1664 3503 sowie die Herren Reicher (Prof. Losatti), Rittner (Hugo Losatti),
451 3488 1669 3542 Sauer (Dr. Schmidt' v. Winterstein (ein Freund Hugos) ver¬
455 3513 1039 3574 dienten vollste Auerkennung.
1064 3521 1668 3583 Frau Lehmanns Erscheinung
448 3567 1676 3620 paßte nicht recht zu der Gestalt der Toni Weber, und auch ihr Spiel
453 3607 1671 3660 wurde dieser Rolle nicht ganz gerecht. So fehlten ihr namentlich
447 3646 1672 3708 am Sterbebette des Geliebten die echten Töne, die äußerliche Auf¬
450 3676 1668 3736 regung leidenschaftlichen Frauenschmerzes, die trotz aller Seelen¬
448 3720 1668 3776 größe und Selbstbeherrschung zu erkennen hätte sein müssen;
444 3757 1660 3803 ebenso wie bei ihrer Begegnung mit der Familie jegliche Spur von
454 3781 1665 3859 der hier doch wahrscheinlichen Befangenheit mangelte. Auch das
453 3834 1674 3879 Mienenspiel, das gelegentlich über Lachen oder Weinen im Zweifel
455 3868 1670 3938 ließ, war nicht immer natürlich. Die Regie des Herrn Lessing
444 3908 1669 3979 hatte sich um das Gelingen der Aufführung hochverdient gemacht.
1445 3956 1583 4023 P. G.
2170 85 3001 170 Wien, IX/1„ Türkenstrasse 17.
2102 172 3066 230 Filiale in Budapest: Figyelö“, VIII. Josefsring 31a. —
1845 325 2969 422 Ausschnitt aus: Vorwärts, Berlir
1856 476 2298 576 vom 47%
2444 602 2689 672 Theater.
2031 647 3185 737 Deutsches Theater. Es ist schlimm, wenn man in Deutsch¬
1951 689 3185 757 land einmal eingereiht und uummerirt ist, dann kann es einem leicht
1953 733 3175 823 so gehen, wie dem kleinen Tofsel, der nach Jahren in sein Heimaths¬
1948 771 3177 853 dorf zurücktehrte und, wiewohl er ein starker Bursche geworden war,
1946 809 3183 883 vom erstbesten alten Weid der kleine Tossel angesprochen wurde.
1937 845 3174 929 A#shurScchnigler, der Veriasser der „Lieheliz dessen neues
1965 885 3177 968 Frama „Vermächtniß“ am Sonnabend im Deutschen Theater
1943 915 3174 1002 eaufgeführt würde, gehört ebenfalls zu den Abgestempelten. Ein
1933 961 3171 1044 Wiener Plandertalent, graziös, ein wenig burschikos, in Leid und
1941 1012 3176 1088 Freund gern spielerisch; das Wesen seiner tleinen Dichtungen,
1942 1057 3173 1132 erinnert an die Weise des guten Wiener Walzers mit seiner unz
1949 1082 3162 1156 jauchzenden Genußfrende und seinem verhaltenen Weh. So ungefähr
1932 1116 3167 1205 lantete der literarische Stedkbrief des Mannes. Nun will aber Arthur
1945 1159 3161 1242 Schnitzler heraus aus seiner Reihe, er wöchte sem Beobachtungs¬
1939 1211 3176 1272 gebiet erweitern und flugs sen“. ihm von mancher Stelle das
1938 1241 3165 1331 Kommandowort entgegen: Stillgestanden! Das dulden wir nicht.
1939 1267 2431 1338 Es ist die alte Geschichte!
2017 1318 3162 1387 Das Wagniß, die engeren Schranken, innerhalb derer Schnitzler
1927 1347 3162 1433 bisher gewirkt hat, zu durchbrechen, ist dem Wiener Pocten auf dem
1927 1386 3159 1455 ersten Anlauf nicht gelungen. Wenigstens nicht durchaus. Auf einen
1926 1418 3171 1505 vortrefflichen Aufbeu folgen künstlerisch arme Flächen. Die warme
1934 1473 3155 1552 Gestaltungskraft läßt nach, die kühlere Berechnung waltet vor.
1932 1513 3159 1584 Trotzdem möchte man dem Manne, der den ersten Akt im „Ver¬
1932 1552 3102 1620 mächtniß“ geschrieben hat, zurufen: Schreite vorwärts, unbeirrt!
2005 1595 3167 1674 Freilich, schon an der Voraussetzung des Dramas läßt sich im
1931 1622 3161 1691 Grunde rütteln. Wiederum klassen alte Klassengegensätze im
1921 1671 3158 1738 Drama. Das „arme süße Mädel“ hat sich in den Sohn aus
1912 1707 3166 1780 gutem Hause verliebt. Aus der Liebelei ist eine tiefernste Sache
1913 1737 3148 1823 sgeworden, und man könnte den jungen Herrn Dr. Hugo Losgiti
1903 1791 3150 1864 Rragen: Warum die Heimlichkeit des Verhälinisses? Es haben um
1867 1812 3255 1906 Fa geringerer Dinge willen, als ein liebevolles Weit es ist, erwachsene juwe
1890 1874 3223 1955 Söhne sich von ihrem Hause losgesagt. Steckst Du selbst so tief in prio.
1926 1893 2448 1953 Deiner Klassenempfindung?
1888 1926 1937 1962 „
3114 1928 3234 1970 ihlbar
2006 1947 3272 2012 Indessen, wie die Sachen im Stücke liegen, ist die Zwitter=Voraus
1929 1974 3144 2053 stellung der Geliebten Hugo's nicht unwahrscheinlich. Vielleicht war
1906 2002 3241 2095 der junge Mann noch nicht reif genug oder zum Entschluß noch nicht ist
1850 2068 3309 2131 Ab gedrängt worden. Vielleicht hatte er seine Vorbereitungen getroffen, es den
1889 2113 3203 2191 Aals ihn ein schwerer Unfall betraf. Man hat kaum die Familiern.
1908 2126 3155 2219 * Hugo's kennen gelernt, da wird Hugo tödtlich verletzt ins Haus ge¬
1912 2181 3149 2254 Tbracht. Er ist während eines scharfen Ritts unglücklich gestürzt und
1914 2221 3145 2281 hat nur kurze Zeit noch zu leben. Nun drängt in ihm sich alles
1913 2242 3144 2327 zi ammen. Er offenbart sich vor seiner Mutter. Seine Geliebte
1906 2307 3144 2364 und sein vierjähriges Kind empfiehlt er sterbend seinen Eltern als¬
1909 2338 3147 2397 sein theuerstes Vermächtniß. Sie sollen die verlassene Toni und ihr
1905 2383 3146 2435 Kind halten und hegen, als wäre Toni Hugo's legitimes Weib
1895 2404 2101 2456 gewesen.
1980 2445 3140 2521 Ignaz Auer hat neulich gesagt: Reichstags=Abgeordneter zu sein,
1908 2471 3144 2542 ist wohl kein Vergnügen, aber gewiß auch keine Schande. In deu
1896 2504 3155 2605 jungen Tagen uneres Parlamentarismus war der Parlamentarier##
1903 2566 3141 2635 ein bevorzugter Mann in der Literatur. In der Gegenwartsliteratur¬
1901 2597 3136 2681 pflegt es ihm ähnlich zu gehen, wie auf Volksversammlungen.
1893 2630 3142 2724 Hugo's Vater, die saftigste, an individuellen Zügen reichste Gestalts
1894 2695 3136 2766 des Stückes, ist zum Ueberfluß auch Reichstags=Abgeordneter.
1886 2714 3135 2795 Das soll den selbstgefälligen Dummkopf noch näher kenn=
1897 2757 3140 2832 zeichnen. Man könnte Auer's Ausspruch etwa dahin voriiren:
1893 2793 3133 2874 Ein Abgeordneter braucht gerade kein Kirchenlicht zu sein; aber
1892 2833 3137 2916 evenso wenig braucht er als selbstgefälliger Tölpel zu erscheinen.
1892 2863 3128 2950 Uebrigens dem liberalisirenden Wiener Schwätzer, der noch nieg
1890 2907 3130 2985 jemanden beachtet und bewundert hat, als sich selbst, steht die Marken
1891 2966 3125 3030 Deputirter nicht uneben an. Es ist möglich, daß Schnitzler diese
1891 2980 3120 3068 Charattersigur erst durch das Ibsen'sche Mittel sehen gelernt hat:
1891 3029 3189 3110 wie er sie aber sah, wie er sie auf Wienerischem Boden auf dies#
1889 3066 3134 3148 Beine stellte, das ist sein eigenstes Künstlerwerk und es ist nichte
1890 3106 2035 3159 zwenig.
1953 3145 3136 3218 Anfangs ist der alte Herr Losatti noch gerührt und dünkt sich er¬
1882 3191 3111 3253 haben in der Rolle des Wohlthäters ohne Vorurtheil wider das „ge¬
1888 3229 3113 3305 fallene Weib“. Bald aber erwachen seine Klasseninstinkte. „Was
1878 3273 3112 3324 werden unsere Kreise davon denken?“ fragt er. Jede Unbequem¬
1890 3302 3100 3364 lichteit ist diesem Manne ohnedies verhaßt; und als Toni's kränkeln¬
1876 3343 3103 3401 des Kind erst gestorden ist, da ist nun bei ihm die volle Klassen¬
1887 3388 3114 3434 zempfindung entsebelt. Man jagt die arme Toni hinaus, man will
1883 3405 3118 3488 ssie mit Geld abfinden, das bitterste Gnadenbrot möchte man ihr
1886 3465 3110 3525 aufdrängen, und die Gequälte. Verbitterte geht „freiwillig“ in den
1889 3503 3112 3563 Tod. Man wird hier mehr überredet, als durch künstlerische
1884 3537 2765 3600 Schilderung von dieser Nothwendigkeit überzengt.
1956 3564 3106 3638 Nur ein Familienmitglied, des alten Losetti unschuldige,
1878 3615 3102 3677 junge Tochter, fühlt, was die arme Toni in den Tod
1878 3657 3105 3717 Tgetrieben hat. „Wir haben ihr Gnaden erwiesen, wo wir hätten gut
1881 3689 2280 3747 sein sollen.“ sagt sie.
1951 3714 3100 3784 Die Darstellung im Deutschen Theater kam dem modernen
1872 3777 3099 3837 Wiener Trauerspiel sehr zu Hilfe. Sie brachte dem halbgelungenen
1871 3811 3100 3872 Versuch Schnitler's bei dem Premierenpublikum wenigstens einen
1886 3844 3102 3907 ganzen Erfolg. Allen voran sei Reicher mit seiner Meisterstudie
1880 3889 3107 3950 des Tepmtirten und Professors Losatti genannt. Der Toni Weber
1869 3923 3104 3999 des Fränteins Eise Lehmann hätte etwas mehr wienerische Weiche
1864 3960 2353 4026 heit und Wärme genützt. —
