3436 4480
1342 244 1886 342 box 16/4
237 238 1289 343 10. Das Vernaechtnis
519 1232 1268 1306 Kehrere Schafse, durch weiche zwei Arbeiter.
497 1275 1509 1347 den; einer derselben starb bald darauf. Auch der Wirtyos#,.
387 1275 495 1367 md,“
1596 1338 1699 1383 11.—
498 1320 1600 1393 dem „Tiroler“ wurde durch Messerstiche tödtlich verletzt. — Der
512 1369 1589 1414 Unterjäger Wawra stür zte bei Meran ab und war sofort
1596 1351 1767 1430 der Sch
386 1382 499 1439 n der
1605 1411 1751 1469 leichte,
507 1413 1587 1462 todt. — Wie das „Berl. Tagebl.“ meldet, beging der 30 Jahre
1604 1441 1776 1504 noblesse
512 1460 1579 1498 alte Kaufmann Siegmund Michaelis aus Berlin, der an einem un¬
387 1452 487 1522 eigen
1601 1483 1771 1539 läßt, da—
508 1489 1584 1538 heilbaren Brustleiden schwer erkrankt war, im Hotel Mediterrané
1594 1512 1985 1583 biblischen nicht seine
499 1528 1584 1581 zu San Remo Selbstmord durch Erschießen. — In Eng¬
377 1516 491 1597 ihe.“
1607 1560 1983 1618 neu ausgsoffe; ja, es
505 1568 1588 1625 land ist der Herzog von Northumberland früherer
377 1582 492 1649 ) die
1788 1597 1975 1665 wirksamer
508 1608 1582 1646 Vizepräsident des Handelsamtes und Geheim=Siegelbewahrer ge¬
1595 1605 1794 1668 von O. F.
497 1645 1584 1700 storben. — In Pittsburg starb jüngst ein alter Achtund¬
1599 1648 1800 1696 der Künstre
509 1685 1587 1751 vierziger, Jakob Kirschbaum, 80 Jahre alt. Er stammte
1598 1688 1780 1739 die saftig
377 1686 495 1763 ietes
1594 1682 1984 1779 einen klarßeglischen
504 1724 726 1779 aus Baden.
1600 1745 1980 1820 Bläue sichslly Mail“
384 1762 498 1839 nder
1597 1783 1981 1858 hat eine „Shmkeit der
668 1797 1428 1892 Kunst und Wissenschaft.
1603 1831 1982 1901 gestellt, eden Preis
542 1859 1580 1926 = Schauspielhaus. Die erste Gabe, die unser Musen¬
1596 1878 1987 1942 der ängstl Und wie!
397 1872 490 1957 der
1595 1919 1975 1974 schaften des t: „Die
503 1922 1579 1981 tempel im neuen Jahre ausspendete, war Arthur Schnitz¬
1609 1961 1812 2016 wegen seine
503 1966 1584 2022 ler's dreiaktiges Schauspiel „Das Vermächtniß". Auf
1811 1955 1984 2022 ers von
1601 2003 1809 2054 Von Fra¬
498 2010 1581 2060 dem Wege, den das Werk bisher über die Bühnen genommen
1823 2005 1985 2063 r Kron¬
388 1993 503 2084 schte
1595 2037 1808 2094 Frauenbili
498 2058 1576 2114 hat, ist bei mancher Divergenz der Meinungen doch Eins mit
1836 2054 1989 2115 bschnitt
1600 2079 1803 2131 beispielswe
499 2104 1581 2156 ziemlicher Uebereinstimmung ermittelt warden: daß das Stück
1843 2104 1981 2150 int mit
1594 2123 1808 2169 furt etwas
509 2141 1577 2196 die künstlerische Höhe, die der Autor einst in seinem Drama
1852 2137 1994 2202 geführt
1599 2152 1811 2211 dem klöster.
371 2158 495 2237 rigen
1879 2190 1999 2242 rinzen
509 2187 1581 2242 „Liebelei“ erklomm, nicht wieder völlig zu erreichen vermag.
1602 2200 1817 2248 Lindern
519 2233 1587 2289 Diese Ueberzeugung dürfte auch im gestrigen Premiérepublikum
1888 2233 1989 2293 syio¬
1598 2236 1824 2289 gebracht, di¬
379 2228 497 2310 rieth
503 2274 1579 2324 vorherrschend gewesen sein; die Aufnahme war ehrenvoll, warm
1600 2275 1822 2329 Auffassung
1591 2315 1815 2367 nahe komme
503 2314 1587 2387 aber fast nur nach dem ersten Akte, in dem sich Schnitzler durch
1590 2358 1829 2408 sirter „Kell
513 2365 1582 2408 die Stimmung, womit er die Szenen um das Sterbelager Hugo
382 2358 494 2422 auf
1604 2396 1809 2444 Hermes
517 2407 1585 2465 Losatti's tränkt, den Namen eines Dichters wieder erwirbt. Die
380 2412 497 2473 nden
1592 2428 1822 2488 Fr#azes
511 2449 1569 2506 Handlung dreht sich bekanntlich um das Schicksal der hinter¬
1592 2470 1815 2529 Pradilla, z.
505 2493 1581 2542 lassenen Geliebten Hugos und seines Kindes. Nach Wunsch des
385 2480 499 2560 zift.
1601 2514 1811 2565 zu der Elite
511 2541 1583 2595 Sterbenden werden sie in die Familie Losatti aufgenommen,
402 2542 496 2601 auf
1590 2546 1827 2605 Originalitä!
508 2586 1582 2638 wo man das Kind bis zur Verzärtelung zärtlich behandelt, die
395 2589 495 2643 emie
1589 2593 1825 2645 erinnert sich
517 2630 1575 2676 Mutter aber vorläufig freundlich duldet. Nach dem frühen
1591 2632 1815 2685 wand, der „
393 2629 505 2688 inken
1603 2672 1833 2722 in Paris und
1911 2670 2000 2728 ieht
511 2676 1585 2724 Tode des Kindes wird die Stellung der Mutter im Hause rasch
399 2681 496 2732 ge¬
1596 2711 1818 2758 Medaille im
509 2722 1583 2766 unhaltbar; vor allen Dingen ist es der Einfluß eines Dr. med.
385 2716 499 2771 reits
1601 2742 1830 2802 auf der Höl
514 2764 1588 2807 Schmidt, eines künftigen Schwiegersohnes der Familie, der die
1912 2767 2000 2820 nen,
390 2764 497 2821 ittel
1600 2790 1815 2842 stellung, in
1903 2804 2003 2862 aiser
508 2817 1582 2867 Position der „Maitresse“ des Verstorbenen rasch untergräbt, und
390 2808 495 2867 scher
1593 2829 1821 2877 wäre. Sein
510 2854 1580 2905 sie aus dem Hause treibt, dem Tode in die Arme, den sie frei¬
390 2855 491 2906 und
1591 2864 1824 2919 Nobilis sind
508 2901 1581 2954 willig wählt, um dem Gefühle der gänzlichen Verlassenheit zu
386 2898 503 2953 nicht
1596 2909 1829 2956 reichen Arl¬
521 2940 1575 2993 entgehen. Man lernt in der Familie Losatti die Charakter¬
1591 2946 1831 3001 spanischen B
409 2943 493 3001 sich
1975 2982 2013 3030 8
1604 2987 1809 3042 hat sich bei
506 2986 1575 3037 schwäche des Vaters und die harte, intolerante „Moral“ des
386 2986 500 3050 zugte
1603 3023 1817 3080 Happ hat
1948 3026 2002 3076 nd
508 3024 1573 3076 Herrn Dr. Schmidt früh genug kennen, um schon am ersten
1839 3025 1928 3090 uisch
385 3033 504 3086 aben
1606 3064 1820 3116 wohlgelunge
512 3071 1589 3131 Aktschluß herauszufühlen, wohin die Dinge treiben, und damit
381 3076 507 3139 in er
1842 3072 2008 3129 nag das
1592 3108 1821 3161 eine kleine 2
516 3119 1582 3178 wird die Spannung auf die weitere Entwicklung frühzeitig
384 3120 501 3177 mpft
1597 3140 1832 3196 Ton und Vo¬
1843 3147 2018 3222 3 e Ex¬
518 3171 1583 3225 herabgesetzt. Der künstlerische Genuß bleibt fortan fast ganz
382 3163 492 3222 holte
1592 3174 1827 3235 malereien, ei
1849 3194 2012 3252 er Nacht
511 3202 1587 3257 auf die Feinheiten der Charakterzeichnung und der Dialog¬
376 3207 490 3266 Pilz¬
1603 3223 1820 3274 Thoma is
1857 3239 2008 3289 dadurch,
388 3253 503 3302 dter
511 3257 1836 3303 führung, auf psychologische Intima beschränkt. Schnitzler ver= landschaftlick
1862 3279 2017 3332 parat zu
391 3303 1827 3363 Ge=I steht sich wunderbar darauf und weiß auch in der Folge Szenen! Vorzüge nie
1860 3317 2010 3371 erlitten
1854 3356 2018 3404 Lieg¬
1843 3392 2009 3447 Rusik¬
1860 3428 2010 3485 Königs¬
1847 3464 2022 3525 Atenant
1843 3512 2021 3567 ß sich der
1441 3440 1518 3578 7
1821 3551 2022 3608 en. — Die
2471 1397 2994 1487 4. Januar 1899.
2000 1495 3092 1555 wirklich zu „dichten“ und die sittliche Tendenz des Stückes
1996 1540 3090 1604 deutlich aber doch nicht in unkünstlerischer Aufdringlichkeit anklingen
2000 1588 3097 1649 zu lassen. Das Gespräch der beiden Eltern Losatti und mit ihrer
1996 1626 3100 1690 Tochter Franziska, welches das Ende des Stückes bildet, ist an
1992 1671 3097 1743 sich vorzüglich, in seiner Lebenswahrheit und seinem Stimmungs¬
1996 1728 3104 1782 gehalt ganz imponirend; aber gerade in dieser langen Code
2003 1774 3099 1826 scheint der Autor sehr vergessen zu haben, daß der dramatische
1998 1815 3092 1866 Schlußakkord schon längst angeschlagen und fast verklungen ist,
1991 1856 3101 1919 daß die Majorität Derer, „die gern erstaunen möchte" (und sie
1999 1898 3108 1971 hegt diesen Wunsch im Drama nicht ohne ästhetische Berechtig¬
1999 1936 3093 1993 ung, das sei mit Betonung angemerkt!) schon lange nichts mehr
2006 1984 3110 2048 für sich übrig sieht und an's Heimgehen denkt. So geht denn
2000 2036 3099 2091 der bedeutende Aufwand von dichterischer und seelenkünderischer
2001 2062 3106 2133 Gabe für diesmal vielfach verloren. Auch eine Aeußerlichkeit
2009 2132 3105 2175 läßt die Wirkung auf die Dauer nachlassen: es wird im ganzen
2012 2159 3103 2222 Verlauf des Stückes so unablässig geschluchzt, geweint, getrauert,
2003 2201 3108 2267 daß ein Gefühl der Monotonie im Zuschauer unvermeidlich ist.
2004 2246 3101 2315 Die kleinen, liebenswürdigen Lichtblicke des Humors, die gele¬
2016 2292 3101 2356 gentlich einfallen, sind zu flüchtig, und um den großen, schweren
2009 2340 3113 2395 Mollakkord so überwältigend festhalten und durch alle Akte hin¬
2007 2393 3099 2434 durch so fesselnd variiren zu können, wie z. B. Ibsen es vermag,
2002 2423 3112 2480 dazu fehlt dem Autor eben doch die Tiefe, die dämonische Macht
2016 2466 3103 2533 und der Gestaltungsreichthum des Norwegers, in dessen Spuren
2020 2518 2869 2567 Schnitzler zeitweilig mit großem Geschick wandelt.
2051 2535 3111 2615 Zugegeben, daß sich durch die Schauspieler der Gesammtwirkung
2018 2601 3109 2664 noch mehr nachhelfen läßt, als gestern geschah. Den großen sym¬
2014 2656 3106 2710 pathischen Antheil, den die Gestalt der Toni Weber wecken soll,
2013 2683 3105 2748 rief Frl. Pollnar, so brav ihre Darstellung war und so gut
2011 2732 3111 2792 ihr einige der heftigeren, leidenschaftlichen Momente glückten,
2012 2792 3113 2837 doch nicht völlig wach. Bauer's Dr. Schmidt, Fräulein
2028 2815 3121 2883 Boch's Franziska und Frl. Klinkhammer's Emma
2012 2856 3115 2933 Winter bildeten unseres Dafürhaltens die gelungensten Elemente
2016 2925 3110 2974 der Gesammtdarstellung, bei der auch Frau Freund und Herr
2021 2948 3124 3021 A. Meyer gut eingriffen. Herr Szika ging in der Ver¬
2018 3000 3124 3066 körperung des alten Losatti wohl etwas zu drastisch vor; er ist
2017 3047 3116 3103 der feineren Tönung vielleicht bei seinen Schwankvätern ent¬
2015 3082 3119 3156 wöhnt worden. Ansprechend gab Fräulein Steimann die
2022 3118 3127 3186 Agnes: Frl. Irmen spielte ihre Knabenrolle mit Munterkeit
2020 3179 3123 3231 und hübscher Pointirung, aber ihrer Rolle müssen wir es zum
2021 3217 3124 3286 Vorwurf machen, daß so viele „]“ und „z“ darin vorkommen.
2028 3260 3118 3334 Herr Bolz sprach in der Rolle des Brander fast durchgängig
2031 3305 3120 3376 zutleise, eine Wahrnehmung, die wir schon öfter bei ihm machten.
2027 3358 3131 3406 Nicht im vorderen Viertel des Auditoriums, sondern in dessen
2025 3403 3122 3468 Mitte liegt die Zone, auf welche die Stärke des anzuschlagenden
2957 3437 3075 3493 Pf.
2033 3450 2501 3505 Tones berechnet sein muß.
2124 3475 3131 3555 = Frankfurter Kunstleben. Im Kunstverein hat
2037 3530 3117 3594 die Porträtkollettien von Franz Amurko=Warschan
2031 3585 2227 3645 deren wirk
