3436 4320
-4 1775 87 1829 chtes
16 1819 86 1870 16
8 2115 90 2171 lan
263 111 1322 250 10. Das Vernaechtnig
1456 144 1936 248 box 16/3
1383 185 1433 239 00
2749 954 3174 1025 de Sinatsangehörige
258 968 834 1057 Werkstätten zurück. das
1004 978 1871 1057 „... i Konstantinopel, dem Brennpunie
1998 990 3170 1058 Versammungen, die .. hiesigem Lande abgehalten wurden, be¬
242 1028 697 1093 die Arbeit eingestellt.
688 1038 3180 1103 bevorstehenden Freignisse, zeigte. Unser dortiger S=Kor=theiligten, in denselben als Redner auftraten und ihren anti¬
246 1076 1449 1147 einen Aufruf an die Prespondent telegraphirt uns nämlich:
1935 1091 3169 1132 österreichiischen Anschauungen Ausdruck gaben, hat sich, wie
1044 1132 1270 1201 Settinseneriehten
695 1208 1938 1266 stirbt; zwischen einigen Ohnmachten nimmt er der banalen Mutter
1942 1215 3170 1281 glichen werden; und doch war er als echter Wiener zu erkennen,
216 1188 347 1283 er.
701 1254 1928 1297 (Frau v. Pöllnitz) und dem lächerlichen Vater (Herrn Reicher) das
1941 1254 3175 1310 als ein begabter und liebenswürdiger Vertreter des Altwiener¬
204 1262 555 1354 Siel in drei Akten
690 1296 1924 1347 Versprechen ab, Toni, seine Geliebte (Frau Else Lehmann), und sein
1928 1303 3177 1365 thums, das dem Genie Grillparzers seine Weichheit, dem Genie
208 1308 351 1378 Hier.
698 1340 1926 1397 Kind sofort herbeizurufen und Beide nach seinem Sede im Hause
1935 1338 2545 1398 Anzengrubers seine Schärfe
2613 1341 3179 1403 der Darstellung Wiener
225 1351 687 1433 t behaupten, daß das neue
689 1377 1926 1436 zu behalten. Der furchtbare Auftritt, an welchem alle Neben¬
1934 1376 3171 1426 Kleinbürger gab. Scharf gesehen, sind auch diesmal be¬
203 1415 690 1479 Jun des Deutschen Theaters
689 1417 1929 1488 dinge ganz vorzüglich beobachtet auf die Bühne gebracht waren,
1928 1418 3181 1479 sonders der Professor Losatti und der Bräutigam, aber
208 1460 688 1519 Saß nach dem letzten Fallen
700 1441 1940 1526 wirkte auf die Familie Losatti wie auf das Publikum kräftig, aber
1928 1465 3178 1525 Schnitzler ist zu seinem Schaden in die Schule Ibsens und
225 1508 684 1557 hstarken Theatererfolges
693 1502 1918 1561 nicht nachhaltig. Man ist gegen Toni sehr nett, gegen
1924 1508 3180 1569 seiner norddeutschen Nachahmer gegangen. Er konnte dabei nichts
218 1543 693 1610 Parteien im Hause, die
694 1546 1924 1602 das Kind sogar zärtlich; das arme Kind aber, welches wie
1924 1562 3173 1616 gewinnen, weil er die Fühlung mit dem heimathlichen Boden verlor.
212 1588 684 1645 nüberstanden, die das
690 1588 1933 1634 die Kinder auf Rosmersholm niemals lacht, muß an der These des
1988 1590 3176 1654 wird im „Vermächtniß“ ein bischen Wienerisch geredet und viel
218 1628 687 1694 edener Stimmung auf¬
686 1624 1926 1684 Stückes jämmerlich sterben. Mit dem dritten und letzten Akte beginnt
1929 1633 3172 1680 von Prater gesprochen; doch die Lokalfarbe ist verwischt. Hoffentlich
231 1660 684 1735 die harmlosen und
692 1671 1932 1730 nun erst ein rechtes Theaterstück und zwar ein satirisches Drama.
1934 1677 3171 1752 findet Schnitzler den geistigen Weg nach Wien zurück; er soll uns
219 1709 691 1776 en, welche eigentlich
1927 1723 2694 1776 dann in Berlin um so willkommener sein.
685 1721 1928 1780 Das Vermächtniß des jungen Losatti wird von den Eltern
205 1764 691 1820 Egnügen haben, herzlich
687 1764 1921 1818 kurzer Hand umgestoßen. Das kleine Enkelkind haben sie
1982 1750 3167 1818 Die Schauf##eler des Deutschen Theaters, welche jüngst den Ton
216 1801 691 1853 en Gegensatz der Schulen
696 1793 1936 1852 in ihrer Selbstsucht lieb gehabt; nur darum haben sie den letzten
1921 1790 3171 1871 für Cyrano de Bergerac so wenig trafen, spielten ihren Schnitzler
205 1833 688 1894 Enern; diese Herrschaften
686 1841 1926 1889 Willen des Sohnes in Ehren gehalten, darum haben sie Toni an¬
1926 1852 3175 1910 wieder ausgezeichnet. Man müßte den Theaterzettel abschreiben, um
211 1886 685 1947 heilten schrecklichen Todes¬
689 1889 1923 1941 ständig behandelt, haben das Achselzucken ihrer Freunde ertragen.
1937 1890 3180 1958 jedem Verdienste sein bischen Druckerse, ärze zu schenken. Die Herren
251 1927 685 1991 sie wieder über den
692 1930 1923 1990 Jetzt kehren sie ihre wahre Natur heraus und jagen
1930 1931 3170 2004 Reicher, Sauer und Rittner, die Damer Lehmann, Pöllnitz und
683 1969 1240 2030 Toni aus dem Hause,
1928 1973 2525 2044 Sarrow standen in erster Linie.
296 1967 687 2035 diesmal Professor
1313 1984 1929 2032 brutal, wie der Natura¬
214 2009 310 2060 end
683 2014 1933 2072 lismus es verlangt, der brutaler ist als die Natur. Toni geht
298 2012 692 2076 des zweiten und
209 2048 683 2112 st unaufmerksam, als
687 2052 1930 2106 wohl ins Wasser oder doch den Weg, den die Bühnenheldinnen
218 2085 686 2156 dlung unangenehm über¬
682 2100 1932 2159 Schnitzlers schon kennen. Die Folterqualen des guten Geschöpfs
2160 2083 2920 2168 Königliches Schauspielhaus.
223 2138 689 2190 überzeugt worden wäre.
691 2136 1934 2202 wären dem Publikum vielleicht zu arg geworden, wenn der Verfasser
1944 2143 3184 2230 Auf der Sonnenseite“, Lustspiel in drei Aufzügen von
207 2179 684 2235 eschlossene Gruppe von
683 2181 1929 2242 nicht schließlich ein bischen Vorsehung gespielt und einen der
2043 2200 3058 2270 Oskar Blumenthal und Gustav Kadelburg.
3035 2206 3086 2247 *
220 2219 692 2277 rlich nahmen. das vom
679 2221 1935 2292 Schuldigen bestraft hätte. Hugos Schwester (Fräulein Sarrow)
1984 2228 3169 2322 F. E. Das Publitum des Hoftheaters, verstärkt durch
218 2261 695 2320 illigten und zum Schlusse
684 2261 1930 2329 allein hält das Vermächtniß aufrecht; in ihrer Empörung giebt
1934 2287 3171 2356 Viele, die schon von anderen Stätten her in Blumen¬
218 2309 689 2382 e Beifallssalven erschallen
683 2310 1929 2365 sie ihrem philisterhaft korrekten Bräutigam (Herrn Sauer)
1928 2339 3178 2403 thal und Kadelburg zwei witzige und schlagfertige Köpfe
683 2362 1933 2415 dafür den Laufpaß, daß er Toni engherzig gehaßt und
1938 2371 3160 2432 schätzen, bereitete dem neuen Lustspiel „Auf der Sonnenseite“
690 2400 1927 2461 gekränkt hat. Es wirkte wie eine erlösende That, daß endlich Jemand
201 2377 679 2464 Eaterstück schreiben, nichts
1927 2416 3164 2490 gestern einen sehr lebhaften äußeren Erfolg, der die Autoren
679 2444 1338 2509 aus der Famitie nicht gemein war.
210 2443 687 2504 Menschen zu zeichnen, sie
1930 2473 3170 2534 vielfach vor die Gardine rief. Nur am Schluß schien
224 2491 692 2545 leise vorzubereiten, hat
736 2495 1930 2563 Wer sich berufen fühlt, einen Theaterschriftsteller nach
1925 2500 3165 2551 etwas wie Widerspruch laut zu werden, und das, ob¬
202 2521 692 2602 in Schauspiel „Das Ver¬
686 2540 1926 2601 jedem neuen Werke, das Zufall, Stimmung und Ab¬
1924 2547 3170 2605 schon Lustigkeit des Stückes sich gerade mit dem vorschreitenden
219 2569 677 2631 „melodramatisches Rühr¬
687 2582 1933 2634 sicht ihn schaffen ließen, umzuklassisiziren, der kann nun
1924 2598 3179 2650 Abende steigerte. Man muß für diesen leisen Widerspruch also einen
200 2604 680 2683 te Talent, aber es ist be¬
687 2619 1927 2688 von einer neuen Periode bei Arthur Schnitzler reden. Wirklich
1924 2640 3170 2696 anderen Grund suchen. Vielleicht fühlten sich Diejenigen enttäuscht,
207 2658 616 2726 eatererfolges gestellt.
673 2665 1926 2730 ist der witzige Verfasser des „Anatol“ und der fast dichte risch feine Novellist
1926 2679 3175 2725 die von den witzigen und schlagfertigen Köpfen auch noch eine ori¬
202 2688 683 2772 kfreilich nicht untreu ge¬
682 2711 1915 2763 der „Liebelei" kaum wiederzuerkennen. Schnitzler hat angefangen
1924 2720 3167 2778 ginelle Wendung der Handlung erwartet hatten. Sie merkten nun,
201 2744 691 2817 ngel im Rechte gegen
680 2756 1929 2814 als der klügste unter den jungen Wiener Autoren, die mit ebenso viel
1924 2766 3173 2824 daß die Verfasser nur darauf ausgegangen waren, die behagliche
201 2786 676 2848 Welt. Sonst ging das
679 2794 1925 2851 Koketterie wie Talent, mit romantischem Ichkultus und blasirter
1924 2799 3179 2869 Zimmertemperatur, deren ein hübscher Theaterplausch bedarf immer
209 2836 684 2893 an zu Grunde, daß der
680 2841 1926 2912 Frivolität Bilder ihrer lieben süßen Mädeln zum Besten gaben;
1926 2849 3179 2908 wieder durch hübsche kleine Mittel im Gleichen zu halten, daß sie
212 2879 686 2937 Liebe und Verachtung
679 2886 1932 2942 dabei schien Schnitzler nicht gerade einen Schatz von Poesie zu besitzen,
1924 2897 3174 2955 aber keinen Werth darauf legten, uns irgendwie in eine größere
206 2917 683 2983 ize Spiel Leidenschaft oder
677 2929 1161 2975 aber doch so reich zu sein
1295 2925 1922 2987 schein Kleingeld, daß es für die Er¬
1920 2924 3172 3010 Gefühlswärme zu bringen oder durch neue Erfindungen und Effekte
204 2962 675 3020 8 Unglück davon, daß der
681 2961 1050 3019 fordernisse der ####
1365 2966 1919 3022 Mit den großen Dramatikern.
1920 2968 2201 3041 zu überraschen.
200 3007 1083 3069 ls bricht. Fast der ganze welche gerade T#e
1700 3011 1918 3071 schenkt hat,
2203 3003 3172 3087 #lehnt sich dieses Lustspiel durchaus an das Volks¬
219 3037 1090 3129 Losatti auf der Bühnel mit Grillparzer mu
1298 3058 1364 3128 □
1515 3059 3201 3122 mterer Art an, das inzwischen ja sogar schon in unseren
