3484 4256
1407 136 1869 243 bos 16/2
224 150 1254 262 10. Das Vernaechtnis
446 628 1487 733 steht unter Anderem auch die zweite Lesung des Staalo¬
432 692 861 762 dienergesetzes.
902 703 959 799 —
564 783 1345 880 Theater, Kunst und Literatur.
480 835 1428 953 Direktor Schleuther über die Affaire
1686 871 3110 1001 —
818 917 1109 982 Sandrock.
304 889 371 1028 7
528 953 1475 1040 Der Direktor des Burgtbeaters Dr. Schlenther
2232 978 2579 1082 Telefon 12801.
444 1010 1473 1076 beabsichtigt nicht, Fräulein Adele Sondrock zu
442 1060 1480 1130 zwingen, an der Hofbübne zu bleiben. Direktor Doktor
1899 1061 2856 1165 Unternehmen für Zeitungs-Ausschnitte,
2907 1090 3133 1174 Ausschnitt
438 1105 1470 1179 Schlentber äußert sich dabin, daß er mit dem Ab¬
1746 1117 1942 1224 10
430 1155 1472 1210 gang des Fräulein Sandrock ein künstlerisches Kapital
293 1162 412 1253 07
2075 1151 2684 1275 „OBSERVER“
2773 1166 3125 1275 Nr. 34
425 1199 1470 1273 verlieren würde, er wisse sehr wohl die Höbe der Künstlerin
432 1253 1468 1306 zu schätzen. Andererseits will er sie wider Willen, nach der
1693 1259 3133 1345 I. österr. behördl. ooncess. Bureau für Zeitungsberichte und Personalnachrichten
430 1302 1471 1360 Kenntnißnahme ihrer absoluten Abneigung, im Verbande
1961 1320 2832 1421 Wien, IX/1 Türkenstrasse 17.
423 1337 1465 1420 der Hofbübne zu verbleiben, nicht gewaltsam an das
427 1383 810 1450 Kunstinstitut fesseln.
1866 1406 2874 1475 Filiale in Budapest: „Figyelö“, VIII. Josefsring 31 a.—
526 1423 1469 1509 Ihre Entlassung zu bewilligen, ist aber nicht so leicht,
428 1483 1472 1551 denn erstens muß eine Remplacantin gefunden sein und
429 1534 1461 1598 zweitens muß die Garantie geschaffen werden, daß das
1649 1481 3070 1621 hsschntt aus: Sore#sche dblatte
430 1583 1471 1643 Burgtbeater die Schuldenlast des Fräukein Sandrock von
418 1629 1464 1683 ihr zurückbezahlt bekommt — jene Schuldenlast, welche
419 1675 1471 1753 das Burgtheater vom Deutschen Volkstheater seinerzeit
1653 1619 2066 1759 „ 1/14|
417 1711 1063 1777 übernommen und baar bezahlt hat.
502 1749 1461 1848 Fräulein Sandrock will fernerhin gastiren und
426 1797 1456 1870 monatlich abzablen — dies ist dem Burgtbeater zu wenig
419 1856 1461 1924 Sicherdeit und in Folge dessen dürfte auch die Affaire
426 1913 1453 1973 wieder im Sand verlaufen, Zablt aber Fräulein Sand¬
412 1952 1456 1998 rock dem Burgtbeater die Schuld ab und ist erst ein
416 1997 1457 2070 künstlerischer Ersatz geschaffen, würde der Kontrakt sofort
422 2044 1252 2105 ohne Konventionalstrafe zur Lösung gelangen.
504 2080 1472 2164 Wie wir hören, hat kein Mitglied des Burgtbeaters
413 2147 1453 2201 ein böberes Einkommen, als Fräulein Sandrock. Die
1928 2127 2879 2229 Im Burgtheater hat der „Erfolg
414 2196 1446 2254 firen Einnabmen summiren sich zu einer stattlichen Höbe.
1789 2171 2934 2311 keinen Erfolg gehabt, während das „Erbe= das
419 2233 1457 2299 So ist unter Anderem der Künstkerin das Auftreten
1812 2266 2734 2356 „Vermächtniß“ bereits aufgezehrt hat¬
412 2277 1456 2335 achtzigmal in den zehn Monaten des Spielfahres
411 2334 1456 2392 garantirt, also achtmal im Monate, zweimal in der Woche.
415 2376 1442 2440 Allerdings — falls Fräusein Sandrock seltener auftritt,
412 2424 1451 2495 als ihr garantirt ist, erhält sie in dem betreffenden Monat.
412 2471 1444 2539 nur das Spielbonorar für die Abende, an denen sie auf¬
406 2503 1444 2586 trat und die garantirte Restsumme erst am letzten Spieltage
413 2559 1445 2628 des Jahres. Uebrigens erbielt Fräukein Sandrock in
407 2588 1444 2678 solchen Fällen sehr häufig Vorschüsse. Das Spielhonorar
413 2646 1453 2738 der Künstlerin beläuft sich pro Abend auf achtzlg
411 2694 657 2760 Gulden.
471 2743 1441 2812 Die Meldung, daß Fräukein Sandrock für die Kostüme
402 2804 1436 2848 der „Atbenerin“ zweitausend Gulden ausgab, widerlegt
407 2838 1447 2918 Direktor Schlenther damit, daß die Kostüme eines
404 2879 1440 2951 klassischen Stückes oder überhaupt alle vom Dichter vor¬!
403 2931 1437 3001 geschriebenen Kostüme die Direktion bezahlt und daß nur
402 2970 1443 3059 die sogenannten framösischen Toiletten des Konversations¬
409 3022 1123 3092 stückes die Mitglieder bei ustellen haben.
2025 3000 2713 3095 Bezugs-Bedingungen.
1657 3060 1742 3141 Für
500 3052 1437 3133 Fräulein Sandrock irrt auch, wenn sie meint, daß
1748 3082 2599 3161 50 Zeitungsausschnitte (Artikel oder Notizen)
2665 3075 2845 3149 fl. 7.50
1737 3114 1827 3165 100
397 3115 1425 3192 sie in Schnitzler's Novität „D# Permäcniß“
2868 3094 3046 3178 inclusive
2709 3130 2827 3182 14.—
2907 3166 3019 3209 Porto.
1717 3157 1830 3205 200
2715 3171 2829 3223 25.—
403 3166 1427 3236 welches Milte November zur Aufführung gelaugen soll,
2878 3188 3031 3233 Zahlbar
1728 3199 1833 3247 500
2703 3210 2826 3255 55.—
2860 3215 3075 3272 im Voraus
388 3210 1423 3282 die Mutter der Frau Hobenfels zu svielen habe Ihr
1703 3236 1834 3295 1000
2686 3232 2827 3311 100.—
400 3240 1431 3344 wurde die Rolle der 36jährigen Mutter des Fräuleis.
1769 3295 3097 3355 Im Gegensatze zu anderen Bureaux für Zeitungsausschnifte ist das
394 3301 1321 3376 Medelsky auf Wunsch des Dichters zugetbellt.
1658 3324 2672 3388 Tbonnement durch keine bestimmte Zeitdauer begrenzt;
2726 3339 3087 3401 auch steht es den
497 3340 1431 3411 Sollte Fräulein Sandrock morgen in der
1653 3377 2999 3425 Abonnenten Trei die aufgegebenen Themen zu ergänzen oller zu ändern.
382 3377 1425 3460 Matinée die Medea wegen allfallsigen Unwoblseins, wo¬
389 3456 1432 3512 von aber bis jetzt der Direktion nichts bekannt ist, nicht
390 3497 1442 3560 spielen, wird Fräulein Bleibtreu die Rolle über¬
392 3538 1435 3605 nehmen. In der Direktion des Burgtheaters betrachtet
378 3576 1368 3681 man den Fall Sandrock absolut nicht f#e akutg1
