3484 4224
1423 145 1889 252 box 16/2
238 155 1307 275 10. Das Verngechtnis
1380 1669 3403 1774 Bühne bewarb sich darum. Man bereitete ihm da und Kind sind ins Haus gekommen. Die
655 1739 1159 1822 Wiener Brief.
1384 1727 3410 1835 und dort eine achtungsvolle Aufnahme. Seine halten correct das gegebene Wort. Mehr nich
350 1657 676 1846 40
688 1796 3381 1881 0 — 7. December.„Liebelei“ wird in der ganzen Welt gegeben und sein Kind wird geliebt, die Mutter des Kindes ge
414 1858 3409 1941 Arthur Schnitzler ist wohl der Begabteste neuestes Schauspiel „Vermächtniß“ ist wohl seine Mit psychologischer Feinheit hat der Dichts
323 1922 3414 1995 des dramatischen Jung=Wiens. Lange Jahre hat beste Arbeit. In Berlin gab es einen ebenso herz= Seelenmalerei dramatisch herausgearbeitet. D
327 1961 3384 2029 man über den blonden jungen Arzt gespöttelt, man haften Erfolg wie vor einigen Tagen am Wiener das Band entzwei, welches die Eltern nur
332 1996 3411 2071 sprach mehr von der mit absichtlicher Unabsichtlichkeit Burgtheater. Man stellt Schnitzler heute Sudermann die verwitwete Geliebte des Sohnes gebunde
335 2071 3411 2125 in die Stirne hineinfallenden Locke, als von seinen zunächst. Vielleicht ist er in dieser Reihenfolge nicht Das Kind stirbt. Das ist der zweite Act. Das
2458 2083 3401 2143 ist todt, die Gevatterschaft ist aus. Dieses Spi
1402 2095 2478 2160 richtig placirt. Sudermann ist ein größerer Techniker,
332 2110 1419 2175 dichterischen Fähigkeiten. Ich weiß mich zu erinnern,
2455 2121 3402 2194 verkörpert der dritte Act. Man nimmt keine R
1420 2143 2110 2207 Schnitzler ist ein größerer Dichter.
332 2161 1424 2219 daß man uns vor einigen Jahren in Baden die auf¬
2458 2178 3377 2248 mehr auf das unglückliche Frauenzimmer, d
1490 2176 2482 2252 „Das Vermächtniß“ hat vorn und hinten Mängel,
323 2195 1429 2271 regende Nachricht erzählte, Schnitzler habe sich in
2463 2217 3406 2288 mit einem Male so überflüssig auf der Welt sie
1408 2222 2484 2296 aber es ist eine famose Arbeit und von packender
332 2246 1416 2319 Ischl die Stirnlocke wegschnelden lassen. Die Sen¬
1407 2266 3406 2342 Wirkung, es ist technisch zu bekriteln, aber dem in den Tod geht. An der Leiche der Märtyrerin
326 2296 1418 2372 sation ging von Mund zu Mund, in einer halben
2462 2319 3397 2378 sich das Gericht über die Eltern des todten
1411 2331 2472 2392 Dichter ist die Anerkennung nicht zu versagen.
340 2353 1409 2419 Stunde wußte man sie in ganz Baden. Und doch
1404 2350 3407 2437 Folgendes ist die Fabel: Ein junger Mann wird Es ist die eigene Tochter. Sie hält den Elte
325 2399 1412 2458 wollten wir es nicht glauben. Schnitzler ohne Stirn¬
1414 2398 3395 2486 sterbend zu seinen Eltern gebracht. Er hat einen verlogene gesellschaftliche Moral vor, welche
333 2439 1425 2519 locke! Simson ohne Haarschmuck! Es war ganz und
334 2466 3386 2559 gar nicht möglich. Die Tochter Julius Bauer's letzten Wunsch. Man wird den Wunsch des Sterbenden grausamen Herzlosigkeit getrieben hat, sie v
331 2562 3410 2605 mußte es übernehmen, an ihren eben in Ischl wei= in Ehren halten. Der junge Mann hat eine Geliebte eine solche Moral; sie ladet den Tod des M#
2462 2558 3085 2638 auf das Gewissen der Eltern.
324 2573 2480 2655 lenden Vater zu schreiben. Im Namen von ganz und ein Kind Diese verlassenen zwei Wesen, die
2529 2595 3400 2668 Man kann sich darüber moquiren, daß je
1401 2620 2469 2674 Niemanden haben, wenn er stirbt, mögen die Eltern
328 2635 1416 2698 Baden bat sie ihn um Nachricht, ob es wahr sei, ob
2462 2644 3401 2720 mit einem Todesfall abschließt, daß der Zufall
1408 2671 2480 2732 ins Haus nehmen, sie gut halten, für sie sorgen. Das
332 2669 1412 2752 es möglich sei. Und Bauer antwortete seiner Tochter
1394 2711 3405 2780 ist ein großes Verlangen in den Augen der Menschen, eingreifen muß, um an der Bahre die Handlun
326 2737 978 2815 prompt ungefähr Folgendes:
1392 2753 3403 2837 die sehr an die herkömmliche Moral halten, die sich wärts zu schieben, daß die vorurtheilsfreie
432 2759 1192 2841 „Sei ruhig, bleib ruhig, mein Kind,
1407 2801 3406 2864 vermöge ihrer gesellschaftlichen Position vornehm nicht früher gesprochen hat, aber man muß den
420 2820 1351 2894 Noch säuselt in Schnitzler's Locke der Wind.“
422 2838 3413 2917 Schnitzler pflegte seine Locke weiter und schrieb dünken, die eine große Tochter im Hause haben. Aber gutheißen der sich äußerlich besonders großar
338 2915 3398 2987 fleißig. Seine Sachen wurden gelesen, das Burg= angesichts des Todes leisten sie das Versprechen. Der gestaltete. Daz' mag auch beigetragen haben, d
1419 2945 3404 3028 junge Mann stirbt. Das ist der erste Act. Geliebte junge Doctor in der Wiener Gesellschaft gern
329 2959 1454 3054 theater führte sie allgemach auf, die erste Berline#
