3484 4256
1329 200 1784 286 box 16/2
133 210 1177 317 10. Das Vermaechtnis
783 1028 1138 1101 Telefon 12801.
2220 1091 2567 1189 Telefon 12801.
207 1143 1417 1234 100 Unternehmen für Zeitungs-Ausschnitte.
1477 1167 1639 1221 Aussch
1418 1201 2850 1290 Nr. 4 76 Unternehmen für Zeitungs-Ausschnitte.
2911 1216 3141 1284 Ausschnitt
636 1213 1267 1337 „OBSERVER“
2841 1264 3118 1376 N. 7E
2027 1275 2746 1403 „OBSERVER“
223 1327 1660 1393 I. österr. behördl. concess. Bureau für Zeitungsberichte und Personalnachricht
1661 1376 3133 1452 I. österr. behördl. concess. Bureau für Zeitungsberichte und Personalnachrichten
539 1389 1399 1482 Wien, IX/1 Türkenstrasse 17.
1972 1450 2843 1546 Wien, IX/1 Türkenstrasse 17.
466 1474 1459 1556 — Filiale in Budapest: „Figyelö“, VIII. Josefsring 31a. —
1914 1533 2878 1623 Filiale in Budapest: „Figyelö“, VIII. Josefsring 31 a.
2744 1605 2871 1703 ∆
229 1613 1466 1721 Ausschnitt aus: Sreslauer Zeitung
1663 1666 2932 1779 Ausschnitt aus: Reichenost. Wien
233 1688 731 1825 vom 12.95
2977 1761 3165 1913 +2
1665 1800 2007 1899 von 1##0
2071 1949 2979 2025 Hofburgtheater. Gestern ging zum ersten
361 1965 1613 2028 P. W. Wiener Premièren. Arthur Schnitzlers „Vermächtniß“
1920 1992 2989 2079 Piale Arlgur Schnitzler's dreiactiges Schauspiel
321 2010 1623 2073 ging Mittwoch mit entschiedenem Erfolg über die Bühne des Burg¬
319 2073 1611 2109 Theaters. Die allerdings stark äußere Tragik mit den wirksamen Vor¬
1932 2063 2977 2123 Das Vemächtniß“ in Scene. Es handelt sich
320 2086 1609 2144 gängen übte theatralische Wirkung. Erst im dritten Akte kam das dichterische
1938 2093 2978 2163 in diesem Stücke um ein Mödchen, dessen Verführer
320 2134 1619 2186 Moment und die innere Tendenz zum Durchbruch. Ein guter Theil des
1926 2147 2986 2209 beim Reiten verunglückt und stirbt. Im Sterben nimmt
326 2179 1617 2232 Erfolges gebührt der Darstellung, die durchwegs vortrefflich war. Frau
1940 2188 2982 2242 er seinen Eltern das Versprechen ab, Toni, seine Ge¬
322 2208 1613 2263 Hohenfels bot ihre ganze reife Kunst auf. Ihr ebenbürtig zur Seite
1925 2231 2983 2293 Fliebte und sein Kind nach seinem Tode im Hause zu
320 2248 1615 2307 standen Fräulein Bleibtren, Frau Schratt und Frau Schmittlein.
1935 2285 2989 2340 behalten. Nach dem schrecklichen Geschehniß ist man in
331 2294 1612 2339 Herr Hartmann charakterisirte den Professor Losatti mit viel Geist und
319 2322 1624 2377 Eindringlichkeit. Frl. Medelsky legte in die kleine Rolle der Agnes alle
1936 2331 2965 2382 der That gegen Toni recht freundlich, gegen das arme.
324 2369 1613 2421 Zauber ihrer Persönlichkeit. Brillant war auch Herr Devrient, sehr gut
1929 2357 2978 2420 unschuldige Kind sogar sehr zärtlich. Indeß nicht lange
321 2409 1621 2455 und diskret Herr Paulsen. Der Dichter wurde sehr oft gerufen und
1931 2417 2980 2468 darnach erkrankt das Kind und stirbt und im Hause
319 2445 1622 2500 durfte dem Publikum für den reichen Beifall danken. Ebenso darf er es
1931 2454 2989 2512 der Losatti geht mit diesem Momente eine Veränderung
324 2492 764 2558 diesmal der Darstellung.
1934 2500 2971 2559 vor sich: Das Vermächtniß des beim Reiten verun¬
1931 2542 2976 2593 glückten Sohnes wird umgestoßen. Das unschuldige
1935 2593 2975 2645 Enkelkind haben sie lieb gehabt: nur darum haben
1932 2630 2970 2690 sie den letzten Willen des Sohnes in Ehren gehalten
1941 2673 2974 2725 darum haben sie Toni anständig behandelt, haben das
1935 2713 2980 2783 Achselzucken der Freunde ertragen. Nun dieses nicht
1932 2770 2974 2820 mehr ist, wird Toni als eine unerträgliche Last em
1932 2807 2987 2863 pfunden, sie muß aus dem Hause. Toni verliert damit
1934 2858 2979 2907 den letzten Halt und geht in den Tod. Hugo's Ver¬
1938 2897 2974 2944 mächtniß ist nun ganz beseitigt und nur seine Schwester
1946 2940 2980 2999 hält es insoferne aufrecht, daß sie ihrem Bräutigam
1941 2984 2990 3041 dafür den Laufpaß gibt, daß er Toni gehaßt und ge¬
1949 3032 2978 3093 kränkt hat. Das Ganze macht einen düsteren Eindruck
639 3050 1336 3117 Bezugs-Bedingungen.
1949 3064 2976 3131 und die Personen treten, ungemein plaßisch in die Er¬
1287 3104 1471 3170 fl. 7.50)
265 3096 1234 3181 Für 50 Zeitungsausschnitte (Artikel oder Notizen)
1949 3125 2982 3176 scheinung; namentlich der Professor Losatti und der
1489 3128 1658 3205 inclusi
1328 3149 1454 3201 14.—
1692 3165 2977 3219 Fur 50 Zen Bräutigam sind scharf gezeichnet. Diese lebensvoll¬
1502 3185 1638 3224 Porto
1336 3196 1457 3247 25.—
2975 3174 3104 3246 Jusive
347 3206 465 3248 200
1504 3211 1648 3251 Zahlber
1952 3203 3065 3266 Gestalt wurde von Herrn Hartmann meisterhaft sarto.
1790 3217 1883 3263 100
1343 3218 1651 3294 55.— im Voraf
340 3236 461 3286 500
1952 3250 3086 3301 wiedergegeben. Die unglückliche Toni wurde von Frau suhlbar
1777 3248 1899 3311 200
1308 3266 1468 3330 „100.—
2977 3287 3120 3344 Voraus
287 3283 482 3353 " 1000
1776 3296 1880 3345 500
1962 3294 2974 3348 Schratt mit dem dieser Künstlerin eigenen Zauber
393 3291 1631 3374 Im Gegensatze zu anderen Bureaux für Zeitungsausschnitte ist
1726 3336 1887 3390 „ 1000
1960 3339 2982 3394 dargestellt. Auch Frau Hohenfels hatte Gelegen¬
1361 3353 1624 3414 auch steht es
270 3361 1298 3416 Abonnement durch keine bestimmte Zeitdauer begrenzt;
2987 3341 3149 3419 ist das
1817 3377 1953 3436 lu. G
1955 3385 2976 3436 heit, künstlerisch hervorzutreten. Sonst sind noch die
272 3394 1621 3456 Abonnenten frei die aufgegebenen Theinen zu ergänzen oder zu ändern.
2978 3406 3140 3457 t es den
1701 3416 1952 3479 Abonnement
1961 3427 3044 3484 Damen Medelsky und Bleibtreu zu nenne## rn.
1701 3462 1946 3530 Abonnenten
1956 3474 2987 3533 Eine ausgezeichnete Figur schuf Herr Devrien:
1938 3517 2484 3586 in seinem Dr. Schmidt.
3169 1867 3243 1950 —
