3484 4480
1389 204 1887 302 box 16/4
199 183 1268 317 10. Das Vernaechtnig
1004 1640 1257 1714 B
334 1686 3279 1752 der Typus des Wiener liberalen Mannes. Währendszeihen? Vermessen ist das. Strafen dürfen wir — und stimmen läßt, kündigt Dr. Schmidt, sentimen
2291 1709 3289 1785 talitätsfrei und schwunglos, Toni Weber an, daß*
347 1733 2303 1802 die anderen Personen nicht geräde plastisch charatierisirt rächen meinethalben . . . .. Aber zu verzeihen ist doch
336 1789 3266 1844 #sind, ganz dem Wesen des Problemdramas entsprechend,Keiner gut genug.“ Lieber wäre es dem Herrn Professorlman von jetzt ab außerhalb des Hauses für sie
157 1774 363 1863 Kipler.
347 1816 3273 1886 dem die Hauptsache der Fall ist, ist dieser Normalmann freilich gewesen, sein Sohn hätte sein Leben genossen sorgen werde. Die Vereinsamte, der nichts geblieben,
169 1843 342 1919 .Sept.)
359 1863 3257 1929 eingehender und schärfer gezeichnet. Seine Frau Betty,wie das nun mal Sitte ist und wie er auch, der die woran sie sich halten könnte, zieht aber den Tod diesem
158 1892 3262 1974 icht gewagt, die zu ihm in keinen „wirklichen Beziehungen steht“, ist] Dinge stets in ihrer wahren Bedeutung und nicht nach! Dasein von bürgerlichen Gnaden vor. Die sozialen
1326 1942 3266 2007 der landläusigen Moral auffaßt, es verstanden hätte. Ein Rücksichten, die Standesinteressen, der Klasseninstinkt
184 1965 386 2020 Gnade
373 1964 1343 2019 weich und gutmüthig, aber ohne allen Fonds. Weiter
2280 2000 3262 2059 haben gesiegt — auf der ganzen Linie — von dem bru¬
168 1986 382 2068 hätten ein¬
1335 2002 2306 2060 Verhältniß haben als junger Mann — natürlich, aber
366 2006 1344 2069 ist da die Schwägerin Emma, die vertraute Freundin
2295 2043 3277 2091 talen Emporkömmling und Selfmademan Schmidt bis zu
1337 2056 2299 2106 das Hängenbleiben muß ausgeschlossen sein. Und wer
178 2053 1338 2102 zieht der Hugos, jungverwittwet, aber offen und resolut und voll
2284 2079 3270 2141 Frau Emma, die ihren hochherzigen Entschluß, Toni zu
1333 2084 2288 2142 weiß, ob er nicht Recht hat, wenn er weiter kalkulirt:
178 2096 1342 2158 m Fall, der Theilnahme für die Toni, die wie sie selbst Freud und
2289 2122 3264 2192 sich zu nehmen — mit Rücksicht auf ihre Tochter fallen
1336 2129 2295 2187 Wäre Hugo am Leben geblieben, er hätte dies Verhält¬
180 2136 386 2194 Also ein
380 2146 1335 2201 Schmerz der Liebe durchgemacht hat. Dann ihre Tochter
2285 2172 2406 2245 läßt.
1328 2171 2306 2229 niß gelöst und eine Frau aus der anständigen Gesell¬
158 2178 387 2252 Welten wird
368 2183 1350 2245 Agnes, die backfischartig für den Hugo schwärmte. Im
2359 2193 3267 2273 Franzi, die Schwester Hugos, fühlt allein das ganze
1328 2217 2303 2272 schaft genommen, wie es ausschließlich alle jungen Männer
352 2225 1353 2299 schroffen Kontrast dazu Dr. Ferd. Schmidt, der Haus¬
2285 2249 3275 2313 Unrecht, das man dem Wesen, das ihrem Bruder jahre¬
1329 2268 2291 2316 thun, die in der Welt und mit der Welt leben wollen.
163 2276 1351 2335 Dr. Hugoarzt Losattis, von der Familie ihrer Tochter Franziska
2285 2297 3279 2355 lang Alles war, angethan hat — in einer esellschaft,
1385 2297 2302 2359 Das Band, das die beiden einander fremden Welten
160 2314 1348 2381 mit einem zum Gatten bestimmt. Wie Frau Emma die versöhn¬
2289 2347 3267 2403 der Alles heilig zu sein pflegt, was an einen theuren
1341 2354 2292 2409 zusammenhält, ist das Kind. Für Toni ist es Alles und
161 2372 1341 2420 seinetwegen siche, wenschliche Gesinnung verkörpert, so er das kon¬
2296 2381 3274 2444 Todten erinnert. Und so klingt das Vermächtniß aus
1332 2403 2298 2450 Eins, nachdem sie den Vater und den Geliebten verloren
158 2409 1338 2482 reichlichen ventionelle Prinzip. Ein freudenloses hartes Leben hat
2286 2419 3280 2493 in den Worten, die ich oben als den moralischen Gehalt
1330 2448 2296 2502 hat und in hilfloser Verlassenheit dasteht. Für die Lo¬
166 2450 1346 2510 unterhalten alles Freie und Heitere in ihm erstickt. Pflicht und Sitte
2290 2475 3276 2533 des Dramas bezeichnete. Daß dieses Mädchen, das sich
1332 2489 2267 2544 sattis ist die Mutter nur das Zubehör zum Kinde —
156 2478 1340 2564 keit fnüpfte und die starre bürgerliche Moral bilden einen undurch¬
2298 2520 3277 2582 über die Anschauungen ihrer Klasse erhebt, einem Dr.
1325 2522 2304 2600 von vornherein, wenn es ihnen auch zunächst nicht voll
153 2552 894 2619 Ein hübscher, dringlichen Panzer um ihn.
2293 2554 3271 2621 Schmidt, als der leibhaften Verkörperung dieser Klassen¬
436 2582 2307 2634 In diese Gesellschaft tritt Toni Weber mit ihrem ins Bewußtsein tritt. Auf den Lippen, in den Augen
154 2589 387 2652 Glück leben
2288 2606 3118 2684 gefühle, entsagt, ist nur natürliche Konsequenz.
1333 2618 2299 2684 des Buben da sind für Frau Betty all' die Tage, die
368 2631 1339 2697 Kinoe ein. Was in der Rührung versprochen wurde,
161 2631 391 2693 , was die
2367 2633 3284 2709 Schnitzler hat die Gefahren des Thesenstückes nicht
380 2659 2313 2727 wird gehalten von der Familie Losatti's. Ja der Pro=sihr der Hugo nicht gegeben hat. Das Kind legitimirt
165 2676 387 2739 #ird es ge¬
2298 2691 3285 2761 ganz vermieden; in den beiden letzten Akten verdrängt
372 2701 2305 2774 fessor, der sich rühmt, allezeit ein liberaler Mann ge=gewissermaßen die Mutter. Der Konflikt bleibt latent.
152 2712 385 2782 de gestürgt.
2303 2744 3277 2802 das Räsonnement bisweilen das Leben, man hört dann
378 2752 2299 2820 wesen zu sein und ein liebender Vater, findet eine ge= Was wird aus unserem Problem — der Unvereinbarkeit
161 2769 386 2828 us gebracht.
2304 2777 3282 2844 Advokatenplaidoyers. Die drei Akte hindurch andauernde
377 2803 2302 2867 wisse Genugthuung darin, die Freiheit seiner Ansichten der beiden Lebenstreise? Schnitzler läßt den Bubi krän¬
176 2806 386 2869 Geheimniß
2300 2827 3286 2893 Trauerstimmung, die den Zug zum Melodramatischen
149 2841 2310 2905 Ehmen, daß zu beweisen. Mit posirendem Stolze ist er bereit, auf keln und sterben. Die Gegenpartei in Gestalt des Dr.
373 2882 3275 2953 den Verkehr mit Leuten aus seiner Gesellschaft zu ver=Schmidt, greift jetzt ein. Für ihn ist die Mutter jetzt nicht immer vermeidet, wird dagegen glücklich unter¬
152 2892 397 2964 men werde,
381 2918 3283 2999 zichten, die ihn nunmehr meiden wollten. „Eine Pflicht szur Maitresse geworden, die in einem anständigen bür= brochen durch Herrn Prof. Losatti. Die feine Kunst des
149 2941 383 3003 vesen wäre.
2288 2954 3282 3039 Novellisten Schnitzler breitet sich auch im Drama aus:
374 2972 2310 3057 haben wir zu erfüllen, das ist das erlösende Wort“, sagt igerlichen Hause nichts mehr zu suchen hat. Denn in
142 2992 396 3063 erbeigeholt.
383 3046 3278 3092 er mit wohlklingendem Pathos. Ja er spricht sogar von dieser Welt gelten andere Gesetze, auf denen die ganze die Menschen haben alle ihre Atmosphäre um sich, und
162 3039 388 3095 versammelt.
146 3064 3290 3145 und Gegen= einem Rechte, das man solchen Geschöpfen wie Toni Ordnung beruht, als in jener, in der man sich einfach zu plaudern wissen sie, wie nur immer die Wiener es
149 3090 3280 3161 Todesstunde gegenüber in Anspruch nehmen di se, dem Recht zu ver=nimmt, was einem gefällt — ohne Skrupel, ohne vermögen. Ibsen und Sudermann (Graf Trast) und
158 3135 3285 3227 #ter Hugos,zeihen, worauf ihm Frau Emma erwidert: „Verzeihen? [Reue. Im Einverständniß mit dem Professor und Maupassant nicht minder haben Pathe gestanden beim
155 3230 3290 3273 Lossati, ist!. .. was hat überhaupt ein Mensch dem andern zu ver=dessen Gattin, deren Schwäche sich gasch um=1 „Vermächtniß“ — aber es ist doch ein eigenartiges Neues
