3436 4480
1393 260 1861 352 box 16/4
203 257 1247 362 10. Das Vernaechtnis
1024 1533 2181 1604 euc-e zu den Keuesten) Verschiedene,
782 1551 886 1609 cheT
739 1600 888 1656 wissen
914 1568 2191 1631 sie ist mehr die eines Singspiels im Stil der vierziger Jahre, hat aber
907 1631 2182 1669 das gute Libretto vor diesen voraus. Um das Gelingen des
910 1670 2187 1721 mit vielem Beifall aufgenommenen Werkchens machten sich verdient
745 1677 887 1752 n zur
903 1702 2187 1777 vor Allem Hr. Kanellmeister Collin. Auch diese Wiedergabe schloß mit
906 1747 1529 1802 Hervorruf des Komponisten.
1014 1777 2184 1836 Arthur Schnitzlers Schauspiel „Das Vermächtniß“ hat bei der
784 1813 888 1885 von
911 1827 2187 1873 Aufführung im Breslauer Lobe=Theater den 26. November sehr gefallen.
903 1869 2173 1917 Die „Breslauer Zeitung“ schreibt: Als vor etwa vier Jahren die
916 1911 2189 1965 „Liebelei“ in Berlin aufgeführt wurde, brach einmüthiger Jubel in
906 1957 2191 2003 Presse und Publikum aus. Man begrüßte in Arthur Schnitzler ein
915 1979 2184 2029 frisches und reiches Talent. Der Erfolg war verdient. Das neueste
761 2000 871 2078 reitet.
907 2020 2181 2069 Drama Schnitzlers setzt da ein, wo die beiden anderen aufhören;
782 2057 883 2117 von
899 2067 2178 2121 mutatis mutandis hätte es eine Fortsetzung der „Liebelei“ abgeben
900 2107 2181 2155 können. (Folgt Inhalt.) Die handelnden Personen bewegen sich und
792 2110 881 2157 am
906 2145 2175 2186 sprechen mit ziemlicher Lebendigkeit. Das Stück erzielte, wie schon
776 2147 875 2213 zur
906 2178 1615 2227 gemeldet, einen nicht geringen Erfolg.
1649 2187 2170 2234 Berliner Fremdenblatt
901 2224 2170 2261 Am Sonnabend gelangte Schnitzlers dreiaktiges Schauspiel „Das
776 2230 884 2286 zur
899 2263 2172 2310 Vermächtniß“ im Lobetheater zur Erstaufführung. Die Schönheiten
898 2304 2179 2359 und psychologischen Feinheiten des Stückes wurd n von dem Publikum
763 2290 886 2366 urde
903 2342 2175 2392 sowohl empfunden, als manche Ungleichheiten. Es ward viel applaudirt.
957 2384 2185 2425 Ferner die „Schlesische Zeitung". „Das Vermächtniß". Ein
757 2398 875 2465 tische
902 2419 2181 2464 Vorzug Arthur Schnitzler's gegenüber anderen neueren Bühnendichtern,
901 2462 2178 2514 welche Wirklichkeitsbilder aus dem Alltagsleben dramatisch zu gestalten
766 2467 873 2530 u in
907 2499 2178 2542 suchen, war in „Liebelei" und „Freiwild“ der Humor. In seinem
900 2537 2177 2597 neuesten Drama ist davon keine Spur zu finden. Er hat auch diesmal
761 2550 872 2611 holm
898 2579 2173 2617 mit scharfer Beobachtung des Lebens eine Geschichte vorgeführt, die bis
898 2610 2180 2663 auf einige Nebenzüge als naturwahr gelten darf. Die Charaktere sind
895 2657 2168 2707 scharf gezeichnet. (Folgt Inhalk). Es würde übrigens nur geringer
909 2698 2169 2742 Aenderungen bedürfen, um „Das Vermächtniß“ als Fortsetzung der
762 2713 875 2795 gun¬
897 2740 2176 2793 „Liebelei“ erscheinen zu lassen. Das Freundespaar Hugo und Gustav
899 2775 2168 2830 entspricht jenem in der „Liebelei“, nur findet Gustav nicht Gelegenheit,
762 2784 871 2863 arb:
894 2818 2163 2858 seine Leichtlebigkeit so kräftig und belustigend wie dort Theodor zu
895 2856 2173 2913 bethätigen. Toni, die wie Christine im letzten Akt den Tod sucht, ist
767 2844 873 2924 und
891 2895 2160 2948 auch im übrigen ihr treues Gegenbild. Nur sind wir im „Vermächtniß“
890 2929 2177 2975 in dem vornehmen Familienkreis des gefallenen bezw. tödtlich gestürzten
751 2932 873 3010 Vor¬
894 2978 2176 3016 Geliebten des armen Mädchens eingeführt. Die einzelnen Personen
893 3009 2168 3070 lebenswahr zu charakterisiren, ist Schnitzler auch in dieser Sphäre
753 3026 880 3080 vird
901 3053 2174 3108 gelungen. Auch im „Vermächtnisse“ verleugnet sich nicht die hervorragende
896 3097 2165 3165 Begabung eines Dichters, der überall ernst zu nehmen ist und achtungs¬
764 3104 881 3171 ater
884 3132 1396 3180 volle Theilnahme verdient.
1006 3168 2164 3211 Am 22.November kam am Stralsunder Stadttheater der einaktige
788 3199 2169 3256 entI Schwank „Die Stiefmutter“ von Hubert von Trützschler mit
1390 3248 1458 3300 6200
1634 3252 2171 3324 tralsundische Zta. schreibt:
