3484 4384
1327 221 1867 313 box 16/5
219 226 1264 334 10. Das Vernaechtris
1114 1205 1504 1281 Telephon 12.801.
551 1350 1303 1432 „ODSEIVEN
399 1425 1497 1485 1. österr. beh. konz. Unternehmen für Zeitungz¬
604 1476 1296 1539 Ausschnitte und Bibliographie.
577 1533 1353 1586 Wien, I., Concordiaplatz 4.
804 1593 1130 1664 Vertretungen
401 1648 1498 1699 in Berlin, Brüssel, Budapest, Chicago, Cleveland, Christlania,
397 1711 1507 1727 Genf, Kopenhagen, London, Madrid, Mailand, Minneapolis,
396 1735 1508 1780 New-Vork, Paris, Rom, San Francisco, Stockholm, St. Peters¬
805 1768 1109 1820 burg, Toronto.
757 1805 1156 1867 Qnellenangabe ohne Gewähr.)
399 1860 797 1941 Ausschnitt aus:
802 1884 1440 1984 Agliche Hundschau, Berlin
664 1941 941 2029 16.001.1011
412 2000 577 2041 vom:
662 2075 1317 2175 Theater und Musik.
720 2156 1266 2218 Neuee Volke-Cheater.
472 2214 1590 2276 Es wurde wieder vortrefflich gespielt. Nichtsdesto¬
374 2253 1600 2321 weniger bleibt es fraglich, ob die Mitglieder der Neuen
386 2303 1594 2370 Freien Volksbühne durch die Wahl von Schnitzlers
385 2349 1369 2411 „Vermächtnis“ sich beglückt fühlten. Hu#
375 2383 1595 2463 fraglich ist es, daß sie ganz recht hätten,sch er¬
376 2437 1596 2509 freulichere Stücke vorstellen könnten. Unrecht hat gewiß
380 2475 1585 2531 die niemals völlig auszurottende Partei derjenigen
386 2524 1590 2578 Volksbühnler, die unter allen Umständen ein lustiges
392 2572 1595 2620 Schauspiel einem ernsten vorziehen. Der ausdauernde
386 2609 1591 2658 Kampf, den die Leitung der „Neuen Freien“ gegen diese
385 2661 1598 2707 rückständige Kunstauffassung führt, verdient ohne Zweifel
382 2697 1596 2765 entschiedene Anerkennung. Wenn aber Schnitzlers trübstes,
382 2748 1596 2795 sentimentalstes Familienstück als auserwählte Kunst dem
388 2784 1600 2850 Volke vorgeführt wird, weil eine volkstümlich=gemeinplätz¬
385 2831 1602 2900 liche Tendenz gegen gesellschaftlichen Hochmut darinnen
387 2878 1095 2931 steckt, so ist das nicht gutzuheißen.
478 2917 1600 2979 Es wurde, wie gesagt, wieder vortrefflich gespielt. Nur
390 2966 1599 3009 hätte der Spielleiter (A. E. Licho) das Tränenmeer des
379 3004 1585 3054 ersten Aktes eindämmen sollen, statt ihm liebevoll noch
394 3054 1583 3095 weitere Ausdehnung zu geben. Johannes Riemann
389 3094 1589 3167 führte die aktlange Sterbeszene mit guter Einfachheit er¬
392 3152 1583 3198 greifend durch. Jella Wagner (die nur beim ersten Auftreten
393 3184 1595 3239 heftiger erschüttert sein müßte) war ein echtes Wiener Mädel
385 3219 1593 3292 aus dem Volk. Elisabeth Huch ließ die Ueberflüssigkeitz
391 3251 1605 3341 der Schwägerin, die sie zu repräsentieren hatte, vergessen
387 3322 1587 3351 Von den übrigen Mitspielern halfen Martha Angerstein:
379 3345 1596 3419 Robert Müller, Hermann Pfanz, Maximilian Sladek
383 3399 1615 3482 in guter Haltung, das schmerzliche Spiel einem glimpflichen
1365 3449 1505 3496 97 00
376 3453 915 3522 Ausgang entgegenführen.
2638 849 3032 929 Telephon 12.801.
2092 1007 2865 1088 „OBOLMVEK
1945 1070 3021 1143 I. österr. beh. konz. Unternehmen für Zeitungs¬
2148 1117 2830 1187 Ausschnitte und Bibliographie.
2116 1167 2889 1259 Wien, I., Conoordiaplatz 4.
2345 1244 2667 1312 Vertretungen
1947 1275 3052 1367 in Berlin, Brüssel, Budapest, Chicago, Cleveland, Christiania,
1956 1342 3053 1388 Genf, Kopenhagen, London, Madrid, Mailand, Minneapolls,
1953 1363 3057 1436 New-Vork, Paris, Rom, San Francisco, Stockholm, St. Peters¬
2360 1416 2673 1471 burg, Toronto.
2302 1448 2713 1509 (Quellenangabe ohne Gewähr.!
1956 1470 2983 1585 Ausschnitßesdiner Local Anzeiger
2166 1602 2472 1687 10001.1911
1977 1650 2122 1703 vom:
2070 1652 2931 1775 . n Wr Mile freie Voltsbühne brachte
1997 1755 2910 1826 gestern (Montag) Arthur Schnitzlers dreiattiges
2008 1782 2922 1855 Schauspiel „Das Bermächtnis“ zur Auf¬
2014 1829 2918 1892 führung. Gerade 13 Jahre sind verflossen, seit¬
2022 1878 2920 1938 dem das Stück, in dem so viel triurige Stim¬
2024 1902 2930 1965 mung und so wenig tragische Kraft, so viel Ge¬
2020 1957 2915 2017 sinnung und so wenig Handlung steckt, im Deut¬
2015 1991 2919 2044 schen Theater zum ersten Male meisterhaft gespielt
2017 2026 2916 2083 und achtungsvoll ausgenommen wurde. Die Ge¬
2021 2063 2912 2116 schichte von dem seltsamen Vermächtnis, das ein
2019 2098 2923 2168 überaus braver Jüngling, der eben vom Pferde
2013 2139 2917 2191 gestürzt, den überraschten Eltern übergibt und
2017 2170 2924 2241 sie bittet, seiner Geliebten und seinem Kinde, von
2022 2217 2913 2273 denen sie bisher keine Ahnung hatten, eine Heimat
2014 2254 2914 2322 zu gewähren, hat mit den Jahren kaum an Reiz
2011 2299 2921 2362 gewonnen, ja man empfindet heute mehr wohl noch
2029 2335 2909 2392 als früher, daß nach dem peinvoll ergreifend ein¬
2016 2368 2923 2449 getzenden ersten Akt, der Schnitzlers ganze Meister¬
2012 2411 2921 2468 schaft in stimmungsvoller Detailmalerei zeigt, die
2019 2449 2922 2508 weiteren Aufzüge nur von teils klugen, teils emp¬
2020 2478 2926 2555 findsamen Worten leben und reich an allerlei
2012 2542 2919 2584 Verlegenheitswendungen sind, die dazu dienen
2012 2566 2917 2630 müssen, daß die arme, in Gnaden ausgenommene
2020 2612 2923 2660 Toni regelrecht wieder verstoßen wird, nachdem
2014 2641 2931 2716 ihrem Geliebten auch ihr Kind in den Tod gefolgt.
2672 2682 2938 2737 empfängliche
2438 2689 2550 2729 das
2021 2687 2438 2743 Ich glaube, auch
2011 2719 2918 2775 Publikum der Neuen freien Volksbühne empfand
2023 2757 2929 2816 gestern dieses merkwürdige Versanden einer
2023 2783 2922 2859 fruchtbaren tragischen Idee und hielt sich
2029 2834 2915 2888 ganz an die Gesinnung, die so ehrlich die Moral¬
2023 2885 2921 2936 heuchler bloßstellt und für das mißhandelte Mäd¬
2028 2915 2924 2969 chen Partei ergreift. Mit der Darstellung
2028 2955 2920 3000 konnte man zufrieden sein, wenn es auch in der
2026 2987 2932 3025 Erinnerung an die einstige Aufführung im Deut¬
2036 3022 2934 3080 schen Theater mit Rittner, Reicher und Else Leh¬
2029 3063 2932 3122 mann viel zu überwinden galt. .. Den sterben¬
2026 3097 2928 3159 den Jüngling gab Johannes Riemann ohne reali¬
2029 3144 2946 3204 stische Mätzchen wirklich ergreifend, für die un¬
2034 3234 2920 3288 glückliche Toni fand Jella Wagner den schlichten
2031 3291 2925 3325 Ton ehrlicher Empfindung und die bestgezeichnete
2039 3312 2923 3374 Figur, den aufgeblasenen Familienvater mit
2033 3344 2923 3397 seinem Reichtum an verlogenen Phrasen und
2032 3370 2932 3440 wahrer Herzenskälte, spielte Robert Müller mit
2033 3428 2926 3482 diskreter Charakteristik. Als fein empfindende
2032 3464 2923 3517 Künstlerin voll innerlicher Kraft erwies sich wie¬
2041 3506 2924 3554 der Annalise Wagner und den bösen Geist des
2044 3532 2927 3593 Hauses, den „korrekten“ Herrn Dr. Ferdinand¬
2033 3566 2928 3633 Schmidt hielt Maximilian Sladek geschickt und
2031 3629 2920 3680 taktvoll von allem äußerlichen Intrigantentum
2031 3654 2916 3707 frei. Direktor Lichos Regie zeugte, wie immer,
2041 3690 2932 3742 von Verständnis und künstlerischer Sorgfalt, die
2036 3727 2921 3792 freilich das Tempo ein wenig verschleppten und
2038 3759 2933 3819 nicht nur die Stimmung, sondern auch die Stim¬
2008 3800 2624 3883 men gar zu sehr dämpfen ließ.
