3436 4320
1363 160 1829 243 box 16/3
173 134 1233 265 10. Das Vernaechtnis
2208 737 2731 804 nmnmt. In den Parleiders
1370 756 2210 826 Seisten des neuen Reichstages persönlich er¬
2199 772 3144 847 1 Bebel als Vornigzender, Auer als Sekreint aus
569 780 2213 855 von China ist gestürzt worven, weit öffnen zu können. In Ergänzung dieser Mitthei¬
2206 824 2614 898 Gerisch als Kassirer.
384 843 1304 901 er seinen Unterthanen den Zopf abschneiden wollte.
1292 845 2212 899 ilung wird uns berichtet, daß der Kaiser es in dem
379 886 1302 940 wie Goethe und Karl August von Weimar es zu
1296 884 2208 944 Kronrath am Freitag vorab als seine Regenten¬
2529 881 2810 955 Ausland.
1296 925 2219 981 pflicht bezeichnete, den Reichstag in eigener Person
377 925 1307 990 Ende des vorigen Jahrhunderts mit den Deutschen
2270 939 3132 997 * Zur Streikbewegung in Paris sind uns
1293 942 2209 1027 zu eröffnen. Erwa drei Wochen hatte der Reise¬
374 976 1304 1042 gemacht haben. Zur Zeit Friedrich Wilhelms I.
2210 969 3140 1041 folgende telegraphische Nachrichten zugegangen:
1293 998 2216 1068 plan für den Abstecher des Kaiserpaares nach
376 1018 1302 1068 spielte der Zopf sogar bei der Eidesleistung eine
2214 1019 3134 1077 Die Erdarbeiter verpflichteten sich, die Arbeit erst
1306 1043 2211 1095 Egypten vorgesehen. Am 16. November sollte das
2210 1060 3140 1121 nach vollkommenem Siege wieder aufzunehmen.
383 1064 1296 1118 Rolle. Er war Rechtssymbol: der Schwörende
1304 1074 2220 1143 Kaiserpaar zu Schiff von Palästina nach Egypten
2283 1092 3134 1149 Nachmittags wurden verschiedene Versamm¬
369 1107 1299 1165 nahm ihn in die Hand und schwur „mit Hand
1298 1125 2217 1176 aufbrechen; am 17. November hätte dann erst die
2211 1130 3141 1194 lungen von Malern und Maurern abgehalten, in
374 1149 1030 1216 und Mund, mit Zopf und Brust“.
1295 1164 2218 1221 Ankunft in Egypten stattfinden können, so daß mit
2212 1171 3143 1232 welchen beschlossen wurde, beim Ausstand zu
424 1180 1300 1249 In Kreta wird bald Prinz Georg von Griechen¬
1294 1203 2210 1260 einer Rückkehr des Kaisers erst etwa um den
2440 1189 3194 1266 Die ausständigen Maler richteten D
2219 1206 2447 1278 verharren.
1297 1239 2213 1297 15. Dezember zu rechnen war. Nunmehr kann der
3124 1235 3219 1295 mi
385 1243 1305 1308 land nach dem Abzuge der türkischen Beamten und
2218 1239 3134 1321 ein Schreiben an den Minister=Präsidenten
1300 1268 2219 1328 Reichstag bereits in der dritten bis vierten Woche
3119 1273 3229 1330 der
379 1286 1309 1349 Truppen die Zügel ergreifen. Grundsätzlich läßt
2462 1287 3143 1354 nwelchem gegen die Rohheiten
2212 1285 2429 1361 Brisson,
1299 1305 2222 1368 des November zusammentreten und die parlamen¬
3135 1309 3242 1375 Ka
2713 1320 3138 1384 und der Minister
2210 1317 2722 1397 der Polizei protestirt
379 1336 1309 1383 sich manches dagegen anführen, aber zur Her¬
1306 1354 2215 1409 tarischen Arbeiten um ein Erhebliches fördern. Es
3121 1357 3235 1418 sto
2217 1356 3140 1441 ersucht wird, die nothwendigen Maßregeln
385 1375 1297 1434 stellung geordneter Zustände unter dem Schutze
3122 1386 3236 1447 bie
1303 1387 2222 1445 kommt dieses Mal noch hinzu, daß auch der
2210 1402 3144 1486 zu treffen, um diesen Zuständen ein Ende
378 1419 1304 1473 der vier Mächte giebt es keinen andern Weg. Die
3131 1427 3254 1492 Sa
1298 1439 2231 1488 preußische Landtag eine neue Legislaturperiode
2225 1435 3140 1497 zu machen, da anderenfalls die Verantwortlichkeit
388 1460 1304 1524 flüchtigen Kreter in Griechenland rüsten sich zur
1295 1471 2229 1530 mit einer arbeitsvollen Session beginnt. Wäre
3132 1473 3258 1530 Hei
2215 1486 3131 1547 für die Ereignisse ihm zur Last fallen würde. —
387 1504 1311 1568 Heimkehr. Die beharrliche Renitenz des Sultans
1307 1496 2230 1568 es bei dem ursprüglichen Reiseplan geblieben, so
3131 1515 3253 1571 geb
2219 1505 3149 1572 Die Ba iunternehmer lassen einen Aufruf an die
378 1543 1312 1613 muß vor dem kategorischen Willen des Zaren
1302 1548 2218 1604 wäre wegen des Weihnachtsfestes eine Eröffnung
3135 1553 3251 1599 am
2212 1551 3153 1630 Maurer veröffentlichen, in welchem es heißt, sie
1305 1591 2225 1656 durch den Kaiser auch nur im Januar thunlich
372 1579 1303 1661 weichen, weil die Pforte die alte Repressivmacht,
2223 1592 3143 1667 hätten an die öffentliche Gewalt die Aufforderung
1313 1623 2225 1692 gewesen. Unter der Konkurrenz der Berathungen
3139 1629 3251 1683 des
373 1634 1041 1709 Nikolaus der gefeierte Befreier ist.
2219 1640 3146 1710 gerichtet, die Freiheit der Arbeit zu schützen. Da
1319 1665 2221 1722 im Abgeordnetenhause hätte dann aber das Inter¬
3143 1672 3259 1729 seit
2219 1674 3142 1736 es scheine, daß diese Aufforderung Gehör gefunden
444 1670 1317 1734 Die Faschoda=Frage wird geordnet werden wie
1302 1704 2215 1762 esse für den Reichstag und dessen Arbeit erheblich
3140 1708 3267 1759 Der
2220 1717 3143 1774 habe, so forderten sie di. Arbeiter auf, am Montag
388 1719 1318 1790 die Niger=Frage. England büßt in den Ausgleichen
3129 1739 3259 1797 der
1310 1750 1507 1821 gelitten.
2214 1757 2845 1826 die Arbeit wieder aufzunehmen.
393 1768 1313 1822 mit Frankreich die Rücksichtslosigkeit, die es bei
3132 1777 3269 1849 drei
1369 1771 2231 1849 #t Im Mittelpunkt aller für die nächste Reichs¬
2270 1785 3150 1870 Seitens der größtentheils sozialistischen Pariser
391 1807 1311 1887 Iuteressenkonflikten mit kleineren Staaten geübt
3140 1813 3286 1893 Hein
1303 1820 2230 1885 tags=Session bestimmten Vorlagen werden die
2226 1838 3142 1903 Stadtverwaltung wird den Streikenden große
381 1857 1315 1910 hat. Auch im Sudan ist noch viel zu thun; El
1316 1864 2225 1926 großen Mehrforderungen für die Heeres¬
2226 1879 3142 1940 moralische Unterstützung gewährt. Der Munizipal¬
3133 1891 3283 1953 bettlö
381 1908 1311 1970 Obeid ist noch zu erobern, Schaaren von Der¬
1307 1904 2226 1958 verwaltung stehen, die theils beim Etat selbst,
2221 1925 3144 1981 rath faßte mit 55 gegen1 Stimme den Beschluß,
3137 1934 3286 1988 nieme
389 1948 1315 2003 wischen haben sich nach Süden gewendet, durch
1315 1936 2220 2003 theils in Gestalt eines besonderen Gesetzentwurfs
2227 1958 3143 2014 den Präsidenten des Seine=Departements zu er¬
3139 1982 3195 2031 B
1319 1984 2228 2044 zu erwarten sind. Es handelt sich dabei in erster
386 1979 1320 2040 sie kann der Major Macdonald auf seinem
2231 1992 3144 2057 suchen, er möge die Unternehmer auffordern, die
3152 2015 3210 2067 so
1310 2026 2233 2081 Linie um die Ernenerung bezw. Verlängerung des
383 2025 1310 2100 Marsche nach dem Nil abgefangen, der Frunzose
2220 2021 3150 2109 städtischen Arbeiten binnen 24 Stunden wieder
3207 2024 3313 2115 ite
1306 2066 2229 2122 Quinquennats unter wesentlicher Erhöhung der
396 2069 1319 2139 Marchand in Faschoda aufgehoben, der kongostaat¬
2228 2074 3136 2131 aufzunehmen und im Weigerungsfalle diese Ar¬
3135 2098 3319 2151 nach Ka
1317 2102 2197 2163 Friedenspräsenzziffer und unter Beibehaltung de
2229 2118 3155 2171 beiten auf Rechnung und Gefahr der Unternehmer
384 2118 1314 2170 liche Offizier Chaltin in Redja überwunden werden.
3146 2132 3319 2186 bei den
1319 2133 2231 2198 zweijährigen Dienstzeit, ferner um eine Vervoll¬
2222 2150 3152 2214 in eigener Regie ausführen lassen. — Wir schließen
396 2167 1315 2219 Statt über ungemessene Einflußgebiete sich zu
3148 2166 3329 2232 der Oef¬
1325 2177 2227 2237 ständigung der im vorigen Jahre aus den Halb¬
2230 2186 3143 2249 daran folgendes Privattelegramm, welches
3150 2219 3266 2263 als e
381 2199 1322 2285 zanken im Wahne, daß der Entwicklung von Jahr¬
1318 2209 2230 2280 batcillonen eröffneten neuen Bataillone auf den
2218 2225 3149 2304 bereits eine entscheidende Wendung zu Gunsten
3140 2248 3329 2314 besonde
384 2251 1314 2318 hunderten die Route festgelegt werden könnte, sollten
1316 2263 2225 2322 mittieren Etat, um eine Aenderung in der
2231 2285 2707 2345 der Arbeiter ankündigt:
3157 2288 3321 2342 stiftete.
385 2289 1320 2361 die Kulturstaaten sich gegenseitig bestens unter¬
1316 2293 2229 2356 Organisation der Feld=Artillerie und die
2290 2295 3153 2378 Paris, 8. Oktober, 10 Uhr 13 Min. Abends.
3137 2319 3330 2395 hohe Fr
1313 2316 2239 2390 Aufstellung von drei Telegraphen=Vataillonen.
388 2337 1311 2407 stützen. Die Abessinier sind kühle Beobachter des
2222 2353 3152 2419 (Von unserem F.=Korrespondenten.)
3146 2365 3328 2422 Zeit ih
1315 2372 2235 2442 Außerdem ist noch von der Heeresleitung die Um¬
395 2385 1318 2446 Verlaufs der Dinge, immer thatbereit, aber nicht
2220 2398 3157 2450 Der Seinepräfekt erklärte, der Beschluß des Pariser!
3142 2394 3331 2461 Dezemb
1319 2408 2234 2476 arbeitung der Militär=Transport=Ordnung fertig¬
385 2437 606 2504 umsonst.
2224 2426 3158 2486 Gemeinderaths, durch welchen die verlangte Lohn¬
3141 2439 3326 2500 setzung
1315 2451 2228 2509 gestellt und soll dem Reichstag zur Berathung
454 2457 1327 2526 Die bevorstehenden Landtagswahlen in Preußen
2230 2472 3153 2534 erhöhung den Erdarbeitern gewährleistet wird,
3142 2481 3331 2547 worden.
1324 2499 2236 2548 vorgelegt werden. — Von besonderer Bedeu¬
2225 2514 3159 2582 werde unverzüglich die Sanktion der Regierung
3195 2517 3344 2580 Uebe
386 2510 1324 2573 haben eine lebhafte, aber wirre und unstete Be¬
1320 2526 2233 2590 tung wird ferner die Novelle zur Ge¬
2233 2555 2449 2623 erhalten.
3145 2555 3330 2622 letzten
391 2552 1321 2620 wegung hervorgerufen, in der vielfach verwandte
1319 2572 2236 2631 werbeordnung sein, die vom Reichsamt des
3146 2595 3313 2658 aus Ke
2305 2596 3156 2666 * Die Steigerung der politischen Aufregung
400 2606 1324 2666 Elemente sich abstoßen und von Natur geschiedene
1325 2601 2233 2674 Innern dem Reichstage vorgelegt werden wird.
3152 2639 3341 2696 Prinzess
2231 2641 3165 2688 in Oesterreich hat in den dortigen Regierungs¬
1326 2626 2239 2698 Sie wird außer der in der Oeynhausener Kaiser¬
390 2644 1324 2721 sich verbinden. Monumentale Aussprüche wechseen
3153 2678 3342 2734 päßlichte
2232 2681 3166 2739 kreisen zu einer bemerkenswerthen Stellungnahme
1328 2682 2239 2746 rede angekündigten Verschärfung des § 153 wegen
396 2693 1334 2778 ab mit diplomatischen Erklärungen, Bilder von
2242 2710 3331 2784 gegen ausländische Agitatoren geführt. Man hat]Breslat##
1329 2717 2242 2780 Schutzes der Arbeitswilligen noch die Einführung
392 2738 1329 2798 großartiger Kühnheit tauchen auf vor unsern
3156 2753 3312 2807 erwie
2240 2757 3164 2814 an dem inländischen Zündstoff schon genug und
1327 2768 2235 2825 der Konzessionspflicht für das Gewerbe der Ge¬
403 2773 1333 2853 stannenden Blicken. Der einstmalige Abgeordnete
3150 2790 3317 2860 Erschs
2229 2797 3163 2852 verzichtet daher auf den Import dieses Artikels
1327 2794 2244 2856 findevermieher und Stellenvermittler, ferner die
402 2821 1322 2900 Graf Bethusy=Hue ist unsterblich durch seine Hy¬
3152 2838 3282 2888 nahr
2234 2832 3164 2884 aus fremden Staaten. Die amtliche Wiener
1319 2833 2245 2901 Einführung des Befähigungsnachweises für die
390 2854 1329 2938 perbel, die den Strom der Zeit bei der Stirnlocke
3156 2872 3295 2939 Mitt
2234 2873 3164 2933 Abendpost meldet darüber: Durch die wiederholt
1328 2875 2245 2935 Bauhandwerker, eine bessere Regelung der Arbeits¬
397 2897 1324 2968 greift, ein rheinisches Blatt hat ihm nachgeeifert
3161 2914 3278 2969 und
2247 2903 3156 2977 gemachte Erfahrung, daß sich fremde Staats¬
1329 2916 2245 2973 verhältnisse in der Konfektionsbranche und einige
3164 2948 3261 3002 Pri¬
2245 2951 3157 3005 angehörige an Versammlungen, die in hiesigem
399 2936 1326 3028 durch die Aeußerung: Wenn unsere Partei anders
1333 2955 2242 3018 andere Punkte enthalten. Auch eine Vorlage, die
3164 2996 3284 3055 Pur.
2237 2986 3164 3042 Lande abgehalten wurden, betheiligten, in denselben
1328 2998 2247 3053 eine grundlegende Umgestaltung des Patent¬
399 2992 1333 3072 handelte, so würde sie sich selbst an die Wand
2242 3029 3165 3085 als Redner auftraten und ihren antiösterreichischen
1334 3031 2246 3098 anwaltwesens bezweckt, wird dem Reichs¬
400 3035 1326 3097 drücken. Dieser Gedanke ist allerdings im Munde
2236 3068 3174 3133 Anschauungen Ausdruck gaben, hat das Ministerium
1332 3067 2245 3136 tage zugehen. Diese Novelle soll namentlich mittel¬
398 3083 1328 3147 des Volkes schon überholt durch den einem Hinter¬
2236 3101 3174 3158 des Innern die Unterbehörden angewiesen, künf¬
1331 3112 2240 3164 lose Erfinder, denen die verwickelten gesetzlichen
399 3111 1337 3187 treppen=Roman entnommenen pyramidalen: In
2247 3130 3174 3198 #tighin gegen solche Ausländer im Sinne des Ge¬
1327 3129 2247 3223 Bestimmungen über die Erlangung eines Patents
398 3149 1339 3229 seiner Wuth griff er sich bei den Brusthaaren und
2245 3176 3171 3241 setzes vorzugehen. Letzteres hat auch bezüglich der
1335 3191 2251 3248 nicht hinreichend bekannt sind und die auch nicht
399 3203 1341 3285 hielt sich mit steifem Arm aus dem Fenster hinaus.
2236 3207 3185 3271 Ausländer, die sich an Versammlungen politischen
1344 3232 2257 3292 über genügende Mittel zur Verwerthung eines
464 3249 1334 3311 Ein interassantes Fest in Italien, welches der
2236 3258 3170 3305 Charakters im Inlande zu betheiligen beabsichtigen,
1332 3264 2244 3323 erworbenen Patentes verfügen, vor einer Ausbeu¬
3159 3277 3297 3356 Bei
2246 3288 3169 3363 dann zu geschehen, wenn von diesen Fremden,
398 3295 1326 3366 Eröffnung eines neuen Ableitungskanals des Tra¬
1331 3304 2244 3366 #tung durch gewissenlose Patentanwälte nach Mög¬
3162 3317 3315 3387 erstak
2238 3339 3175 3400 nach ihrer bisher bekannten Haltung und Thätig¬
402 3342 1325 3423 simenischen Sees galt, ist vor wenigen Tagen began¬
1333 3356 1661 3421 lichkeit schützen.
3165 3369 3330 3432 einige
2250 3380 3162 3433 keit mit Grund zu besorgen ist, daß durch ihre
416 3376 1340 3455 gen worden. Es erregt die Aufmerksamkeit der¬
1431 3367 2257 3463 = Nach amtlicher Feststellung erhielten bei der
3171 3413 3323 3465 sein 1
2246 3414 3169 3476 Theilnahme an den Versammlungen die nationale
1340 3415 2249 3486 Reichstagsersatzwahl im siebenten Hannover¬
413 3427 1344 3512 jenigen, die sich für die neuen, großen Verkehrs¬
3162 3442 3310 3503 einer
2239 3456 3176 3502 Erregtheit und hierdurch das öffentliche Wohl ge¬
1347 3458 2254 3526 schen Wahlkreise von 13 550 abgegebenen Stimmen
417 3470 1337 3549 projekte interessiren, denn vor einigen Jahren be¬
3162 3490 3325 3553 viertel
2256 3493 3172 3547 fährdet würde. Nach den gesetzlichen Bestimmungen
1341 3495 2253 3572 Major a. D. v. Schele (Weise) 6686, Winterschul¬
413 3502 1348 3582 schäftigte die technische Welt lebhaft der Plan des
2244 3530 3323 3587 können solche Personen des Landes verwiesen! Schon
1342 3549 2261 3601 direktor Brandt (reichstreu ohne bestimmte Partei¬
414 3555 1356 3626 Architekten Bocca, das Tyrrhenische Meer mit dem
407 3629 3326 3683 Adriatischen durch einem Kanal zu verbinden, der stellung. Mitglied des Bundes der Landwirthe) werden. Die Erfahrung wird wohl erst lehren! Stadt,
