3484 4224
1381 135 1838 248 box 16/2
175 151 1229 271 10. Das Vernaechtnis
1023 1654 3187 1770 Bühne bewarb sich darum. Man bereitete ihm da und Kind sind ins Haus gekommen. Die Eltern
272 1711 771 1806 Wiener Brief.
1032 1735 3184 1811 und dort eine achtungsvolle Aufnahme. Seine halten correct das gegebene Wort. Mehr nicht. Das
298 1763 1025 1860 0## — 7. December.
1024 1788 3188 1860 „Liebelei“ wird in der ganzen Welt gegeben und sein Kind wird geliebt, die Mutter des Kindes geduldet.
1029 1838 3180 1895 neuestes Schauspiel „Vermächtniß“ ist wohl seine Mit psychologischer Feinheit hat der Dichter die
129 1826 1046 1910 ur Schnitzler ist wohl der Begabteste
134 1893 3177 1969 matischen Jung=Wiens. Lange Jahre hat beste Arbeit. In Berlin gab es einen ebenso herz= Seelenmalerei dramatisch herausgearbeitet. Da reißt
133 1925 3184 2003 er den blonden jungen Arzt gespöttelt, man haften Erfolg wie vor einigen Tagen am Wiener das Band entzwei, welches die Eliern nur lose an
129 1964 3188 2060 ehr von der mit absichtlicher Unabsichtlichkeit Burgtheater. Man stellt Schnitzler heute Sudermann die verwitwete Geliebte des Sohnes gebunden hält.
139 2034 3178 2102 tirne hineinfallenden Locke, als von seinen zunächst. Vielleicht ist er in dieser Reihenfolge nicht Das Kind stirbt. Das ist der zweite Act. Das Kind
140 2058 3183 2154 en Fähigkeiten. Ich weiß mich zu erinnern, lichtig placirt. Sudermann ist ein größerer Techniker, ist todt, die Gevatterschaft ist aus. Dieses Sprüchlein
2086 2123 3185 2187 verkörpert der dritte Act. Man nimmt keine Rücksicht
1026 2124 1740 2203 Schnitzler ist ein größerer Dichter.
146 2121 1045 2196 uns vor einigen Jahren in Baden die auf¬
1109 2169 3189 2233 „Das Vermächtniß“ hat vorn und hinten Mängel, mehr auf das unglückliche Frauenzimmer, das sich
133 2182 1062 2246 Nachricht erzählte, Schnitzler habe lich in
1035 2196 3176 2275 aber es ist eine famose Arbeit und von packender mit einem Male so überflüssig auf der Welt sieht und
141 2225 1048 2291 e Stirnlocke wegschneiden lassen. Die Sen¬
1036 2249 3181 2322 Wirkung, es ist technisch zu bekriteln, aber dem in den Tod geht. An der Leiche der Märtyrerin erhebt
132 2279 1046 2359 ing von Mund zu Mund, in einer halben
2095 2313 3190 2377 sich das Gericht über die Eltern des todten Sohnes.
1037 2322 2102 2386 Dichter ist die Anerkennung nicht zu versagen.
138 2329 1045 2393 wußte man sie in ganz Baden. Und doch
137 2359 3176 2434 wir es nicht glauben. Schnitzler ohne Stirn= Folgendes ist die Fabel: Ein junger Mann wird Es ist die eigene Tochter. Sie hält den Eltern die
124 2411 3175 2487 Einson ohne Haarschmuck! Es war ganz und sterbend zu seinen Eltern gebracht. Er hat einen verlogene gesellschaftliche Moral vor, welche sie zur
129 2472 3184 2536 ht möglich. Die Tochter Julius Bauer's letzten Wunsch. Man wird den Wunsch des Sterbenden grausamen Herzlosigkeit getrieben hat, sie verflucht
131 2498 3189 2579 Es übernehmen, an ihren eben in Ischl wei= in Ehren halten.. Der junge Mann hat eine Geliebte eine solche Moral; sie ladet den Tod des Mädchens.
121 2577 2719 2634 Water zu schreiben. Im Namen von ganz und ein Kind. Diese verlassenen zwei Wesen, die auf das Gewissen der Eltern.
2153 2594 3176 2654 Man kann sich darüber moquiren, daß jeder Act
1033 2597 2105 2654 Niemanden haben, wenn er stirbt, mögen die Eltern
124 2629 1042 2674 Wat sie ihn um Nachricht, ob es wahr sei, ob
2083 2631 3174 2705 mit einem Todesfall abschließt, daß der Zufall immer
1032 2647 2100 2708 ins Haus nehmen, sie gut halten, für sie sorgen. Das
133 2666 1046 2749 ich sei. Und Bauer antwortete seiner Tochter
1023 2688 3179 2762 ist ein großes Verlangen in den Augen der Menschen, eingreifen muß, um an der Bahre die Handlung vor¬
134 2706 591 2784 ungefähr Folgendes:
1024 2734 3179 2802 die sehr an die herkömmliche Moral halten, die sich wärts zu schieben, daß die vorurtheilsfreie Tochter
149 2741 807 2819 truhig, bleib ruhig, mein Kind,
1021 2798 3176 2855 vermöge ihrer gesellschaftlichen Position vornehm nicht früher gesprochen hat, aber man muß den Erfolg
143 2794 974 2872 hsäufelt in Schnitzler's Locke der Wind.“
130 2842 3173 2917 nitzler pflegte seine Locke welter und schrieb dünken, die eine große Tochter im Hause haben. Aber gutheißen der sich äußerlich besonders großartig ge¬
138 2888 3184 2962 Seine Sachen wurden gelesen, das Burg= angesichts des Todes leisten sie das Versprechen. Der gestaltete. Dazu mag auch beigetragen haben, daß der
143 2913 3181 3022 führte sie allgemach auf, die erste Berline lunge Mann ftirbt. Das ist der erste Act. Geliebte junge Doctor in der Wiener Gesellschaft gern gesehen
