3484 4256
1442 142 1892 249 box 16/2
241 165 1296 274 10. Das Vermaechtnis
384 1487 558 1659 Gyu
1364 1577 3311 1671 schließlich dreht sich der Spieß gegen den Dichter selber loren, nun wird sie auch von der Familie ihres Geliebten
530 1481 1247 1705 Jeuikketon.
1380 1639 3306 1716 um, er beweist genau das Gegentheil von dem, was er im Stich gelassen oder vielmehr hinausgebissen. Es
1372 1683 3302 1790 beweisen will. Die Handlung des „Vermächtnisses“ ist, in bleibt ihr nichts übrig — da sie nicht schlecht ist und
1379 1738 1996 1813 aller Kürze erzählt, die folgende:
489 1715 1303 1831 Wiener Theater.
2330 1757 3298 1854 nur aus Liebe zu Hugo gefehlt hat — den Tod in den
1461 1786 2347 1864 Hugo Losatti, der leichtlebige Sohn eines reichen
2333 1805 2867 1877 Wellen der Donan zu suchen.
483 1797 2347 1905 Der Première des neuesten Stückes von Art LuWiener Professors der Nationalökonomie, hat seit vier
2410 1856 3295 1933 Soweit die Handlung des Stückes, wenn man
377 1869 2328 1967 Schuitzler: „Das Vermächtniß“ sah „ganz Jahren ein Verhältniß mit dem hübschen Mädel aus der
2326 1882 3299 1986 eine Folge von Katastrophen, die jenscits des mensch¬
387 1919 1388 2005 Wien“ mit der lebhaftesten Spannung entgegen. Der
1371 1932 2342 2003 Vorstadt Toni Weber; er lebt mit ihr in „freier Liebe“,
2325 1952 3294 2031 lichen Willens liegen, eine dramatische Handlung nennen
387 1952 1377 2040 Abend des 30. November vereinigte im Burgtheater
1367 1970 2324 2052 sie haben schon ein Kind von vier Jahren. Da fällt
2330 2002 3295 2080 kann. Man sieht, Schnitzler hat die Fortsetzung seiner
382 1993 1373 2092 Alles, was sich nur für Literatur interessirt, Alt und
1367 2029 2328 2109 Hugo auf einem Spazierritt im Prater so unglücklich
2321 2042 3298 2116 „Liebelei“ geschrieben, die ihn, und mit gutem Rechte,
391 2051 1371 2136 Jung, denn Schnitzler ist derzeit der einzige „Jung¬
1368 2084 2337 2160 vom Pferd, daß er daran sterben muß. Aber in den
2324 2104 3300 2178 berühmt machte. Aber „Das Vermächtniß“ hat nicht die
395 2082 2338 2211 wiener“, der sich hüben und drüben Sympathien gesichert letzten Minuten, in denen wir ihn mit dem Tode ringend
2319 2151 3296 2236 elementare Kraft der „Liebelei“, weil es dem neuen
385 2155 2336 2257 hat, den auch die reservirtesten Conservativen als ein sehen, beschwört er Vater und Mutter und Schwester,
2325 2198 3293 2286 Stücke an der zwingenden Logik in der Tendenz man¬
386 2207 2344 2314 echtes dichterisches Talent anerkennen, wenn sie auch die gute, schöne aber unselbstständige Toni und das
2324 2249 3285 2323 gelt, die Schnitzler versicht. Er will zeigen, daß „die
382 2235 3290 2378 nicht Alles gontiren dürften, was Schnitzler's Muse zu Kind zumal nicht zu verlassen, sie zu sich zu nehmen und Gesellschaft“ feige, heuchlerisch, selbstsüchtig, hochmüthig,
387 2289 3295 2424 Tage gefördert hat. Der Erfolg war, wie ich schon gr= zu beschützen. Kaum ist ihm das versprochen, so stirbt herzlos ist. Das ist keine Neuigkeit; schon viele Dichter
387 2345 1378 2434 meldet habe, äußerlich gut, denn was das Parterre an
1360 2370 3289 2478 Hugo. Im zweiten Act sehen wir Toni — das bekannte haben das gezeigt, und es ist ebenso wahr, wie es auch
376 2381 1367 2466 Klatschen und Hervorrufen mochte fehlen lassen, das er¬
1369 2431 2323 2500 „süße Mädel“ Schnitzler's — als Witwe im Elternhause
2322 2446 3287 2523 gute Menschen, hochherzige Charaktere in der Welt so¬
387 2448 1370 2524 setzten die von jungen Enthusiasten besetzten Galerien
1360 2476 2315 2551 Hugo's einquartiert. Die Familie Losatti hat sich mit der
2324 2493 3296 2563 wohl, wie auch im Schnitzler'schen Stücke gibt. Aber
374 2496 2329 2604 umso reichlicher. Es ist aber nicht zu leugnen, daß das fatalen Thatsache der wilden Ehe ihres Hugo abgefunden,
2319 2542 3294 2617 wenn er diese sarkastische Zeichnung der schwachen
380 2555 2320 2646 neue Stück zwar besser als „Freiwild“, aber doch lange respectirt seinen letzten Wunsch, erträgt sogar die un¬
2316 2587 3292 2670 Charaktere, die unsere Salons füllen, dazu benützt, um
381 2588 2316 2700 nicht so gut, wie die „Liebelei“, ist, deren Erfolg Schnitzler liebenswürdige Haltung der sogenannten Gesellschaft, die
2313 2636 3296 2716 sein Ideal: die freie Liebe und das „süße Mädel“, zu
380 2631 2327 2747 leider nicht wieder erreichte. Er ist inzwischen ein sehr sich von den Losattis zurückzieht, weil sie durch ihr Ver¬
2312 2682 3289 2748 feiern und zu verklären, so wendet sich unser Gefühl
373 2671 3288 2824 gewandter Theatermann geworden, er weiß auch bei halten nachträglich eine wilde Ehe zu legitimiren scheinen,schließlich gegen den Dichter und den von ihm selig
378 2725 3289 2807 einem Minimum von Handlung zu fesseln, er führt einen] und Toni scheint sich so weit einleben zu können, obwohlgesprochenen Helden Hugo Losatti. Denn man sagte sich
378 2787 3288 2900 sehr hübschen Dialog, charakterisirt geistreich und mit man es an verletzenden Randglossen und Anzüglichkeiten am Schluße: eben darum, weil man schon vor vielen,
376 2830 3291 2959 vornehmer Discretion, er weiß die Scene mit Contrast=doch nicht ganz fehlen läßt. Hugo's Kind wächst seinen vielen Jahren die Erkenntniß von der Selbstsucht der
372 2884 3283 2958 figuren zu beleben und arbeitet seine Essecte sehr ge=f Großeltern an's Herz, und das versöhnt schließlich Alle. Familie, von der Bosheit der Menschen, von der Ge¬
364 2923 1352 3012 scheidt herans, mögen sie auch weitaus mehr rhetorischer
1354 2956 3295 3058 Aber dieses Kind stirbt nun auch seinem Vater nach und brechlichkeit des einzelnen Menschenlebens gewonnen
359 2975 1365 3064 als dichterischer Art sein. Aber man sagt sich: schade um
1347 3008 3302 3107 dessen Geliebte bleibt allein in der Familie zurück. Dal hatte, wurde das Institut der Ehe geschaffen. Durch
366 3022 3299 3099 so viel Können! Es wird einem unhaltbaren Gedankenlsteigern sich die Gegensätze. Toni hat wegen ihrer wilden strenge Gesetze sollten das Weib und das Kind vor der
356 3080 3291 3220 geopfert. Der Kern des „Vermächtnisses“ ist fanl und Ehe mit Hugo schon die Liebe ihres eigenen Vaters ver=] Gemeinheit der Welt geschützt werden und vor den un¬
