3392 4480
164 174 1827 288 10. Das Vernaechtnis box 16/4
590 836 1007 912 Telefon 12801.
294 931 1327 1032 Unternehmen für Zeitungs-Ausschnitte.
1171 976 1391 1068 Ausschmn
442 1016 1479 1169 „OBSERVER“ Nr. 72
129 1032 319 1164 105
115 1140 1535 1239 österr. behördi. conc. Bureau für Zeitungsberichte u. Personaluschrichten
248 1224 1362 1313 Wien, IX/1. Türkenstrasse 17.
476 1294 1137 1399 Filiale in Budapest: „Figyeld“
158 1361 1442 1472 Vertretungen in Berlin, Chicago, London, Newyork, Paris, Stockholm.
708 1384 1319 1582 Saneischer
112 1503 626 1592 Ausschnitt aus:
1069 1581 1448 1711 Atsue
116 1648 553 1751 vom’7¼ 77.
1277 1943 3247 1994 hörer schonungslos zieht. Es wird en masse ge¬ Diese mitunter staunenswerthe Leichucer der ein¬
544 1858 1016 2019 des Rruisiui.
1275 1970 3237 2047 storben, zuerst der Vater, dann das Kind, dann die zelnen Charaktere, diese köstliche Beobachtungsgabe
291 2000 1269 2088 Schauspiel in 3 Akten von Arthur Schnitzler.
1271 2033 2259 2081 Mutter. Der Vater auf der Chaiselongue auf
2246 2019 3238 2093 und Schilderungsfähigkeit.#lles das wird und
1275 2077 2252 2135 der Bühne, das Kind im Bettchen, die Mutter un¬
371 2067 1272 2132 Ss. Das Münchener Schauspielhaus eröffnete
2244 2069 3243 2134 muß wirken. Es hat #lch gestern das Publikum
1269 2126 2258 2174 bestimmt wo und wie. Alles das von einem aus
2248 2104 3230 2174 mächtig ergriffen, trotz einer, sagen wir es gleich,
290 2102 1271 2176 gestern unter den günstigsten Auspicien seine neue
1269 2166 2251 2221 Thränen, Liebschaft und Rücksichtslosigkeit bestehenden
2242 2160 3252 2226 durchaus nicht mustergiltigen, ja nur halbwegs
299 2159 1277 2227 Saison. Das Haus war laut Anschlag an der
1277 2206 3247 2264 Milieu umrahmt. Eine Attaque auf die Thränen= guten Darstellung. Zu loben an der Aufführung
281 2202 1277 2277 Kasse „ausverkauft“ und das Publikum zollte
1273 2235 3242 2308 brüsen, wobei der Zuschauer leider die Zwiebel war die Regie des Herrn Stollberg. Er traf den
284 2255 1280 2341 der Eröffnungsvorstellung warmen, wenn auch nicht
296 2288 694 2371 begeisterten Beifall.
1271 2287 3233 2361 mitbringen muß. Das macht die von Schnitzler] Ton des Schnitzler'schen Stückes ungemein charakter¬
2246 2346 3242 2397 istisch. Nur eine ausgesprochen wienerischere Färbung
383 2323 1273 2392 Die Direktion hatte zum Beginne des Spiel¬
1283 2343 2257 2391 aufgeworfene These, ob es für eine Familie eine
2250 2386 3242 2434 hätte das Ganze haben müssen, auch in der Sprache
1278 2389 2245 2439 Pflicht gegenüber der Mutter eines unehelichen
280 2370 1276 2464 jahres eine Novität von Schnitzler gewählt, der
2240 2418 3251 2493 fast aller Darsteller, ausgenommen Frl. v. Kroll
1275 2432 2249 2483 Kindes eines Sohnes, der auf dem Sterbebette
288 2437 1270 2497 sich in München durch seine „Liebelei“, sein „Freiwild“.
2240 2451 3250 2529 und Herrn Lang. Die Darstellung selbst war
1279 2472 2253 2541 Kind und Mutter seinen Eltern als letztes Ver¬
291 2477 1277 2532 und seinen mit dem „Grünen Kakadu“ gekrönten
2240 2515 3240 2577 wenig befriedigend. Echte, warme Herzenstöne
1273 2521 2254 2576 mächtniß an's Herz legt, gebe, etwas unerquicklich.
284 2521 1283 2584 Einaktercyklus einen außerordentlich wohlklingenden
2244 2559 3247 2622 brachten nur Fräulein Bré, Herr Rübsam
1275 2542 2268 2616 Dazu kommt die störende Unwahrscheinlichkeit
293 2563 1278 2620 Namen gemacht hat. „Das Vermächtniß“ ist das
2234 2598 3237 2674 und Herr Lang. Fräulein Lange hatte man¬
1269 2605 2257 2660 mancher Situation. Ich habe da ganz besonders
296 2610 1281 2671 schwächste Stück, das er geschrieben, allerdings nicht
2248 2632 3240 2701 chen hübschen Moment, sie war aber nicht
1270 2648 2259 2713 die Szenen im Auge, die sich am Sterbebette
286 2638 1278 2713 im Eutferntesten so schwach oder literarisch unbe¬
2247 2688 3236 2761 an der richtigen Stelle. Die Toni Weber fordert
1273 2694 2259 2747 Hugo's abspielen. Das, was da vorgeht, ist mehr
289 2692 1271 2749 deutend, daß es nicht die Konkurrenz mit einer Reihe
2243 2742 3228 2792 ein ganz anderes Talent. Diese Rolle müßte Frl.
1281 2737 1730 2803 als unwahrscheinlich,
1810 2731 2248 2801 detaillirt angesehen,
285 2737 1281 2799 Novitäten, welche unsere Hofbühne in letzter Saison
2237 2782 3233 2840 Müller spielen. Frl. Lange sah bildschön aus,
1282 2786 2245 2844 sogar ünmöglich. Das Stück enthält zur Steiger¬
292 2783 1277 2838 ihrem immer spärlicher werdenden Publikum vor¬
2252 2821 3237 2887 aber wie im „Cyrano“, man vermißte das Herz
290 2831 1272 2885 zusetzen beliebte, aushielte. Der Dramaturg der
1276 2831 2254 2886 ung der Unerquicklichkeit eine ganz und gar ab¬
2253 2860 3242 2928 und den Verstand. Man applandirte ihr, als sie
1276 2871 2253 2926 stoßende Figur, das ist die Person des Dr. Schmidt.
290 2878 1272 2934 Hofbühne erklärte es als dummes Stück, also für
2254 2913 3235 2971 Abschied nahm, wohl nur, weil sie im Augenver¬
290 2917 1275 2970 jeden Vernünftigen eine der denkbar günstigsten Em¬
1270 2909 2255 2968 Wo in aller Welt läßt sich eine Familie, deren
2242 2958 3223 3017 drehen anatomisch Verwunderliches leistete. Frl.
1268 2960 2253 3019 drei weibliche Glieder so davon überzeugt sind,
196 2944 1276 3039 # „pfehlungen. Wir sind hier wieder veraulaßt, zu
2248 2989 3229 3055 v. Kroll ist eine gute Schauspielerin mit einem
1272 2988 2254 3061 daß man der Mutter des Kindes ihres lieben
292 2995 1281 3059 bedauern, daß man dieses Dichterwerk, denn ein
183 3011 303 3078 100
2248 3043 3251 3106 weniger hübschen Sprachfehler. Frl. Zunzer
1270 3035 2251 3104 Bruders und Neffen ein Heim zu bieten habe, solche
293 3050 1271 3104 Dichter, einguter, ganzer Dichter spricht aus dem
192 3070 301 3118 200
2249 3086 3231 3144 sprach sehr hübsch, spielte keck wie ein Bub — aber
1275 3090 2246 3158 Taktlosigkeiten gefallen, wie sie der Verlobte Fran¬
288 3087 1273 3146 Werke zu uns, nicht an der Höfbühne zur Dar¬
184 3105 298 3156 500
2253 3134 3231 3185 mit der Figur im Sacco — das geht nicht. Herr
1266 3133 1974 3199 ziskas Dr. Schmidt, vorbringt!
290 3135 1275 3186 stellung brachte zumal gerade sie in der Lage ge¬
160 3145 307 3208 „ 1000
1318 3172 2248 3241 Schnitzler, der sein „Vermächtniß“ nach Wien ver¬
2247 3170 3228 3239 Schwartze hatte eine ungemein undankbare
298 3167 1275 3240 wesen wäre durch eine glänzende Besetzung die
224 3198 319 3260 Im
2247 3214 3232 3268 Aufgabe. Den Doktor kann nur ein erster Künstler
1281 3206 2252 3282 legt hat, hat sich in diesem Stücke trotz aller
115 3207 1275 3293 Adonnen zweifellosen Schwächen=des Stückes künstlerisch aus¬
1274 3257 2244 3315 Schwächen als echter Dichter erwiesen. Die Er¬
2245 3256 3237 3329 spielen. Das ist Herr Schwartze nicht. Ein Routinier
120 3264 1276 3355 Abonnent zugleichen. Wie hätte das Stück mit Frau Ramlo
2251 3308 3236 3373 ist noch kein Künstler. Herr Lind vergriff seine
1282 3309 2253 3367 findung ist eine echt dichterische, das Anschneiden einer
302 3310 1283 3385 als Emma Winter, mit Häusser als Professor
1273 3355 2247 3408 unsere Gesellschaft auf's Innigste berührenden und
2244 3344 3229 3417 Rolle fast völlig. Unfreiwillig komisch zu wirken
283 3354 1272 3404 Losatti, Frl. =Swoboda als Toni Weber und
2242 3398 3230 3458 ist gefährlich. Man lachte auch gestern bei den
1274 3402 2252 3465 sie charakterisirenden Frage, die Durchführung der
287 3392 1280 3463 Lützenkirchen als Doktor Schmidt gewirkt!
290 3437 1282 3510 Es hat nicht sollen sein — im Hause des Majors
1272 3448 3227 3507 Handlung, die Detailmalerei verrathen die starke ernstesten Worten dieses Professors. Am schlimmsten
2237 3472 3241 3541 war's um die beiden Mütterrollen bestellt. Weder
1268 3484 2260 3539 Begabung und das ausgesprochene Talent des
283 3485 888 3547 und Schlafwagenkontroleurs!
1266 3523 3229 3585 Autors. Dazu kommt für den relativ jungen Frau de Scheirder noch weniger Frau Fischer
385 3518 1282 3584 Schnitzler hat in seinem „Vermächtniß“ einen
1268 3569 3234 3632 Bühnenschriftsteller eine ungewöhnliche Vertrautheit genügten bescheidensten Ansprüchen. Man vermißte
282 3556 1274 3629 Irrweg betreten. Wir finden ihn, modern auf¬
1283 3612 3235 3692 mit dem, was bühnenwirksam ist. Ich kann mich Betty L'Arronge und hätte sie für zwei Rollen ge¬
295 3620 1273 3674 gepützt, zu unserem Erstaunen auf dem Pfade der
1268 3660 3223 3729 des Ausdruckes nicht enthalten, Schnitzler ist im braucht. Ein Wort der Anerkennung gebührt Herrn
286 3660 1275 3714 seligen Birch=Pfeiffer. Das Stück trieft vor
292 3706 1266 3761 Rührung, ein dießbezüglicher Tric löst den anderen
1268 3695 3237 3768 „Vermächtniß“, wie in keinem seiner anderen Stücke, Heller. Eine schwache Vorstellung, die dem
288 3750 3239 3814 ab. Verzeihen, vergessen, vergeben, lieb haben, das ein Virtuos der Mache. Diese Aktschlüsse mit all' Rufe des Schauspielhauses schaden kann, wenn sie
293 3797 2562 3861 sind die Register, welche Schnitzler für seine Zu¬ dem zu Ahnenden, Ungesagten und dech Gesagten!  sich wiederholt.
