3436 4384
1382 222 1835 310 box 16/5
186 229 1357 339 10. Das Vernaechtnis
1232 1095 1631 1181 Telephon 12.801.
680 1230 1444 1337 „OSSEN· E
528 1308 1626 1392 I. österr. beh. konz. Unternehmen für Zeitungs¬
747 1363 1428 1426 Ausschnitte und Bibliographie.
701 1418 1478 1503 Wien, I., Conoordiaplatz 4.
936 1498 1253 1556 Vertretungen
525 1525 1638 1605 Berlin, Brüssel, Budapest, Chicago, Cleveland, Christiania,
606 1589 1645 1638 . Kopenhagen, London, Madrid, Mailand, Minneapolls,
537 1615 1632 1671 Der-Vork, Paris, Rom, San Francisco, Stockholm, St. Potere¬
941 1660 1246 1714 burg, Toronto.
879 1698 1292 1752 (Ouellen##gene m dewtn.
525 1716 1447 1834 Ausschnitt aus: Der Tag, Serlis
749 1823 1049 1916 11. 10.1911
556 1892 721 1978 8
923 2086 1494 2182 „Das Vermächknis.
862 2177 1586 2229 Schauspiel in 3 Akten von Artur Schnitzler.
971 2223 1466 2312 Neues Volkstheater.
667 2303 1765 2375 Ein älterer, von romanhaften Empfindeleien umtrübter
682 2358 1760 2443 Schnitzler wurde dem dankbaren Publikum der Volksbühne
672 2409 1769 2480 vorgeführt, und man ließ sich durch Ermüdungen hindurch
672 2458 1771 2544 von den feineren Formen werbender Menschlichkeit willig
657 2512 1768 2591 sergreifen. Aber in dem traurigen Spiel hat nicht die
645 2554 1781 2656 poctische Eingebung, nicht das zarte Durchfühlen von Le¬
1776 1151 2874 1200 bensinhalten die Oberhand. Es überwiegt der laut ge¬
1785 1177 2873 1255 geschwätzige Ton, der breite Lärm der Katastrophen, um
1784 1233 2881 1302 deren Einwirkung es sich handelt, während ihre Schilderung
1785 1278 2875 1355 gegeben wird. Ein dreimaliges Aktschlußsterben zerrüttet
1788 1342 2886 1391 die Fasson der Handiung, Tränenbäche durchfluten das Stück
1791 1381 2882 1447 und machen die Minderen und Höheren gleich elend und be¬
1788 1436 2883 1491 jammernswert. Zu einer reinlichen Scheidung zwischen
1790 1468 2887 1538 aktiven und passiven Elementen, zwischen Schuldigen und
1787 1526 2876 1576 Duldenden kommt es nicht. Der verlogene Liberalismus
1786 1583 2886 1632 des Vaters unterliegt Schwankungen, die nicht immer im
1789 1617 2884 1687 Charakter begründet sind, die Güte der Mutter hat uner¬
1795 1687 2883 1727 klärliche Defekte, die redliche Gesinnung der Schwester be¬
1794 1710 2884 1779 darf dreier Akte, ehe sie sich zu einem sympathischen Ent¬
1789 1768 2883 1833 schluß aufrafft, und die Geliebte des verunglückten Sohnes
1797 1818 2885 1875 hat weder für ihre Aufnahme noch gegen ihre Verstoßung
1794 1858 2893 1922 dramatisch packende Argumente ins Treffen zu führen.
1787 1903 2877 1970 Bloß ein kalter Egoist von Schwiegersohn motiviert ein¬
1791 1953 2884 2018 heitlich seine übertriebenen Jämmerlichkeiten, ohne von der
1800 2018 2883 2074 Notwendigkeit seiner Mitwirkung zu überzeugen. Bei aller
1792 2051 2886 2114 Klarheit der Vorgänge ist es ein verwirrtes und vermischtes
1794 2110 2887 2169 Stück, in welchem Selbstverständliches mit Gemütsstärken,
1798 2148 2720 2225 Innerliches mit Zufälligem durcheinandergeraten.
1819 2179 2892 2262 Das Beste lebt in Episodenfiguren. Von entzückender
1794 2248 2887 2303 Weiblichkeit ist die Figur der Witwe, welche dem Verun¬
1791 2292 2881 2361 glückten so aufrichtig befreundet war, daß sie selbst den
1795 2358 2886 2421 Verdacht intimerer Beziehungen lächelnd erduldet. Anders
1798 2405 2885 2453 liebt denselben Mann ihre Tochter. Sie schmiegt sich an
1798 2435 2885 2502 seine Geliebte, solange das Kind des früh Gefallenen lebt.
1805 2481 2901 2552 Aber nachher schreckt sie ein instinktives Gefühl zurück, und
1789 2529 2905 2614 die Bundesgenossin des Schmerzes wird ihr plötzlich eine
1860 2904 2947 2943 Wildfremde. Unbewußte Mütterlichkeit sprach aus diesem
1854 2933 2956 2977 Mädchenmund, und es ist kein mißratenes Stück, in welchem
1857 2991 2800 3046 so bestrickende Züge der Menschlichkeit aufleuchten.
1893 3031 2952 3087 Fräulein Annelise Wagner hat in der zarten Rolle der
1857 3080 2946 3147 Verstörten, die zu offiziellen Tränen nicht legitimiert ist,
1860 3125 2950 3182 ihre knospende Begabung bestätigt. Gut fand ich noch die
1854 3172 2944 3228 Darstellerin der Mutter, Hedwig v. Lorée, die maßvoll und
1863 3221 2951 3289 ergreifend schluchzte. Auch die Toni der Jella Wagner
1852 3271 2957 3333 hatte wenigstens Wiener Kolorit. Die anderen waren
1850 3332 2951 3380 milieufremd, aber nicht wirkungsarm, manche allerdings
1857 3376 2954 3428 auch norddeutsch schwächlich. Die Regie arbeitete auf Er¬
1860 3429 2953 3480 schütterung. Er war ein verwundendes Bild, als sie im
1860 3462 2968 3530 Sterbezimmer in Lehnstühlen zusammenknickten, die Köpfe
1848 3512 2765 3574 an die Wand preßten und nach Fassung rangen.
2685 3561 2922 3647 Emil Faktor.
