3484 4384
1432 169 1883 254 box 16/6
212 176 1265 287 10. Das Vernaechtnis
1485 770 1876 844 BERG, THEATER.
2551 780 2696 853 809
700 862 1663 941 Arras. Da trifft Christian ein Schuss. Und nun, —
1714 863 2692 949 Tudenflinten. Aber, so faul die rein willkürliche
692 913 1683 967 seinen toten Kameraden kann der Held nicht ver¬
1711 921 2685 987 Vermischung dieser verschiedenen Motive, so ober¬
702 964 1683 1023 raten. Erst im Tode kommt das Geheimnis
1692 954 2698 1032 flächlich die Behandlung, so geistlos die Schürzung
693 997 1701 1054 über seine Lippen. Sentimental, wie der Stoff ist
1700 1016 2704 1065 und die Lösung des Knotens und so opportunistisch
701 1042 1689 1094 die Grundstimmung des Dramas, die aber erst im
1705 1045 2703 1115 der Schluss ist, das Stück ist doch so ausserordent¬
702 1079 1688 1134 letzten Akt durchbricht. Diese Stimmung, elegische
1701 1082 2704 1137 fich geschickt und in den einzelnen Auftritten mit
692 1122 1698 1173 Fröhlichkeit, giebt dem Werke den eigenen poet¬
1708 1128 2692 1175 Sso viel Raffinement gemacht, dass man von der
704 1161 1685 1203 ischen Reiz. Und auch die zierliche Anmut der
1706 1161 2699 1212 Szene nicht loskann, ob man sich auch keinen
698 1198 1696 1259 Verse, die in der Ubersetzung von Ludwig
1704 1202 2693 1260 Augenblick über die Hohlheit des Ganzen im Un¬
687 1230 1699 1292 Fulda!) auch im Deutschen einen reizenden Aus¬
1697 1237 2703 1291 klaren befindet. Ich kenne unter allen modernen
704 1277 1692 1331 druck findet. Der Dialog, und Alles, was zum Dra¬
1703 1282 2697 1338 ideutschen Dramatikern keinen, der die Technik der
693 1321 1689 1376 matischen gehört, ist ganz ungewöhnlich schwäch¬
1699 1327 2702 1372 Bühne so sicher und bewusst behandelt als Philippi.
701 1348 1694 1410 lich. Aber die Lieder und das lyrische Element in
1709 1367 2698 1415 Aesthetisch beleidigend ist an dem Stücke die Hin¬
701 1389 1694 1443 der Dichtung geben ihr einen Wert, der den fast
1695 1404 2691 1461 unterzerrung eines grossen historischen Vorgangs,
692 1440 1695 1499 wahnsinnigen Erfolg, welchen die Komödie in Frank¬
1699 1443 2697 1493 der durch die Persönlichkeit, durch Ort und Zeit
698 1483 1453 1536 reich gefunden hat, überdauern wird.
1708 1477 2694 1529 der Weltgeschichte angehört, in ein tieferes und
768 1493 1699 1565 Uber das andere, was uns bisher das Ausland
1712 1518 2693 1575 engeres Milieu des bürgerlichen Lebens, wodurch
701 1554 1690 1604 bescheert hat, ist wenig zu sagen. Erwähnt sei das
1708 1557 2699 1606 alles verschoben, kleinlich und peinlich wird: Bis¬
693 1596 1691 1641 Ehebruchs- und Kokotten-Schauspiel „Zasa“ von
1705 1599 2700 1636 Frarck als Generaldirektor einer grossen Gewehr¬
694 1630 1692 1671 Pierre Berton und Charles Simon, das mit
1704 1636 2700 1696 fabrik! Als ob durch solche Milicuverschiebung
706 1669 1694 1708 billigen und schlechten Mitteln auf dem Felde des
1712 1681 2703 1744 der Fall symbolisiert, typisiert oder erklärt werden
690 1703 1695 1759 jüngeren Dramas erntet, ohne dessen Kunst und
1716 1710 1885 1770 könnte!
698 1741 1693 1791 mit einer noch viel grösseren Theater-Verlogenheit.
1763 1730 2702 1809 Ein-beachtenswertes satirisches Talent hat die
698 1788 1691 1840 Das Ganze ein widernatürliches Gemisch von
1720 1791 2688 1843 „Neue Freie Volksbühne“ eingeführt in Kurt Aram,
694 1817 1687 1871 Lüsternheit und Sentimentalität. — Eine technisch¬
1713 1837 2681 1879 der insder Bauernkomödie „Die Agrarkommission“
694 1859 1690 1920 noch unreife, aber poetisch zum Teil recht feine
1705 1874 2696 1927 eine prachtvolle Burleske soziale: Beglückungsver¬
692 1914 1688 1961 Arbeit bot uns Björnsons Sohn, Björn, mit
1710 1914 2703 1952 suche seitens der Regierung u. bäurischer Verschmitzt¬
697 1941 1685 1998 seiner Erstlingserbeit „Johanna“. Ohne Originalität
1706 1947 2706 2003 heit geschaffen hat. Die Komik liegt allerdings rein
698 1986 1696 2025 (wir hören lbsen, Björnson, Jacobsen, Sudermann,
1700 1980 2696 2038 in der Situation, die Charakteristik ist konventionell,
691 2022 1694 2082 Halbe, Hauptmann und die Reden der Frauenver¬
1696 2030 2696 2084 hinsichtlich der dramatischen Mittel ist die Komödie
695 2060 1695 2112 samimlungen aus diesem Schauspiele heraus), ist es
1705 2071 2688 2123 ganz unzulänglich. Es treibt zwar die Situation zur
694 2100 1687 2161 doch interessant durch die Behandlung des Problems,
1699 2119 2697 2159 Entwicklung während die Menschen und ihre Re¬
700 2144 1685 2196 die Charakteristik, trotz manchem Schablonhaften,
1701 2146 2699 2198 den etwas Konstantes haben, Unreife Szenen und
701 2184 1689 2231 und reizvoll durch die Stimmung, aus der der Kon¬
1708 2179 2693 2245 Unbehülflichkeiten in der Verschmelzung von Hand¬
695 2226 1688 2277 flikt sich herauslöst. Und beachtenswert ist, dass
1706 2220 2691 2285 lung und Menschen ver aten den Anfänger, der
698 2260 1689 2302 das künstlerisch Wahre schliesslich durch das Ten¬
1708 2264 2703 2309 sic als erfindungsreichen und kräftigen Humoristen
690 2299 2696 2367 denziöse des Dramas immer wieder hindurchdringt. Gar erwiesen hat, als Dramatiker aber noch seine
694 2342 1680 2399 Es ist eine Art Sonnenaufgangsschauspiel der Frauen¬
1692 2341 2252 2413 Palentprobe ablegen muss.
1738 2358 2698 2433 Den Realisten voran ging diesmal Arthur
692 2404 2688 2473 freiung einer jüngeren Künstlerin aus den Fesselg ESchnitzler mit dem Schauspiel: „Das Vermächt¬
695 2459 1636 2513 des kleinbürgerlichen Lebens und den altbiblisch“
1693 2465 2698 2520 Sit“. In Theaterkreisen freilich erzählt man sich,
704 2499 1615 2545 Traditionen hinsichtlich der gesellschaftlichen
1692 2496 2710 2551 s Stück sei gar nicht von Schnitzler, sondern von
697 2527 1725 2597 ung der Frau. Johanna ist Künstlerin, sozus#
1714 2535 2703 2599 einer verarmten Gouvernante, der er in kindlicher
698 2575 1673 2629 Vollblut, mit einem Diener Gottes vor Anker, d.
1724 2572 2700 2632 Pietät zu helfen versuchte, indem er das peinlich
691 2617 1699 2669 sie ist verlobt mit einem Kandidaten der Theologie.
1687 2618 2692 2673 #triviale und sentimentale Werk ein wenig auf¬
694 2658 1695 2710 der ihr, wiewohl sie flügge ist, das Fliegen ver¬
1706 2660 2701 2704 besserte und mit seinem Namen versah. Der Er¬
694 2695 1682 2746 wehren will. Das der Konflikt. Dem Drama aber
1703 2688 2701 2747 folg war jedenfalls, dass sich die Direktoren dar¬
699 2738 1694 2785 fehlt es an Konturen, und es gehört zu den vielen
1691 2744 2702 2788 1 nach rissen. Wie dem auch sei, ich selbst möchte
706 2779 1686 2821 modernen Stücken, die durch Stimmung erseizen
1702 2775 2693 2817 die Version nicht einmal für recht wahrscheinlich
706 2800 1695 2859 wollen, was ihnen an Handlung fehlt. Es giebt ein
1699 2808 2692 2875 halten, das Stück taugt nichts, ob es nun Schnitzler
701 2840 1680 2909 äusserliches und ein innerliches Drama, das äusser¬
1699 2844 2700 2916 oder seine Gouvernante sich abgerungen hat, ob
690 2892 1684 2946 liche aber ist immer wo anders, als wo das inner¬
1698 2897 2696 2949 es ein Jugend- oder ein Nachwerk ist. Bis auf eine
701 2934 1681 2984 liche ist, und das äusserliche ist es, welches schliess¬
1692 2941 2697 2985 Rolle, die mit viel Laune und guter Menschen¬
688 2974 1595 3030 lich dem innerlichen das Wort abschneidet.?)
1696 2967 2702 3027 kenntnis gezeichnete Figur des Professors Losatti
753 3006 1696 3063 Fin Stück, das die Geister bewegt, ist auch von
1751 3017 2689 3060 Hjalmar Ekdal ins Wienerische übersetzt — da¬
694 3050 1685 3094 deutschen Dramatikern noch nicht in diesem Jahre
1704 3053 2697 3099 von indes abgesehen, — der Moralphiliströsität ganzer
701 3084 1680 3142 ans Licht der Lampen gebracht. Ein geschichtes,
1704 3089 2705 3145 lammer packt Einen an. Unwahr das Problem: des
700 3139 1695 3184 aber nicht erfreuliches Schauspiel ist die durch das
1702 3131 2687 3173 Professors Sohn stirbt plötzlich und hinterlässt seiner
709 3172 1690 3224 „Litterarische Vermittlungsbüreau“ in Hamburg 1892
1707 3164 2705 3228 Familie als Vermächtnis einen unehelichen Jungen
693 3206 1692 3263 preisgekrönte „Olle“ von Friedrich Gustav
1699 3208 2697 3268 und eine Geliebte, mit der er in Treue und Züch¬
699 3255 1680 3303 Triesch. Ein gequältes Motiv (die Schuld der
1699 3253 2697 3300 ten gelebt wie mit einem rechtmässig angetrauten
1710 3290 2700 3347 Weibe. Und darüber der Zank und die Aufregung
702 3291 1695 3326 Mutter), peinliche Szenen und eine Dramatik, die
704 3328 1688 3380 aus Romanen ebgezogen ist, sozusagen die Abstrak¬
1700 3321 2696 3376 in der Familie, erst um das Kind, dann um die
704 3366 1692 3428 tion aufregender Romanszenen: der typische Irrtum
1692 3370 2698 3427 Mutter. Und dann stirbt das Kind, und dann wie¬
696 3407 1682 3457 der modernen Dramatiker über das eigentlich
1700 3407 2696 3447 der der Zank um die Mutter. Erstens, weil sich
698 3450 1686 3500 Dramatische. — Diesem aber kommen die richtigen
1695 3448 2700 3498 das nicht schickt, zweitens, was die Leute dazu
697 3488 1685 3543 Theatermänner viel näher; z. B. Felix Philippi,
1703 3482 2698 3536 sagen werden, und drittens, weil man es überhaupt
697 3528 1680 3575 dieser aktuelle Dramatiker, dessen Muse der Zeit¬
1691 3528 2691 3585 gar nicht nötig hat, für sie zu sorgen. Die Triviali¬
1695 3563 2681 3604 tät der Reden und Repliken ist ordentlich peinigend.
701 3565 1682 3615 skandal ist. Er hat den Aerzte - Streit um Kaiser
692 3606 1685 3656 Friedrich zu einem Drama verarbeitet. Sein neuestes
1700 3603 2695 3650 Das ganze eine kontinuierliche menschliche und
1697 3643 2690 3701 künstlerische Taktlosigkeit. Ungeschickt ist auch
696 3641 1684 3691 Schauspiel „Das Erbe“ behlandelt den Fall Bis¬
690 3683 1688 3749 marck im Königreich Stumm, angeschossen von den
1687 3681 2698 3725 die Technik: Das Thema auf drei Tellern serviert
1701 3723 2697 3768 (drei Akte). Dieses technische Unvermögen hat
1707 3759 2677 3804 wahrscheinlich das Gerücht veranlasst, dass Schnitz¬
742 3748 1676 3825 1 Stuttgart, Verlag der J. G. Cotta’schen Buchhdlg. Nachfl.
1682 3803 2685 3853 ler, der doch schon tüchtige Proben dramatischer
754 3812 1564 3870 9 München, Leipzig, Paris. Verlag von A. Langen.
