3344 4320
1475 225 1938 322 box 36/1
155 238 1338 346 1. Panphlets offprints
2416 873 2515 945 155
1417 880 1945 973 Dramatische Rundschau.
845 975 2532 1054 im unklaren ist. Der Freund hilft ihr wohl Gefühl, das, wie aus Herzenstiefen kommend,
151 993 473 1063 er dieses Wenige
835 1036 2525 1096 kollegial in die rote Robe der Professorin, aber den ebenen Fluß der Gedanken durchpulst. Es
157 1054 468 1105 pfinden für einen
843 1061 2529 1127 als es gilt, ein Eheweib zu wählen, bleiben scheint, als habe eigenstes schmerzlich=glückliches
149 1093 477 1152 hr von Handwerk
842 1116 2530 1177 seine Augen an der reizenden Mädchenaumut Erleben etwas von seinem Herzblut in diesen
167 1136 478 1192 ein Mensch von
846 1152 2528 1224 ihren jüngeren Schwester Bettina haften, deren Akt hineinströmen lassen, und deshalb gehen von
155 1178 462 1235 stten im Betruge“
1687 1193 2529 1254 ihm wirklich leise Schauer aus, die an unser
848 1218 1681 1267 hausmütterliches Seelchen vom Hauche des ge¬
146 1223 480 1278 8 Wertes verliert.
1690 1228 2537 1304 Innerstes rühren. Nur schade, daß sie sich aus
848 1265 1687 1315 lehrten Hauses vollständig unberührt geblieben
156 1269 469 1322 ren Künstler und
1697 1281 2530 1341 dem Vorausgehenden nicht organisch herleiten las¬
843 1302 1688 1359 ist. Indes das junge Paar gen Padua in sein
156 1303 477 1363 Wenn wir Toten
1704 1322 2535 1391 sen, und daß sie die innere Struktur des Stückes
837 1339 1686 1393 neues Heim zieht, bleibt die gelehrte Novella,
157 1351 477 1411 für diesen schlich¬
1704 1366 2533 1427 eher zerbrechen als folgerichtig fortsetzen und ab¬
849 1383 1676 1440 um das Glück ihres Lebens betrogen, einsam
158 1399 482 1454 then in gewissem
1698 1421 2527 1476 schließen. Trotzdem, denk' ich, sollten wir uns sol¬
850 1428 1692 1478 bei ihren juristischen Büchern zurück. Schlösse
180 1437 483 1496 aber Schnitzler,
1689 1459 2528 1512 cher Werke, die mit so viel liebevoller Sorgsam¬
850 1472 1679 1533 das Drama hier, wie man sich nach seiner An¬
159 1476 472 1539 igenen Augen ge¬
1694 1494 2535 1562 keit, Behutsamkeit und tüchtigem Können gearbei¬
845 1519 1683 1570 lage und seinem Tone fast vermuten möchte, so
179 1523 483 1580 as Wunder, das
1697 1537 2542 1606 tet sind, im Interesse unserers Theaters freuen.
854 1556 1690 1615 wäre es eine Komödie geworden, die einer
176 1568 483 1625 Verwaiste, dem
1702 1582 2537 1643 Sie kommen ihm verständnisvoll entgegen, ohne
846 1592 1688 1651 satirischen Spitze gegen die Gelehrsamkeitsge¬
186 1614 474 1669 iten, geht nicht
1705 1627 2534 1695 sich ihm liebedienerisch zu unterwerfen; sie regen
843 1644 1689 1694 lüste der Frau nicht entbehrt hätte. Aber aus
189 1655 465 1709 mit ihm, dem
1707 1676 2534 1731 mit ihrer bunten Fülle die Zuhörer an, ohne
854 1684 1695 1739 dem Schwanke von der gefoppten Professorin
175 1688 444 1757 er von ihnen ha
1709 1714 2541 1773 rohen Instinkten der schaulustigen Menge zu
855 1730 1692 1783 sollte ein ernstes Schauspiel werden, das von
216 1741 460 1792 ofür er leben
1695 1749 2540 1823 frönen; sie wehren, was vielleicht ihr Haupt¬
846 1771 1690 1825 dem einzelnen Falle zu allgemein menschlicher
223 1779 435 1840 eiden innerlic
1702 1792 2541 1857 verdienst ist, dem weiteren Umsichgreifen der skru¬
859 1820 1698 1877 Bedeutung emporsteigt. So ward den drei ersten
1701 1832 2535 1911 pellosen Effektstücke, die ohne ihr Dazwischenkom¬
851 1858 1694 1922 Akten ein vierter hinzugefügi, der mit den vor¬
260 1869 429 1921 Licht, wen
1693 1882 2534 1954 men sich noch weit anmaßender in der Publikums¬
863 1896 1689 1969 ausgehenden nur lose verknüpft erscheint und
204 1913 434 1967 is, das Trau
849 1953 1334 2013 eigentlich ein ganz neues
295 1952 388 2005 zur E
855 1989 1329 2051 Thema aufnimmt. Leider
371 2000 429 2049 selb
269 1995 374 2055 ückes
862 2040 1332 2097 ist Zeit und Raum zu
208 2038 462 2094 stande — das
262 2080 469 2140 er die Me¬
850 2079 1326 2137 knapp, um es wirklich zu
861 2124 1319 2178 gestalten; sonst könnte die¬
284 2123 466 2189 tunde, eh'
859 2162 1321 2225 ses zweite Drama die ei¬
256 2172 463 2230 ins auf ...
862 2207 1333 2264 was tändelnde Grazie des
231 2208 478 2270 Lien der Ge¬
862 2253 1325 2312 ersten leicht auch drama¬
250 2251 482 2312 ch nicht ver¬
861 2294 1335 2347 tisch in Schatten stellen,
233 2302 476 2356 eganzen ver¬
867 2338 1330 2395 wie es sie dem Gedan¬
221 2339 478 2400 nifernung von
862 2379 1324 2437 ken= und Stimmungsgehalt
259 2381 474 2442 zum Nach¬
861 2422 1333 2481 nach tatsächlich in Schatten
250 2422 480 2486 Künstlermen¬
864 2467 1338 2530 stellt. Der letzte Aufzug
237 2472 478 2532 Genüssen des
863 2503 1335 2570 spielt zehn Jahre später:
268 2516 476 2577 eradezu an
864 2553 1338 2610 Sangiorgio kommt zum
257 2559 480 2613 Von Lud¬
863 2589 1327 2650 Besuch bei der einsamen
232 2595 481 2659 in Schauspiel
856 2639 1337 2702 verbitterten Novella und
249 2644 472 2701 be bei J. G.
863 2683 1339 2740 gesteht ihr, wie an der
241 2686 481 2744 Burgtheater
874 2719 1334 2780 Seite der kleingeistigen,
215 2725 488 2786 man das nicht
864 2758 1339 2817 spießbürgerlichen Bettina
219 2773 480 2829 ichter um das
870 2814 1329 2875 auch sein einst so flug¬
202 2812 490 2871 tto bemüht hat.
860 2848 1330 2913 stolzer Sinn zu Neste ge¬
227 2859 486 2915 = und Frauen¬
866 2905 1342 2953 krochen sei. Wie Novella
265 2902 479 2957 es dreizehn¬
859 2933 1344 2998 bei ihren Büchern, so hat
326 2946 475 3001 #ir nicht
1620 2928 1856 3036 5
870 2980 1326 3037 auch er bei seinem Haus¬
375 2988 474 3044 echts¬
1685 2974 1986 3069 S
867 3025 1337 3083 mütterchen nur eitel Ent¬
409 3035 461 3086 der
1580 3031 1780 3137 1
1664 3007 2005 3174 0
869 3064 1341 3128 täuschung und Bitternis
868 3110 1340 3171 erfahren. So klein und
876 3152 1340 3212 wenig renaissancehaft zwei
1811 3159 1935 3247 #
869 3201 1335 3255 Geister sein mögen, die sich
880 3239 1351 3295 durch eine Herzensirrung
866 3287 1334 3335 die Zügel ihrer Persönlich¬
874 3324 1341 3383 keit uld Selbstbestimmung
871 3367 1340 3427 aus den Händen winden
877 3411 1341 3467 lassen, in diesem letzten
1458 3445 2425 3520 Jenny Groß in der Titelrolle des Lustspiels „Maria Theresia“
870 3452 1355 3511 Akte spricht doch ein ech¬
1730 3489 2178 3551 von Franz von Schönthan.
867 3494 1340 3556 ter Dichter zu uns. Ich
867 3538 1356 3594 denke dabei viel weniger
877 3546 2542 3640 an die Sprache und die Verse, die sich hier über gunst sonnen würden, als sie es ohnedies tun.
883 3597 2550 3678 die bei Fulda selbstverständliche Glätte und Sau= Gewiß ist einem Fulda die Bühne kein heiliger
870 3643 2560 3701 berkeit zu oft schönen und edlen Bildern erheben, Boden, der zu „etwas Höherem“ geweiht werden
879 3687 2560 3778 als an die warme Empfindung und das echte müßte, sondern nur ein willkommener Tummelplatz
