3344 4320
1950 153 2301 228 —
1461 231 1912 336 box 36/1
118 243 1320 351 1. Panb, ets offprints
989 869 1101 951 Mig
1532 874 2129 1013 De
677 1004 1948 1106 Mes  Am W IEINAA
886 1514 1845 1595 Dramatische Rundschau
1330 1602 1437 1689 Von
1187 1676 1590 1756 Friedrich Düsel
671 1815 2211 1884 ichts tritt im Gepräge unserer modernen zu versinken und darüber den Gang der Haupt¬
671 1882 2221 1932 Literatur deutlicher hervor als der Drang handlung zu vergessen. In der Natur des deut¬
537 1926 1385 1982 AZunserer Dichter und Schriftsteller zum
1391 1931 2219 1986 schen Menschen seien Eigenschaften, die den cha¬
538 1972 1387 2020 Drama und Theater. Das ist mittlerweile ein
1389 1970 2235 2015 rakteristischen Eigentümlichkeiten des Dramatikers
538 2008 1374 2058 so festgewurzelter Glaubenssatz geworden, daß es
1387 2016 2221 2067 widersprechen: er ist nachdenklich beschaulich statt
539 2057 1374 2108 fast wie ein Frevel erscheint, auch nur den leise¬
1377 2059 2225 2104 impulsiv temperamentvoll; je tieser seine Emp¬
535 2100 1375 2158 sten Zweifel daran zu äußern. Trotzdem wird,
1386 2099 2226 2147 findung, um so lebhafter ist sein Bedürfnis, sie
542 2141 1370 2190 wer näher zusieht, die äußerlich unbestreitbare
1391 2141 2226 2196 stumm in sich zu verbergen, während es für den
539 2186 1374 2233 Tatsache ihrem inneren Wahrheitsgehalt nach
1391 2189 2223 2249 Dramatiker eine Lebensbedingung, sie laut von
543 2224 1372 2270 einschränken müssen. Schriftsteller mag es
1391 2228 2220 2301 sich zu geben. „Der Deutsche dichtet in sich
532 2271 1374 2325 heute mehr denn genug geben, die, den Theater
1378 2276 2095 2324 hinein, der Dramatiker aus sich heraus.“
532 2309 1391 2371 einmal verfallen, dem Theater auch treu bleiben
1407 2314 2226 2364 Und trotz alledem dieser Drang der Deutschen
545 2359 1372 2406 und ihre dramatischen Gaben, seien sie nun an¬
1384 2362 2218 2405 zum Drama und Theater! Vergebens sucht Wil¬
539 2398 1379 2450 geboren oder anerzogen, für die Bühne und ihre
1391 2405 2227 2459 denbruch ihn sich zu erklären. Er fühlt, daß
533 2443 1373 2493 Forderungen bewußt und konsequent auszubilden
1389 2449 2217 2497 weder äußerliche Gründe, wie die raschere und
543 2488 1372 2537 wissen. Ja, wir haben Beispiele — ich erinnere
1389 2489 2219 2543 leichtere Arbeit, die der Dramatiker vor dem
545 2519 1370 2582 nur an Sudermann —, die uns zeigen, wie ein
1391 2530 2217 2585 Romandichter oder Novellisten voraus hat, oder
541 2563 1372 2630 Schriftsteller seine Begabung für Roman oder
1388 2572 2226 2621 die Aussicht auf schnelleren und reicheren Lohn,
542 2610 1383 2657 Novelle, Lyrik oder Epik mit schier gesuchter
1382 2611 2220 2670 noch innere, wie der dem Menschen eingeborene
540 2649 1378 2698 Grausamkeit in sich abtötet, nur um desto freier
1377 2650 2217 2719 Tantalusfluch, nach unerreichbaren Früchten zu
545 2693 1368 2749 und ungehemmter der Stimme seines dramati¬
1376 2701 2218 2750 greifen, die merkwürdige Erscheinung erklären.
536 2742 1378 2796 schen Talentes nachgehen zu können. Bei un¬
1385 2746 2215 2785 Sie läßt sich meiner Meinung nach auch gar nicht
540 2787 1370 2843 seren Dichtern stellt sich das Bild aber doch
1370 2788 2221 2833 begründen, denn dieser Drang zum Theater, so¬
543 2822 889 2878 etwas anders dar.
1371 2825 2209 2880 weit er unsere wirklichen Dichter, nicht bloß un¬
581 2849 1375 2923 Nicht mit Unrecht hat Ernst von Wildenbruch
1387 2870 2221 2941 sere dramatischen Handwerker angeht, ist eine
542 2908 1374 2967 kürzlich in einer Betrachtung über die Frage:
1384 2914 2219 2973 Trugerscheinung, eine Phantasmagorie, die sich
547 2956 2222 3004 „Brauchen wir ein Bayreuth des Schauspiels?“ selbst auflöst, sobald man ihr näher tritt. Man
540 2997 1371 3047 gegenüber anderen Meinungen hervorgehoben,
1387 3001 2216 3049 blicke die Strecken unserer nationalen Literatur
536 3038 1363 3088 daß die dramatische Kunst den Deutschen eigent¬
1374 3039 2218 3100 zurück bis zu der klassischen Periode des vorver¬
540 3077 1369 3132 lich keineswegs angeboren sei, wenigstens so lange
1377 3086 2227 3132 gangenen Jahrhunderts — wo ist der Dichter,
538 3126 1371 3172 man daran festhalte, daß das Lebensgesetz der
1379 3130 2213 3181 der stetig und folgestreng den dramatischen Nerv
535 3165 1377 3213 dramatischen Kunst nicht in der charakteristischen
1389 3171 2219 3213 in sich ausgebildet hätte, der der dramatischen
543 3209 2221 3261 Ausarbeitung der Einzelgestalt, sondern in der Bühne, wie sie ist, allein mit den in ihr selbst
537 3261 2225 3305 Fabel und in deren architektonischem Aufbau liegenden und von ihr selbst dargebotenen Mit¬
542 3302 1375 3348 ruhe. Dramatik, führt er aus, und jeder wird
1382 3304 2226 3350 teln gedient hätte, der nicht an irgend einem
548 3336 1379 3389 fühlen, wie der immer gleich Ehrliche und Mu¬
1375 3344 2226 3398 Punkte seiner Entwickelung, falls sie nicht vor
534 3382 1373 3428 #tige hier zugleich über sich selbst Gerichtstag hält,
1376 3381 2226 3445 der Zeit abgebrochen wurde, wider den Stachel
544 3426 1369 3464 Dramatik ist die Kunst der mageren Linie, des
1380 3426 2218 3476 zu lecken versucht und das Theater durch, wie
535 3471 1370 3525 straffen Umrisses, der symmetrischen Komposition.
1381 3474 2225 3516 er glaubte, höhere, seinem natürlichen Kreise
534 3517 1380 3563 Unser deutscher Genius dagegen neigt instinktiv
1389 3512 2227 3571 fremde Kunstmittel zu enttheatern gestrebt hätte?
537 3557 1379 3605 nach der entgegengesetzten Seite, zur breit aus¬
1386 3555 2228 3616 Von Goethe, der mit dem „Götz“ begann und
550 3591 1373 3652 malenden Stimmung, zur weichen, satten Farbe;
1383 3600 2225 3652 mit dem zweiten „Faust“ schloß, darf ich wohl
533 3643 2213 3688 er liebt es, im einzelnen berauschenden Moment schweigen. Aber selbst der Dichter des „Tell“
3268 3448 3309 3501 eh
3110 3490 3326 3543 ischen Epik 1
2774 3491 2954 3543 Bogen das
2728 3526 3316 3592 zwischen Dramatik und Lyrik nicht
2721 3556 3328 3632 zu respektieren brauchen. Die M
2718 3620 3327 3668 Oskar Wilde, Wedekind und — Ha
2722 3660 3290 3721 Dichter des „Armen Heinrich“
2731 3711 3323 3775 Bernd“, sind, wenn nicht Beweise,
3245 999 3294 1063 #4
