3484 4224
1172 73 2228 164 Pehenscherttchehtrepngen-anmene.
1022 143 2231 225 eihre Wirkung durch die Stimmung, die über ihren gewaltsamen
1012 188 2227 274 Einaetern lag „Der 24. Februar“ von Werner, „Der 29. Fe¬
1013 241 2242 326 bruar“ von Müllner). Und dient nicht auch der leichte, heitere
1022 293 2239 373 französische Schwankeinaeter, der lever du rilenn dazu, die
1008 337 2232 420 fröhliche Stimmung im Hause zu erwecken? Im Ausnützen der
1003 386 2235 478 komischen Stimmung, der Situationsstimmung, wie ich sie nennen
1009 444 1689 507 möchte, sind die Franzosen Meister.
1132 477 2236 570 Durch den starken Gehalt an Stimmungsreizen bekommt
1005 536 2222 610 der Einacter, der höhere Ansprüche erhebt, als den Gaumen zu
1009 577 2232 671 kitzeln, ein lyrisches Element. Auch dieses mag zu seinem rechten
1002 629 2230 706 Wesen gehören. Aber auf den Anspruch, durch Handlung tiefer
1010 692 2223 757 zu wirken, muß er, glauve ich, verzichten. Die dramatische
1010 735 2224 813 Handlung braucht einen Raum zur Entfaltun, ihres Apparates,
999 788 2227 865 den ihr der Einacter nicht gewähren kann. Der Handlungs¬
996 851 2214 914 einacter hat immer einen geringeren ästhetischen Werth gehabt,
997 889 2221 962 als der Stimmungseinacter. Leider sind sich die wenigsten Dichter
1004 927 2220 994 über das Wesen des Einacters klar. Sie suchen möglichst viel
999 975 2231 1056 Handlung in seinen Rahmen zu stopfen. Sie versäumen oder
1008 1024 2226 1101 sie verkürzen die Motivirung, sie wirken grell und brutal durch
996 1073 2214 1151 die Häufung des Thatsächlichen, sie geben dramatisirte Roman¬
991 1126 2224 1208 endeapitel wie z. B. Heyse, der leider fruchtbarste Einacterdichter
995 1182 1709 1241 unserer Zeit, dies mit Vorliebe thut.
1110 1227 2215 1316 Die Einacterabende, die die Theater zuweilen veranstalten,
987 1293 2209 1355 können aus Gründen, die nach dem eben Gesagten wohl klar
990 1344 2213 1415 geworden sein dürften, meistens keinen reinen, künstlerischen Ein¬
994 1385 2202 1470 druck erzielen. Es sei denn, daß die Einacter ein Gemeinsames
993 1427 2216 1489 bilden, durch einen leitenden Gedanken zusammengehalten werden.
994 1472 2216 1551 Die Stimmung des einen Stückes stört die des nächsten oder
981 1523 2211 1598 hebt sie gar auf. Die Exposition eines Stückes — und auch
987 1585 2200 1659 eine Stimmung verlangt eine gewisse exponirende Vorbereitung
1052 1624 2204 1709 stellt psychische Anforderungen an ein Publicum, denen es
972 1661 2210 1756 dreimal in einem Abend nicht gewachsen ist. Einer Exposition
988 1726 2196 1806 zu folgen ist gewiß die größte geistige Anstreugung, die ein
978 1784 2207 1857 Theaterpublicum leisten muß. Es leistet sie widerwillig und nur
981 1825 2195 1909 der Kraft des Dichters gehorchend. Je öfter diese Anstrengung
976 1877 2201 1950 gefordert wird, desto müder wird das Puvlicum. Und Ermüdung
976 1930 1798 2013 ist der schlimmste Feind des Kunstgenusses.
1082 2029 2190 2131 Die drei Einacter von Arthur Schnitzler, die am
974 2117 2194 2197 1. März im Burgtheater zum ersten Male gegeben wurden, sind
977 2156 1847 2224 eben so viele Beispiele für das eben Gesagte.
1104 2198 2184 2272 „Die Gefährtin“ ist das poctisch werthvollste unter den
965 2254 2195 2334 Dreien — eben durch die wehmüthige Erkenntnisstimmung, die
962 2312 2188 2384 über der Seene liegt. Aber das Stückchen scheint zuerst novellistisch
974 2367 1865 2431 gebacht und entworfen zu sein. Es wirtt aush
965 2407 1776 2476 wie eine jener dialogisirten Novellen der
1790 2406 2166 2478 sentinental morali¬
973 2453 1732 2524 strenden, seinnervigen Pariser Romuneier#
1869 2464 2172 2526 in ihrer Kunst¬
966 2518 2191 2595 gattung unter den „Deutschen nue der geistesnenoandte Schnitler
1081 2600 2186 2671 „Paracelsus“ leidet unter allen Fehlern des Einaciers,
962 2649 2185 2731 der durch originelle und interessante Handlung wirken will und
973 2686 2184 2777 nicht wirken kann, weil die psychologischen Noraussetzungen keinen
975 2740 2173 2834 Spiekraum haben. Nebenbei gesagt konnte das Publikum die
984 2802 2188 2878 Ebengali=Kunststücke des Helden bereits aus Millöcker's Sieben
1006 2842 1171 2904 chwabin
1283 2843 1817 2911 8 Theia des Mannet, der
2073 2862 2167 2923 nose
1096 2889 1343 2962 bibes dir B
1495 2895 2185 2982 fahren will hat Schnitzter in einer
1126 2938 1408 3004 eines „Anatol“
1234 2989 1406 3055 grüne #
1110 3039 1295 3101 ungsbile
976 3083 1390 3154 Liben und Beweguse
1020 3232 1063 3286 ese
984 3475 1063 3536 Wür
1081 3447 1239 3539 Schade
1062 3532 1112 3589 71
1080 3560 2106 3650 Allen drei Stücken gemeinant ist die virtuose Techn
969 3607 1654 3692 Allen drei Stücken gemeinsam ist 5
1727 3634 2116 3713 chnitzter eigenthämlich
952 3670 1127 3736 vn Mir
1345 3679 1657 3747 Steile wiederholt
1905 3697 2016 3753 rachtn
968 3716 1048 3787 Wli
1128 3724 1449 3793 dir herzenskalt¬
1526 3734 1577 3791 845
1354 3780 1560 3846 burchgehent
1095 3821 1557 3879 bot im „Grunen Kakad
953 3864 1719 3946 Meisterleistung. Man glaubte, Sonnenthal
968 3914 1527 3992 den Keon ereirte wiederzusehe
1132 3971 1559 4038 erstenenntoreisahnrenn
