3436 4256
468 144 609 210 Der
688 166 1289 242 ruene Kakadu
216 134 1294 281 9. 3 40  ee e eeee
1364 184 1858 279 box 15/4
513 917 1390 1007 RIDAY, OCTOBER 10, 1930.
1212 1050 1923 1125 tocrats who frequent the troupe's
508 1033 1182 1131 CIVIC THEATRE CIVES
1215 1098 1914 1155 cellar headquarters, This actor impro¬
1225 1124 1899 1184 vises a tense dramatic situation, cul¬
531 1104 1204 1197 THE GREEN COCKATOO‘
1226 1158 1913 1222 minating in the murder of one of his
1219 1181 1907 1250 Fwife's innumerable lovers, only to
1214 1213 1904 1281 find that the situation has its coun¬
511 1222 1205 1319 Eva Le Gallienne’s Company Pre¬
1219 1263 1900 1306 terpart in what is sometimes jocular¬
1227 1286 1915 1342 ly called real life. When, in a jealous
564 1300 1179 1380 sents Exuberant Mob Scene
1208 1312 1904 1379 rage, he actually murders the lover,
1211 1354 1904 1416 an aristocrat, he is, to his bewilder¬
650 1355 1085 1446 in Schnitzler Play.
1208 1394 1899 1438 ment, hailed as a revolutionary hero.
1242 1421 1904 1465 The action is set against a back¬
1212 1444 1906 1510 ground that is colorful and lively and
537 1460 1205 1530 As the first new production of its
1226 1487 1904 1540 a good piece of visual production,
503 1509 1201 1578 fifth season under the guidance of
1226 1512 1907 1569 but never manages to be very porten¬
1226 1546 1907 1597 tous, as vou have a feeling it should.
510 1548 1207 1615 Eva Le Gallienne, the Civic Reper¬
1212 1576 1901 1636 In the röle of the actor, Jacob Ben¬
511 1581 1197 1655 tory Theatre last night added Ar¬
1210 1617 1908 1668 Ami last night gave a performance
507 1611 1203 1700 thur Schnitzler’s oneract play,The
1217 1644 1906 1699 in which his adherents found much
1215 1676 1901 1738 to applaud. Egon Brecher was at his
516 1673 1195 1732 Green Cockatoo,“to its bills. The
1206 1707 1903 1757 best as the gruff host of the wine¬
511 1720 1200 1774 piece served as a longish and tumul¬
1216 1740 1902 1801 room playhouse and the others who
513 1759 1202 1822 tous curtain-raiser forThe Lady
1219 1775 1908 1840 populated the play were picturesque
1213 1808 1672 1852 or flamboyant, or both.
498 1783 1204 1857 From Alfaqueque, whose pleasant
501 1831 1202 1895 Hispanie charms have graced the
490 1858 1213 1951 programs in Fourteenth Street since
566 1913 785 1967 iv in 1929.
509 1916 1200 2008 The Green Coakatoo“ 18 à play
491 1981 1204 2043 set against the cataclysmic pan¬
488 2013 1184 2066 orama of the French Revolution, a
487 2053 1195 2102 play which, in fact, reaches its ironic
486 2085 1194 2129 climax as the howling mobs pour
486 2104 1205 2179 from the storming of the Bastille
485 2143 1200 2198 into the wine cellar where the action
490 2179 1198 2231 takes place. Last night, in their en¬
485 2217 1211 2258 thusiasm, these howling mobs also
483 2236 1200 2295 stormed Herr Schnitzler’s superior
481 2266 1194 2323 chromo, and the result was that its
488 2296 1193 2357 sardonic and often sinister aspects
492 2332 1199 2395 were lost in the exuberance of a
478 2357 901 2402 Thespians’ field day.
516 2397 1187 2450 The leading figure of the play is an
1367 2383 1907 2458 Americen febrew
471 2430 1181 2479 actor performing with a troupe of
483 2461 1190 2512 menacing vagabonds, who specialize
1376 2445 1750 2527 -Cat 24-5 0
476 2491 1183 2550 in the extempore drama to the de¬
2655 2499 2746 2544 Ge
482 2521 1180 2583 light of the spineless, foppish aris¬
1415 2515 2735 2597 s a curtain raiser to Dhe Lady From Alfaqueque, that light little story of
1315 2528 2733 2597 a gullible Spanish lady’s idealization of her birthplace, which you will
1323 2588 2722 2655 probably remember from last year, The Civic Repertory ogers Schnitzler’s
1330 2623 2719 2699 Dhe Green Cockatoo. We enjoyed The Lody From Alfaqueque, but the other
1321 2661 2731 2733 piece is certainly not Schnitzler at his best. It is a tale told to the background
1326 2699 2723 2778 of the French Revolution, evolving ultimately that famous situation in which
1323 2733 2724 2813 tlie tragedy the actor plays become reality in his own life. The Green Cockatoo
1318 2765 2735 2835 is the name of a wine cellar where the aristocracy of Paris comes to play with
1314 2811 2727 2877 the lower depths. Little scenes of horror are staged which the audience, at
1315 2853 2718 2928 least the audience on the stage, are supposed to relish hugely. The ster of the
1318 2894 2719 2971 company is Henri, played by Jacob Ben-Ami without great success. Henri
1322 2932 2732 3003 promises his chef d’oeuvre for this evening, by the chain of circumstance the#
1313 2956 2732 3055 grief which he mimics assumes reality, the çonventional red capped mob rushes
1317 3003 2248 3070 in, and the curtain falls. It is all very slight stuff.
