3436 4256
1942 149 2387 244 box 16/1
1069 156 1168 227 ak
186 163 1790 270 9. 4. Der gruehe K-adu zyklus
1124 1390 1915 1493 Klose & Seidel
1084 1463 1992 1547 Bureau für Zeitungsausschnitte. =
1028 1530 2014 1601 Berlin NO 43, Georgenkirchplatz 21 1.
1129 1639 1920 1717 (Liest die meisten Zeitungen und ist das
1122 1706 1932 1776 bestorganisierte Bureau Deutschlands.)
973 1814 2036 1893 Zeitung: Leipz. Neueste Nachrichten
978 1906 1109 1991 Ort:
1674 1911 1954 2000 Leipzig
1809 2036 2034 2120 —
982 2051 1745 2135 Datum:
1398 2082 1789 2196 1 9.Maliun
1014 2180 2127 2250 Berliner Schnißler=Feiern. Unsek Berliner K. Pr. N
902 2224 2190 2284 Mitarbeiter schreibt uns: Zwei Berliner Bühnen haben des füns¬
908 2280 2176 2332 zigsten Geburtstages Arthur Schnitzlers gedacht und den Wiener
906 2325 2191 2371 Dichter durchAufführmgenemer Werke geehrt. Das „Neue
902 2362 2178 2410 Völkstheater“ hatte den graziösen Schnitzlerschen Einakter
908 2399 2180 2460 „Literatur“ und die „Liebelei“ auf den Spielplan gesetzt —
903 2421 2198 2492 durch eine Aufführung der „Liebelei“ will übrigens auch Direktor
912 2479 2185 2532 Barnowski den Dichter im „Kleinen Theater“ noch feiern —, indes
913 2516 2196 2573 sich das Charlottenburger „Schiller=Theater“ für jene drei
907 2551 2197 2611 Einakter entschied, die Schnitzlers Namen in seiner ersten Schaffens¬
910 2592 2189 2655 spanne vielleicht am glanzvollsten bestrahlt hatten. Das Programm
909 2643 2192 2691 war umso glücklicher gewählt, als in der Tat Schnitzlers ganzes Wesen
889 2688 2175 2770 in seiner dichterischen Mannigsaltigkeit und Sonderart gerade durch
895 2772 2173 2812 diese drei Stückchen bestrahlt wird. In der „Gefährtin“ lauschte
888 2792 2179 2849 man dem leisen, strengen Seelenerforscher, der beobachtend und pose¬
899 2829 2176 2877 los wie kein Zweiter, zwischen den Menschen unserer Zeit und ihren
906 2874 2169 2921 Schmerzen und Spielen von Mann zu Weib steht, im „Paracel¬
901 2910 2167 2976 sus“ schimmerte seine hohe Kunst, Symbole auf helldunklem Hinter¬
902 2963 2162 3013 grunde, in jener weisheitsatten Marionettenart, fast holzschnitiartig,
898 2996 2158 3046 zu malen, wie sie oft ja auch in seinen Novellen, im „Puppenspieler“,
899 3016 2173 3094 im „Großen Würstel“ wiederkehrt, und endlich legte die Groteske
904 3082 2173 3137 „Der grüne Kakadu“ Zeugnis für die Meisterschaft Schnitzlers
907 3115 2168 3167 ab, verschollene Epochen, ihr Zeitkolorit wieder lebendig zu machen,
912 3159 2172 3213 Gruppen grandios zu bewegen, wie er's ja auch im „Schleier der
906 3198 2181 3246 Beatrice“ im „Jungen Medardus“ vor allem gekonnt hat. Und so
912 3231 2174 3285 ruhte der Abglanz von Schnitzlers edler, in all ihrem Schaffen kultur¬
907 3277 2181 3331 durchströmter Persönlichkeit über dem ganzen Abend. Gewiß haben
913 3309 2183 3371 früher „Burgtheater“ und „Lessingtheater“ die gleichen Aufführungen
910 3349 2182 3404 mit mächtigerer schauspielerischer Wirkung gebracht. Aber immerhin
915 3399 2183 3457 fand auch das „Schillertheater“ einen anständigen, harmonisch ruhigen
909 3434 2173 3489 Ton und über den Schlußszenen in der Spelunke Prospires im
907 3487 2174 3550 „Grünen Kakadn“ flammte sogar wirklich der lohende Schein der vor¬
2143 3498 2227 3573 *
898 3522 1694 3588 gemalten, jäh hereinstürzenden Revolution.
