3436 4256
2076 187 2565 297 box 15/5
317 206 2003 310 9•4. DerBruene KakaduZykIns
1922 1390 2044 1483 K
1473 1468 3394 1556 unterirdischen Laufe der Gedanken und Gefühle nach. Frau habe seinen Assisteuten geliebt. „Gla
1480 1520 3367 1582 Er hypnotisirt die Jugendgeliebte, befiehlt ihr zu daß ich vor zehn Jahren irgend welche
702 1470 1250 1605 Feuisleton.
1475 1561 3355 1638 sprechen, und sie enthüllt das Sehnen des Herzens hatte? Das wäre recht thöricht, wenn
1480 1606 3386 1700 nach dem Stelldichein mit einem Junker, der für sie Frau nimmt, die um zwanzig Jahre jünge
1479 1673 3348 1761 schwärmt. Paracelsus suggerirt ihr, daß die Zusammen=wußte ganz gut, daß mir höchstens
785 1578 1435 1795 Tehrater. I0C4)
1483 1723 3330 1786 kunft stattgefunden habe. „Unschuldig und dochzwei schöne Jahre bevorstehen. Aber..
1488 1770 2525 1843 schuldig, da sie's glaubt, keusch und doch unkeusch,
2512 1779 3384 1848 ist nicht lang genug, daß man ohneweiters
422 1766 1480 1863 Hofburgtheater: „Paracelsus“, Schauspiel in einem
1477 1809 3379 1888 da sie in den Sinnen von wilden Gluten die Er= Jahr des Glücks verzichten bürfte.“ De
425 1851 1480 1912 Acte. — „Die Gefährtin“, Schauspiel in einem Acte.
1490 1877 3362 1934 inn'rung trägt“ so will sie Paracelsus, denn er ist tritt, von einer Reise zurückgekehrt, ein
431 1889 1482 1961 — „Der grüne Kakadu“, Groteske in einem Acte von
1481 1922 2525 1992 erbittert, „sieht er solche Frauen, geschaffen, hoher
2519 1927 3381 2002 dem Professor mit, er sei seit einem Jahr
417 1935 1479 2028 Arthur Schnitzler. Zum ersten Male aufgeführt am 1. März.
1481 1973 2518 2040 Menschen Glück zu sein, an einen Gauch weggeworfen.
2518 1960 3380 2040 verlobt. Erst jetzt dürfe er davon sprechen
530 2007 3380 2083 Drei kleine, aber nicht federleichte Stücke hat Euch nehmen wollt' ich sie, doch keinem geben, rein balo wieder zu seiner Braut reisen. Der
437 2042 3375 2137 Arthur Schnitzler jüngst aufführen lassen. Sie geben soll sie bleiben — nur für Euch beschmutzt". Der ist darüber empört, daß der Doctor die
432 2118 1495 2179 zu sehen, zu hören und zu denten. Sie haben Per¬
1481 2123 2521 2186 Dünkelvolle bereut, Paracelsus ist ein guter Prinz,
2519 2126 3376 2199 Frau ... betrogen habe, und weist ihm
421 2174 1491 2240 spective; man sieht über den dramatischen Zaun hinaus.
1478 2172 2526 2228 er heißt die schöne Frau Alles vergessen, was
2524 2180 3342 2246 „Ich hätte Dich vom Boden aufgehoben,
434 2215 2526 2286 Schnitzler ist Freund des Wahren, und dennoch forscht er ihr eingeredet, und die Sonne leuchtet
2524 2226 3352 2312 der Schmerz gebrochen hätte, aber Du
422 2257 2521 2341 er immer nach dem Wunderbaren in der Natur. Er wieder in dem Basler Bürgerhause, in welchem
2525 2270 3380 2343 Deiner Dirne gemacht. . . .“ Die Freundin
429 2319 2525 2389 glaubt nur, was er sieht, möchte aber gern mehr sehen. die Strafe des Philisters vollzogen werden
2518 2334 3384 2385 Professor auf: „Was die Frau für ihn wa
432 2372 2359 2420 Am Schlusse des Stückes „Paracelsus“ fragt eine sollte. — „War's Ernst, war's Spiel?“
2406 2380 2538 2447 „Es
2514 2382 3375 2448 gewußt. Er hat sie weder betrogen, noch
424 2418 1487 2486 Person: „Bevor Ihr geht, erklärt Euch, denn ver¬
1477 2424 3393 2491 war ein Spiel, was sollt' es anders sein?“ wird auf seine Heirat war sie seit lange vorber
419 2465 1477 2527 wirrt laßt Ihr uns alle hier zurück. War's Ernst?
1477 2475 2528 2537 geantwortet. Der Dichter hat ein Recht so zu
2521 2483 3383 2557 auf etwas, das sich von selbst versteht, u
428 2528 1483 2589 War's Spiel?“ Paracelsus antwortet: „Ein Sinn wird
1472 2532 2520 2600 sprechen ..., der Arzt aber sollte nicht hinzusetzen:
2517 2530 3390 2612 ihr's schrieb, hat sie so wenig um ihn
437 2568 1477 2636 nur von dem gesunden, der ihn sucht!“ Suchen wir.
1471 2580 2508 2646 „Was ist nicht Spiel, das wir auf Erden treiben?“
2514 2574 2894 2643 als er um sie!“
2905 2574 3361 2651 — Der Professor ist
482 2621 1482 2690 Hohenheim, genannt Paracelsus, kommt zu Beginn
1478 2624 2515 2704 Indessen wir haben es in diesem Stücke mehr mit
2513 2627 3356 2685 Diese Hypertrophie des Natürlichen ist
419 2651 1485 2736 des 16. Johrhundert nach Basel, wo er jung gewesen,
1479 2676 2465 2756 dem Dichter zu thun, dem der Arzt nur assistirt.
2514 2676 3383 2753 Naturalisten etwas zu stark. Was wollte
427 2730 1485 2785 zurück. Die Geliebte ist die Frau eines reichen Raths¬
1525 2727 2521 2785 „Die Gefährtin“ führt in unsere Tage.
2516 2735 3377 2792 zeigen? Welch unverbesserliche Idealisten die
430 2778 1482 2829 herrn geworden, der sich eisenfest im Besitze seines
1477 2788 2525 2846 „Herbstabend des letzten Jahres“ sagt Schnitzler. Die
2522 2786 3202 2850 sind,wenn sie sich auch
3201 2779 3338 2845 auf
427 2827 1482 2895 Weibes dünkt, seines Heims und Handwerks und auf
1478 2830 2515 2889 Frau eines Professors starb und wurde begraben.
2517 2821 3393 2894 Beobachter und Kenner der Naturges
426 2862 1485 2951 den fahrenden Arzt mit gnädigem Mitleiden herab¬
1473 2883 2521 2945 Eine Freundin bittet, ein Päckchen nachgelassener
2523 2882 3389 2948 spielen? Das wäre noch das Annehmbarste
428 2920 1487 2987 sieht. Er fürchtet Erinnerung und Schwärmerei nicht,
1469 2935 2521 2993 Briefe aus dem Schreibtische der Geschiedenen nehmen
2525 2937 3391 2998 Experimente der Beleuchtung des Inn
423 2980 1475 3031 denn „vom Gegenwärtigen umschlossen und ge¬
1470 2986 2525 3046 zu dürfen. Der Professor möge verzichten, den Inhalt
2525 2966 3379 3040 Menschen mit Röntgen-Strahlen. Uns ist
430 3028 2518 3090 bändigt ist das Weib". Gleich einem Quellen= zu sehen. Der Mann erklärt, nicht forschen
2519 3039 3388 3094 „Gefährtin“ das Gespenst des Verismus. L#
435 3076 3388 3149 sucher geht nun Parcelsus mit der Ruthe dem zu wollen, denn er kenne das Geheimniß. Die die Frau aus dem Spiele, daß ein Ma
