3484 4256
1421 224 1842 310 box 15/3
440 233 1285 303 Der Fruene Kakadu
199 240 1257 332 g. 3   e
1595 904 2478 963 wild und erregend war der Eindruck früher nie.
1602 958 2491 1009 Spiel und Ernst, Illusion und Wahrheit flossen
682 950 1426 1051 Strindberg und Schnitzler
1591 1009 2486 1056 in kunstvollen Verschlingungen durcheinander.
1008 1015 1570 1108 im Lessing=Theater.
1595 1037 2488 1094 Das Getricbe in der sonderbaren Kneipe von
1594 1079 2482 1143 höchster Lebendigkeit, kng gegliedert und doch
696 1093 1560 1199 „Fränlein Julie.“ — „Der grüne Kakadu.“
1591 1142 2485 1200 vollendet natürlich. Die Darstellung ging vor¬
1603 1166 2484 1243 züglich mit. Frau Duricux war hier die
735 1176 1580 1257 Gerabe in den Tagen, da es bekannt wird,
1603 1231 2489 1275 Herzogin, die mit Mann und Galan in den be¬
680 1225 1579 1292 daß man den Lessingtheater=Direktor Viktor
1599 1252 2477 1329 rüchtigten Keller steigt. Hanns Fischer der
696 1278 1578 1324 Barnowsky meuchlings ausgemietet hat
1603 1294 2494 1360 Direktor der Mimen, die dort Mörder und Diebe
697 1328 1576 1379 (fürs Jahr 1924), beweist er aufs neue, wie ehr¬
1598 1349 2484 1416 spielen. Klöpfer der echte Strolch, der sich
690 1354 1578 1434 lich und eiservoll er bemüht ist, Otto Brahms'
1606 1385 2499 1464 zu ihnen verirrt. Der Geistreichtum des Dialegs
705 1400 1585 1461 Erbe würdig zu verwalten. Strindbergs
1603 1431 2509 1505 und die weltgeschichtliche Größe seines Hinter¬
708 1447 1585 1514 „Fräulein Zulie“ ist für uns noch mit der
1601 1450 2541 1559 grundes wurden goazös und erschreckend nahe
696 1488 1580 1548 Erinnerung an die „Freie Bühne“ verbunden,
2279 1537 2314 1590 5
1610 1534 1784 1605 gebracht.
703 1534 1581 1588 wo Rosa Bertens die Grafentochter spielte, die
709 1574 1580 1646 sich wegwirft, und Rudolf Rittner den Diener,
1651 1575 2510 1659 Pressekonzert im Reichstag zugunsten
700 1620 1590 1684 der sie in der Johannisnacht in seine Kammer
1702 1626 2491 1683 Wohlfahrtskasse des Vereins „Berliner
1613 1670 2499 1737 Presse“ Mit altpreußischer Pünktlichkeit rieselt
711 1665 1594 1731 schleppt. Unmittelbarer noch als damals wirkt
1614 1702 2499 1768 um 7 Uhr Glockenklang durch Gänge und Säle
697 1707 1591 1772 heute der soziale Godanke, von dem sich dies
1617 1749 2494 1799 des Reichstagegebäudes. Von der Kuppel der
703 1771 1596 1823 erotische Abenteuer abhebt: das Gegeneinander
1605 1781 2504 1845 Wandelhalle stromen Kyrie, Sanntus und Vene¬
709 1801 1594 1857 der dekadenten Aristokratin, die am Spiel ihrer
1616 1832 2506 1880 dietus der Palestrinaschen Papst=Marcellus¬
707 1842 1597 1898 Lüste zugrunde geht, und des muskel= und
1618 1863 2504 1926 Messe, vorgetragen vom Domchor unter Hugo
706 1885 1586 1936 nervenstarken Proletariers in der Lakaien¬
1623 1894 2506 1955 Rüdels Leitung. Dan= Leonid Kreußer.
699 1928 1597 1996 livree, der nimmt, was Gott ihm in den Weg
1622 1934 2502 1997 Er läßt die Weichheit Chopins aufklingen (Roc¬
1618 1974 2500 2038 turno Des=dur) und rast im Furioso Franz Liszts
704 1974 1600 2036 schickt, und hinauf will in die Sphäre der Reichen
1618 2018 2496 2086 über die Tasten. Mit Arien von Goetz und Verdi
714 2016 1598 2074 und Herrschenden. Tilla Durieux, seit langer
1624 2052 2503 2123 errang sich Vera Schwarz, die mit einer Kebie
705 2061 1604 2128 Zeit zum ersten Male wieder auf einer Berliner
1630 2094 2507 2149 herrlicher Kopstöne brillierte, den Beifall des
714 2107 1599 2162 Bühne, legte das Schmergewicht auf den zweiten
1632 2137 2498 2191 Hauses. Ins Reich der Virtuosität entführte die
721 2148 1612 2216 Teil des unheimlichen Einakters, auf die Szenen
1631 2163 2512 2234 jugendliche rassige Geigerin Ibolyka Gyarsas
709 2190 1609 2268 der Zerknirschung und Verzweiflung, die sie, selbst
1626 2209 2512 2271 (Sehnes de la Soarda von Hubay). Sodann die
719 2237 1603 2304 erschüttert, mit starker Eindringlichkeit gab, wäh¬
1631 2244 2507 2303 Sensation des Abenrds: Karl Clewing auf der
721 2280 1609 2346 rend das gefährliche Spiel des Beginn nicht
1628 2289 2532 2345 Spur Enrico Carnsos. Mit Hilfe seines Lehrers
1635 2332 2512 2381 Clemens Schmalstich, der die Vorträge als
727 2323 1607 2384 mit voller Freiheit gelang. Auch in der Dur¬
1636 2361 2517 2424 Begleiter feinsinnig untermaite, hat er sich aus
722 2366 1611 2435 stellung war dieser Julie der Diener Joan über¬
1628 2400 2498 2464 dem Peer Gynt in Bajazzo und Don José ver¬
725 2400 1602 2480 legen. Eugen Klöpfer trat weniger als Hoch¬
1633 2437 2525 2491 wandelt. Und als er, von der Sonne dungen
719 2461 1612 2528 herrschaftlicher auf, denn als brutaler Bursche
1635 2478 2498 2543 tenoralen Ruhmes überstrehlt, als Zugche zi
726 2495 1607 2572 von rücksichtslosen, aber gesunden selbstischen
1638 2507 2525 2573 Stretta aus dem „Trouhadour“ ins Publikum
722 2546 1610 2613 Instinkten. Kein hübscher Bengel, sondern ein
1632 2552 2521 2612 schmettert, steht bei allen fest: Berlin hat einen
720 2583 1615 2663 breitschultriger Mann des Volkes, der sich nicht
1638 2595 2543 2648 neuen Heldentenor. (Frage: Wind Moisi 4—
731 2620 1610 2697 mit Sentimenialitäten abgibt. Eine Figur aus
1634 2630 2518 2702 musikalische Erfolg seines Kollegen ruhen lassen?)
1642 2678 2517 2741 Nach der Sensation ein Erlebnis: Karin Bran¬
735 2673 1609 2758 einem Guß, mit dem Beden seiner Welt fest ver¬
1651 2718 2515 2772 zell von der Staatsoper singt die Arie der
736 2734 925 2796 wachsen.
1642 2741 2525 2816 Venelope aus Max Bruchs „Odysseus“ und ein
781 2748 1621 2815 Auch Schnitzlers Revolutionsgroteske spricht
1641 2784 2522 2852 schwedisches Lied. Tönende Seele. Nach dem
739 2804 1622 2865 heute noch eine ganz anders beredte Sppache als
1646 2831 2526 2888 Vortrag des großen Duetts aus dem britten
733 2846 1631 2918 vor einem Vierteljahrhundert. Drohender und
1644 2863 2525 2924 „Aida“=Akt mit Vera Schwarz und Karl Clewing
735 2888 1622 2966 stürmischer noch weht nun der Sturm des Pariser
1651 2908 2507 2960 beschließt der Domchor mit dem „Waldosalm“
1655 2933 2526 3005 von Ior Bruch den offiaiellen Teil. Und wös##end
738 2933 1625 2998 Umsturzes von 1789 in das Keller=Kabarett des
1643 2980 2519 3045 das Musikkorps des Pionierbataillons der Resche¬
742 2986 1628 3049 „G'rünen Kakadu“ wo sich die geschniegelte
1652 3026 2530 3083 wehrbrig#de XV den Germoniamarsch erdröhnen
743 3023 1628 3087 Hofgesellschaft von Verbrechergeschichten einer
1649 3055 2530 3110 läßt, zerstreut sich die Gesessschaft, um sich in den
754 3070 1622 3135 Schauspielertruppe ihre Nerven kitzeln läßt. Mit
1652 3101 2489 3167 Nebenräumen leiblichen Genüssen hinzugeben.
746 3106 1639 3183 großartigem Gelingen baut Barnowskys Regie
2383 3134 2505 3191 tan.
740 3157 1638 3249 dies Bild einer zusammenstürzenden Welt. So
1448 3205 1633 3296 Seallis
839 3262 1404 3377 Belne
1366 3312 1656 3419 10K1
