3436 4320
1919 140 2048 204 —
2070 195 2536 292 box 15/5
314 220 1940 317 9.4. Der gruehe Kakadu ZykIns
516 542 804 623 Seite 14.
1070 561 1453 633 Wien, Samstag
1616 553 2220 638 Fremden-Blatt.
2418 572 2786 646 .. März 1899.
3080 579 3291 650 Nr. 63.
598 647 1891 711 Und die Weiber in der Spelunke „zum grünen Kakadu“? Der
1916 659 3323 731 selten, daß in einer Büchsen, auf welcher Alchermes geschrieben, nur
485 678 1902 764 Wirth Prospére, ein ehemaliger Schauspieler, weiß die blasirte Ccême
1915 709 3314 775 eine geschimmelte Holler=Dolgen klebet, die doch der gemeine Mann
483 743 1878 804 von Paris in seine Höhle zu locken, indem er den groben „Sauwirth“
1919 749 3310 825 gleichwohl theuer bezahlen muß. .. . Item sind wohl einige zu treffen,
476 788 1895 849 spielt und ihnen von allerlei alten Komödianten wirkliche Verbrechen
1918 797 3321 885 die ganz gewissenlos die Arznei zu teuer geben, und etwann eine
481 833 1896 892 vorspielen läßt. Sie benehmen sich alle als Diebe, Räuber, Mörder
1906 836 3044 907 Handvoll Heublumen für einen Reichsthaler versilbern.
484 880 1891 935 und entlaufene Galeerensträflinge, und das gibt den feinen Herrschaften
2024 892 3319 960 (Die neueste Versicherung.) In San Francisco ver¬
479 927 1887 991 gruselige Sensationen. Ein gewisser Henri ist das Genie des Lokals.
1909 930 3318 990 sichert eine Gesellschaft die Schönheit der Frauen. Der Pro¬
483 976 1888 1029 Er hat soeben die berüchtigte Leokadie geheiratet, eine Person, die ein
1909 990 3315 1059 spelt sagt: „Eine Dame kann ihre Schönheit zu jedem beliebigen Preise
479 1018 1902 1070 Bataillon von Othellos zum Wahnsinn treiben würde. Dabei ist er so
1909 1027 3314 1100 versichern, muß aber eine dieser Taxirung entsprechende Summe be¬
481 1069 1891 1121 eifersüchtig, wie man nur in den Puppenspielen des Chat noir ist.
1898 1079 3316 1151 zahlen. Die Gesellschaft versichert Damen vom 15. bis 30. Jahr und
480 1109 1886 1175 Henri also kommt hereingestürzt und erzählt, wie er soeben den Herzog
1906 1123 3324 1195 verpflichtet sich, dann der Versicherten eine Summe zu zahlen, wenn
467 1159 1869 1217 von Soundso bei seiner Leokadie erdolcht habe. Er macht das so
1904 1165 3319 1244 sie ihre Schönheit durch einen Zufall oder durch Krankheit verlieren
465 1205 1881 1266 grauenhaft wahr, daß ihm selbst der Wirth aufsitzt. Dabei erfährt
1893 1227 3314 1307 oder — wenn sie sich selbst für häßlich erklären sollte.“ Der letzt¬
466 1266 1881 1322 Henri, daß der Herzog es wirklich mit Leokadie hat, und da der
1906 1271 2791 1348 genannte Fall dürfte wohl höchst selten sein.
2195 1311 2239 1369 W1
474 1302 1887 1374 Herzog gerade in das Lokal kritt, bohrt er ihn kurzer Hand nieder.
2188 1314 2994 1401 Inhaltsverzeichnisf der Vellage.
465 1354 1882 1412 Die Marquise Sévérine, die unter den Zuschauern ist, findet das Alles
2021 1375 2637 1435 Roman: „Um ein Erbe“. (Schluß.)
2667 1364 3313 1446 Aus dem Gerichtssaale. — Sehens¬
472 1399 1881 1461 höchst pikant; man sieht nicht jeden Tag einen wirklichen Herzog
1905 1413 3309 1478 würdigkeiten. — Vergnügungsanzeiger. — Ballchronik. — Aus den Vereinen. —
462 1449 1887 1505 wirklich ermorden. Das frische Blut frischt ihre eigenen Säfte auf und
1898 1461 3313 1530 Verzeichniß der Verstorbenen in Wien. — Fahrplan der k. k. priv. Eisenbahn Wien¬
1909 1494 2833 1576 Afpang. — Eingesendel — Freudenliste. — Inserate.
471 1498 1879 1552 ein fader Dichter, der sie anflötet, erhält sofort ein Rendezvons.
466 1540 882 1601 Leokadie, Sévérine
945 1549 1880 1603 every woman; die eine so, die andere so.
464 1587 1888 1646 Es sind eben die Variationen, die das Programm des Abends bilden.
1996 1566 3219 1659 Concert-Direction ALBERT GUTMANN.
2291 1634 2358 1698 Wen
460 1627 1888 1700 Dabei ist „Paracelsus“ ein feines, poetisches Stück, vielleicht von einem
2512 1639 2694 1741 7
461 1700 1892 1744 Strahl des Lichtes gestreift, das Shakespeare's Imogen umfließt. Aber
464 1732 1887 1782 es ist etwas zu sehr Kostümstück, auch innerlich. Das Kakadustück ist
2455 1742 2760 1846 Drei
466 1774 1897 1842 von dem Dichter als Groteske bezeichnet. Etwas“von der Justament¬
466 1826 1882 1882 Momantik der „butte“, des Montmartre, rumort darin. Auch fehlt es
454 1866 1891 1927 dem Zeitbilde, so konstruirt es sein mag, nicht an drastischen Zügen.
456 1914 1890 1980 Nur wird der Zuschauer verwirrt, weil er die Grenzen zwischen Spiel
1894 1898 2801 1988 Phliharmenische
2844 1837 3309 2004 Concerte
465 1964 1886 2033 und Ernst nicht deutlich genug sieht. Den Zuschauer muß der
2130 1978 3074 2085 am 9., 10. und 11. März, abende ½ 8 Uhr.
449 2017 1892 2087 Dramatiker immer ins Vertrauen ziehen, und ganz besonders, wenn
456 2051 958 2129 er ihn intriquiren will.
2384 2072 2814 2161 Dirigenten:
583 2090 1890 2160 Im „Paracelsus“ spielte Herr Robert den Wundermann, wie
456 2155 1883 2218 einen kleinen Mephisto, was ganz interessant aussah. Wer weiß, ob er
2051 2125 3151 2233 Mottl, Stavenhagen, Weingartner.
465 2201 1890 2266 nicht einmal den großen Mephisto spielen wird. Frau Schratt gab
2413 2225 2785 2305 Orchester;
450 2240 1877 2304 die Justina mit einer liebenswürdigen Ehrlichkeit. Herr Thimig kam
450 2300 1874 2359 als fakultätsmäßiger Stadtarzt nicht recht auf den Humor, den ein
1952 2275 3227 2372 Das Kaim-Orchester aus München.
462 2336 1887 2396 Meixner hier reichlich gehabt hätte. Im „grünen Kakadu“ war Herr
2499 2345 2725 2447 —
460 2390 1875 2437 Sonnenthal der Held. Hat er nicht oft genug als Kean gastirt?
453 2439 1871 2492 Er spielte die große Szene Henri's mit einschlagender Wirkung,
2297 2438 2918 2537 PROGRAMME:
453 2487 1881 2558 besonders die letzten Momente. Uebrigens ist er vielleicht ein zu feiner
453 2531 1875 2597 Psycholog für solche Effekte. Er läuft Gefahr, zu gut zu werden, für
1974 2527 3220 2620 I. Abend Donnerstag 9. März.
462 2577 1878 2624 den Groteskenstil. Frl. Witt war eine vortreffliche Leokadie. Für ihre
455 2625 1868 2687 herzlosen Antworten auf Henri's Schwärmereien hatte sie Töne, förmlih
2045 2615 3116 2711 Dirigent: Bernhard Stavenhagen,
454 2674 1871 2724 wie eine Katze. Herr Zeska spielte den Strolch Grain mit viel Talent
2178 2679 2998 2768 kgl. bair. Hofkspellmeister in München.
445 2717 1862 2774 und Frau Mitterwurzer hatte als blutschnüffelnde Marquise
1891 2725 2164 2801 Beethover
2248 2731 2818 2796 Leonoren-Ouverture Nr. 3.
445 2774 1872 2835 etwas Satanisches. Die Herren Reimers Gimnig, Treßler,
1888 2770 3285 2869 Josef Hrydn  Arie aus der „Schöpfung“ Miss Lpitan Blauvelt.
1894 2818 2081 2867 Brahms
445 2816 1855 2899 Thimig, Römpler trugen Weiteres zur Ausmalung der seltsamen
2251 2823 3280 2931 III. Symphonie F-dur. Alerander Petschulkoff.
1885 2840 2582 2910 Peter Tschalkoweky. Violinconcert.
452 2860 729 2939 Szenen bei.
1604 2864 1831 2944 L. H—i.
1886 2899 3246 2962 Richard Wagner. Vorspiel und Liebestod aus „Tristan und Isolde“.
875 2915 1418 3019 Allerlei.
557 2996 1874 3065 (Die Apotheker einst und jetzt.) Bei den Griechen und
2084 3009 3084 3113 II. Abend Freitag 10. März.
451 3054 1870 3109 Römern standen die „Apotheker“ in einem sehr schlechten Rufe: Horaz
453 3111 1867 3165 zum Beispiel stellt die „Salbenköche“ mit Gauklern und Bettlern auf
2242 3101 2943 3186 Dirigent: Felix Mottl,
450 3149 1864 3213 eine Stufe. Im Orient wußte man die Kraft der Apotheker besser zu
1995 3157 3171 3237 grossherzogl. badischer General-Musikdirector in Harlaruhe.
444 3194 1858 3252 schätzen, schon im frühen Alterthum beschäftigte man sich dort mit
1875 3203 3280 3283 Joh. Seb. Bach  Concert für zwei Flöten und Violine mit Orchester,
447 3241 1870 3307 pharmazeutischen Studien. Als Geburtsstätte der eigentlichen Apotheke
2311 3280 3046 3325 zum Concertvortrag von Felix Mottl.
448 3278 1862 3344 gilt Bagdad. Wie Hugo Maubach in seinem Buche: „Das Charakter¬
1875 3264 3279 3379 W. A. Mozart..... Variationen für Streichinstrumente aus dem Diverti¬
444 3334 1858 3399 bild des Apothekers in der Literatur“ ausführt, wurden auch durch die
2303 3341 2600 3398 mento D-dur.
1876 3361 3080 3458 Heotor Berlloz  „La Captivo“, für Alt-Solo mit Orchester.
446 3381 1853 3439 Araber diese Apotheken nach Europa, zunächst nach Spanien, ver¬
2952 3419 3287 3499 Camilla Landi.
443 3443 1856 3495 pflanzt. Von dort gelangten sie nach Italien. Hier erlebten sie eine
1872 3439 2791 3515 Richard Wagner „Meistersinger“-Vorspiel.
455 3476 1855 3540 Glanzperiode, in der mit kostbaren, mit Bibelsprüchen und Blumen
1873 3484 3276 3545 Franz Llezt . „Faust“-Symphonie. Tenor-Solo: Herr Sösser. Männer-
448 3522 1864 3592 bemalten Vasen, wie sie noch heute das Museum von Florenz he¬
2310 3542 3274 3600 chor: Mitglieder des Wiener Männergesangvereines
2306 3568 2655 3641 „Schubertbund“.
447 3565 1855 3620 wahrt, ein großer Luxus getrieben wurde. Damals bildeten die Apo¬
453 3613 1856 3675 theker eine eigene Zunft, die Banner und Wappen führten. In
442 3672 1868 3730 Deutschland führen die ältesten Erwähnungen von Apotheken nicht über
2036 3673 3124 3783 III. Abend Samstag 11. März.
441 3714 1860 3763 die erste Hälfte des 13. Jahrhunderts hinaus. Im Jahre 1238 wird
457 3763 1862 3826 im Beispiel ein Gerardus apothecarius in Lübeck erwähnt, der, wie
2108 3757 3053 3856 Dirigent: Felix Weingartner,
437 3818 1840 3874 ofter, ein Geistlicher gewesen zu sein scheint. Der Ausdruck „Apotheke“
1864 3826 3267 3898 kgl. preuss. Hofkapellmeister und erster Kapellmeister der Kaim-Concerte
432 3870 1847 3920 bezeichnete in Süd= und Westdeutschland bis zum 14. Jahrhundert
2421 3877 2701 3935 in München.
438 3888 1849 3960 etwa dasselbe wie Gade oder Kra,mladen; so wird im Jahre 1301 ein
1859 3907 2778 4001 Richard Wagner „Tannhäuser“-Ouverture.
444 3947 1849 4010 Tuchladen eine apotbeca genannt und 1290 findet sich ein Bericht,
2264 3961 2574 4012 Siegfried-Idyll.
447 3994 1845 4056 daß sich in einem Hause 21 Apotheken befänden. Daß auch schon
1868 3988 2936 4075 Franz Llezt „Tasso“ (Symphonische Dichtung).
2265 4036 2576 4090 Concert A-dur.
2907 4021 3247 4126 Ferruccio Busonl.
444 4040 1846 4107 jene Apotheken unter Aufsicht der Aerzte standen, wird zuerst aus Ulm
1869 4055 2818 4152 L. van Beethoven. Siebente Symphonie A-dur.
450 4090 1849 4136 (1436) gemeldet. Von Einzelnheiten ist aus jener Zeit noch erwähnens¬
442 4131 1848 4190 werth, daß dem Berliner Apotheker 1488 das Privileg ertheilt wurde,
