3436 4320
1462 180 1853 265 box 15/2
989 193 1291 267 Kakadu
812 211 876 268 6
239 209 1286 306 9.3. Der K nune Se
1271 1357 1662 1456 Telephon 12801.
507 1538 1505 1652 P A ErTS
524 1635 1661 1699 O l. österr. bebördl. konz. Unternehmen für Zeitungs-Ausschnitte
684 1688 1570 1782 Wien, I., Concordiaplatz 4.
911 1753 1343 1834 Vertretungen
517 1774 615 1827 4
546 1813 1660 1883 □ in Berlin, Budapest, Chicago, Christiania, Genf, Kopen¬
524 1850 1676 1935 hagen, London, Madrid, Mailand, Minneapolis, New-Vork,
517 1871 565 1908 *
529 1888 1638 1949 0 Paris, Rom, San Francisco, Stockholm, St. Petersburg.
939 1937 1329 1997 [Quellenangabe ohne Gewahr.)
519 1985 1011 2076 * Ausschnitt aus:
896 2053 1750 2145 Deutsches Velksblatt, Wier
525 2108 752 2177 E vom:
1136 2119 1339 2198 — Ser
660 2260 1702 2317 Deutsches Volkstheater. Wildes „Salome“ und
732 2303 1704 2363 „Der grüne Kakadu“ wurden gestern mit einigen
589 2324 1700 2397 Neubesetzungen zur Aufführung gebracht. In beiden
592 2391 1699 2444 Stücken spielten die Herren Klitsch, Achterberg und
579 2423 1707 2491 Askonas und zeigten sich ihren Aufgaben vollkommen
583 2469 1705 2527 gewachsen. Was man an Herrn Klitsch schon schätzen ge¬
597 2535 1722 2607 kernt hat, seine sympathische, männliche Erscheinung und
596 2564 1721 2647 die klare, schöne Sprache, kam ihm auch gestern als
609 2615 1720 2684 „Tigellius“ und „Herzog von Cadignan“ sehr zustatten.
601 2676 1724 2731 Die beiden anderen Novizen zeigten ebenfalls hübsche Mittel
597 2705 1710 2770 und Herr Achterberg als „Chevalier de la Tremouille“
607 2758 1719 2824 überdies Charakterisierungsvermögen. Fräulein Herbert
606 2797 1730 2862 spielte die kleine Rolle der „Georgette“ recht brav. Was
602 2831 1725 2910 sie zu leisten vermag, wird sie jedoch in anderen Rollen
602 2883 997 2954 noch zeigen müssen.
1861 2948 2006 3014 TE
2746 1247 3140 1325 Telephon 12801.
1996 1432 2088 1508 *2
2097 1425 2986 1528 WETRTETETET SST
1987 1493 2091 1541 —
2013 1507 3159 1592 O I. österr. behördl. konz. Unternehmen für Ze ungs-Ausschnitte
2159 1558 3045 1640 Wien, I., Concordiaplatz 4.
2393 1637 2834 1715 Vertretungen
2036 1681 3141 1757 0 in Berlin, Budapest, Chicago, Christiania, Genf, Kopen¬
1993 1731 3147 1784 * hagen, London, Madrid, Mailand, Minneapolis, New-Vork,
2100 1770 3123 1838 Paris, Rom, San Francisco, Stockholm, St. Petersburg.
2032 1801 2074 1842 0
2420 1819 2805 1871 (Quellenangabe ohne Gewähr.)
2005 1873 2443 1958 * Ausschnitt aus
2013 1953 2070 1996 930
2365 1934 3235 2040 Osterr. Volks Zeitung, Wient
2010 1991 2232 2046 E vom:
2839 2024 3042 2100 #. ol.
2106 2079 3052 2147 Deutsches Volkstheatery Die Salome hat
2020 2130 3031 2197 Fräulein Marber,g gelegentlsch“ ihres Gastspieles hier
2042 2183 3035 2243 gespierl) gestern ist sle wisder in dieser Rolle aufgetreten.
2037 2225 3022 2271 Dazwischen liegem nn die Aufführungen von Strauß'
2032 2277 3029 2322 Musikdrama=p#r der Verhunk, einer Salome, die
2036 2307 3042 2364 durch, (die“ fieberglühende Versinnlichung der perversen
2024 2360 3046 2420 Lüfle der Herodias=Tochter eine vom lelendigsten Leben
2028 2395 3048 2464 erfüllte, unvergeßliche Gestalt bot. So ist vielleicht nur das
2038 2424 3038 2495 Bessere der Feind des Guten, wenn Fräulein Marbergs
2030 2473 3050 2550 Salome gestern nicht so hell in allen Farben erstrahlte
2033 2536 3033 2598 und mitunter in Aeußerlichkeiten stecken zu bleiben schien,
2031 2558 3041 2645 so daß die Zuhörer ziemlich uninieressiert blieben. Direktor
2039 2617 3043 2687 [Weisse gibt dem Herodes äußerst charakteristische Züge
2027 2664 3036 2742 aufgepeitschter Dekadenz, Kutschera spielt den Jochanaan
2041 2706 3038 2761 mit allen Schauern der Askese. Im ganzen klappte
2036 2745 3037 2805 manches nicht; die drei Soldaten, die bei dem Rufe des
2028 2802 3036 2849 Herodes: „Schlagt sie nieder!“ mit hörbarem Aufschlag
2017 2835 3040 2916 Ahre Pappendeckelschilder wie ein Schutzdach über
2040 2874 3034 2930 Salome breiten, während der Vorhang lang¬
2038 2922 2932 2988 sam fällt, erregten schmunzelnde Heiterkeit.
2043 2962 3043 3021 Schnitzlers „Grüner Kakadu“ folgte mit einigen
2042 3003 3049 3061 Neubesetzungen, Herr Klitsch spielt den Herzog Emil mit
2044 3049 3041 3117 ympathischer Eleganz, Herr Achterberg den jungen
2041 3099 3033 3156 Thevalier mit feiner Komik. Fräulein Herbert gibt die
2037 3135 3040 3201 Georgette in kräftigen Farben. Die Leokadia von Elsa
2033 3178 3047 3250 Galafrés entzückt durch die echt französische Grazie der
2041 3227 3037 3279 Koketterie und erschüttert zum Schlusse durch die tragische
2034 3261 3044 3332 Kraft des Wortes und der Gebärde. Kramers Schau¬
2035 3315 3050 3370 spieler ist rhetorisch volle det, Paula Müller ein aller¬
2035 3360 3046 3429 liebst freches Geschöpfchen und die Herren Homma,
2051 3405 3045 3480 Russek, John, Weiß und Raeder führen ihre
2869 3451 3024 3516 L. F.
2046 3450 2492 3532 Episoden glänzend durch.
