3484 4256
2417 187 2501 236 —.—
2133 231 2601 329 box 15/5
364 247 1987 332 9.4. DerBruche kakadu— ZykIns
1252 1612 1453 1695 HEA RTLLAAU
1799 1610 2910 1707 EET NMEEMALAARME
2752 1693 3417 1750 Schlimmste aber kommt noch. Durch
1707 1692 2741 1751 Und nun ist sie beim Erwachen ganz wahr. Sie erzählt von
730 1688 1395 1804 Feuilleton.,
2764 1736 3418 1798 seine Frau von dieser Verlobung gew
1606 1722 2755 1813 ihrer tiefen, jugendlichen Leidenschaft zu Paracelsus. Bevor dieser
2766 1775 3420 1848 doch ihr Verhältniß bis in die letzte
1610 1785 2428 1848 geht, antwortet er auf eine Frage Cyprian's:
816 1741 1446 1900 Burgtheater. (000
2755 1825 3409 1890 Schlimmste aber wird für ihn seine
1752 1848 2594 1895 Es war ein Spiel! Was sollt' es anders sein?
2747 1870 3415 1935 Güte hat er durch Jahre, wie er me
1751 1869 2622 1936 Was ist nicht Spiel, das wir auf Erden treiben?
436 1861 1598 1950 (Arthur Schnitzler: „Paracelsus“, Schauspiel in
1747 1917 2554 1981 Und schien es noch so groß und tief zu sein!
2754 1925 3401 1985 mitgelitten, und jetzt erfährt er, daß
443 1923 1589 1980 einem Akt. „Die Gefährtin“, Schauspiel in einem Akt.
1754 1955 2547 2010 Mit wilden Söldnerschaaren spielt der Eine,
443 1957 1591 2033 „Der grüne Kakadn“, Groteske in einem Akt. Erste Auf¬
2764 1972 3413 2035 waren. Jetzt ist er der großen Last, d
1744 1999 2561 2053 Ein Andrer spielt mit tollen Abergläubischen.
812 2007 1253 2068 führung am 1. März.)
2758 2019 3409 2073 los schuldig zu sein an dem Unglück
1745 2025 2511 2101 Vielleicht mit Sonnen, Sternen irgendwer,
548 2038 1607 2123 1. Nach langer Abwesenheit kommt Paracelsus wieder
2761 2063 3422 2135 jetzt hat er seine innere Freiheit wied
1752 2072 2487 2127 Mit Menschenseelen spiele ich. Ein Sinn
1748 2090 2530 2159 Wird nur von dem gefunden, der ihn sucht.
436 2093 1603 2169 einmal nach Basel und erregt große Aufmerksamkeit. Es sieht und
2866 2104 3408 2183 3. Der Abend des 14. Juli 17
1751 2148 2521 2184 Es fließen ineinander Traum und Wachen,
442 2154 1609 2215 hört ihn der Waffenschmied Cyprian, der ihn von seiner Jugendzeit
2758 2161 3412 2229 Spelunke „Zum grünen Kakadu“. Hie
1742 2182 2535 2239 Wahrheit und Lüge. Sicherheit ist nirgends.
441 2204 1600 2260 her kennt. Er nimmt ihn mit sich in sein Haus, in dem er mit
2758 2218 3423 2268 der früher Theaterdirektor war, durch
1750 2212 2585 2290 Wir wissen nichts von Andern, nichts von uns.
446 2244 1597 2318 mit seiner Frau Justina in glücklicher Ehe lebt. Aber Justina hat
1745 2264 2496 2318 Wir spielen immer, wer es weiß, ist klug.
2762 2257 3418 2329 gute Geschäfte. Sein früheres T
447 2291 1591 2342 vor ihrer Ehe heimlich für Paracelsus geschwärmt, und auch er
2761 2299 3421 2375 Abend in seine Kneipe, jeder in eine
1710 2298 2741 2393 Und nachdem Paracelsus gegangen, schließt Cyprianus das
449 2332 1593 2401 hat sie geliebt. Jetzt stellt ihr der Junker Anselm nach. Sie hat ihn
2758 2351 3410 2407 Vagabunden und Verbrecher verkleide
1596 2347 2071 2430 Spiel mit den Worten:
451 2387 1606 2436 bisher standhaft zurückgewiesen. Cyprian bringt den Paracelsus
2758 2399 3414 2453 die Spelunke von den Erzählungen i
1736 2391 2533 2477 Ich weiß nicht, ob er Gutes wirken wollte,
442 2439 1595 2495 als eine Art Wunderthier in sein Haus, spricht aber unverhohlen
2767 2441 3412 2511 bloß in den Gehirnen der Akteure beg
1748 2444 2598 2510 Doch war es gut, drum wollen wir ihn loben.
446 2484 1606 2538 seine Geringschätzung des Vagabundenlebens Paracelsus' vor ihm
1743 2498 2573 2573 Ein Sturmwind kam, der hat auf Augenblicke
2759 2490 3420 2545 und doch ist der gruselige Reiz dieser
446 2531 1592 2589 und Justina aus. Mit philisterhaftem Stolze berühmt er sich
1741 2534 2429 2582 Die Thore unsrer Seelen aufgerissen,
2751 2530 3414 2598 Paris bis hinauf zu den Marquis
1741 2575 2458 2625 Wir haben einen Blick hineingethau ...
2757 2586 3418 2643 bei Prospère sich einfindet. Dieser erh
1749 2602 2376 2666 Es ist vorbei, die Thore fallen zu —
451 2618 1595 2672 Paracelsus, wie man bezahlte Spaßmacher behandelt. Da er¬
2754 2633 3417 2697 Lokals noch dadurch, daß er die v#
1748 2621 2480 2699 Doch was ich heut gesehn, für alle Zeit
441 2665 1594 2740 grimmt Paracelsus. Er versetzt Justina in hypnotischen Schlaf
1743 2681 2536 2734 Soll's mich vor allzu großem Stolze hüten.
2757 2670 3413 2744 und die Marquisen wie Dirnen behaf
1745 2714 2597 2776 Es war ein Spiel, doch fand ich seinen Sinn; —
450 2715 1600 2780 und suggerirt ihr, daß sie sich mit Anselm sträflich vergangen
2753 2731 3393 2785 rasche Folge von Wirklichkeiten und
1742 2755 2502 2831 Und weiß, daß ich auf rechtem Wege bin.
442 2763 1591 2828 hätte. Als sie erwacht, klagt sie sich Cyprian gegenüber ihrer
2744 2779 3411 2835 Adel ergötzt sich an den revolutionäre
443 2813 1596 2863 vermeintlichen Schuld an. Auf vieles Bitten Cyprian's versenkt
1705 2818 2744 2881 2. Des Professors Pilgram Frau ist gestorben. Er kommt
2747 2834 3410 2887 und seiner „Stammgäste“, während
452 2857 1580 2911 sie Paracelsus wieder in hypnotischen Schlaf, um ihr die Er¬
1609 2846 2744 2920 eben vom Begräbniß. Da trifft um wenige Stunden verspätet
2752 2868 3422 2935 hellen Tageslichtes, von draußen ein
441 2899 1590 2960 innerung an diese Stunde aus dem Gedächtniß zu löschen. Doch
1601 2916 2739 2978 von seinem Assistenten Dr. Hausmann, der in einem Seebad
2747 2926 3408 2990 keit in den Wirthsteller hereinhuscht.
443 2955 1596 3027 Cyprian wird bedenklich: „Wenn sie im Traum vielleicht die
1603 2964 2742 3018 weilt, ein Kranz ein. Pilgram weiß, seine Frau und sein Assistent
2751 2966 3418 3024 spieler Heuri hereinstürzt und erzäh
440 2998 1311 3069 Wahrheit sprach?“ Da befiehlt ihr Paracelsus:
1597 3013 2739 3065 haben sich geliebt. Er hat's durch Jahre gesehen — und er hat
2759 3007 3417 3067 Cadignan, der vor kurzem die Knei
872 3036 1459 3117 Seid wahr, wenn Ihr erwacht,
1598 3060 2742 3115 geschwiegen. In einem Gespräch mit Olga, seiner und seines
2751 3054 3420 3119 habe, weil er ihn bei seiner Frau geir
593 3059 1417 3132 Wahr, wie Ihr nie gewesen — seid so wahr,
1602 3108 2748 3156 Hauses Freundin, klagt er sich der Feigheit an. Er hätte
2752 3109 3420 3167 es ist das eine jener zahllosen erfund
602 3125 1440 3178 Nein! wahrer als Ihr pflegt gen Euch zu sein,
1597 3151 2741 3209 die beiden ganz freigeben sollen. Er ist voll Bitterkeit, aber
2752 3149 3422 3209 die Gäste gruseln machen sollen. Do
604 3170 1340 3214 So daß wie klare Fluth im Sonnenglanz
601 3191 1443 3251 Die Seele daliegt, bis zum, Grunde lruchtend —
1603 3200 2742 3254 mehr noch gegen sich als gegen die beiden anderen. Da
2753 3198 3425 3260 an, Heuri zu glauben, während dies
593 3237 1367 3290 Bis Euch der Abend dieses reichen Tages
1599 3241 2745 3298 tritt Hausmann ein, der zum Begräbniß hatte kommen wollen,
2751 3245 3421 3305 als einen Ausfluß seiner Eifersucht in
589 3275 1192 3332 Von diesem Zauberspruch erlöst.
1601 3293 2747 3349 sich aber verspätet hat. Er will Pilgram überreden, er solle
2761 3290 3426 3362 herwälzt. Er spielt so gut, daß selbs
447 3283 1154 3387 Cyprian: Warum bis Abend nur?
1601 3336 2738 3404 mit ihm zurück an die See. Dort solle er seine Braut
2748 3348 3404 3413 der Mord sei wirklich geschehen. Er
450 3344 767 3410 Paracelsus:
1141 3330 1413 3414 Es ist genug.
1605 3380 2752 3447 kennen lernen, die er schon zwei Jahre liebe. Da fragt ihn
587 3370 1415 3437 Ihr werdet froh sein, daß die Sonne sinkt —
2750 3384 3404 3451 er seines schlechten Weibes wegen si
600 3428 1289 3502 Und wenn sie aller Frauen beste wäre.
1588 3430 3400 3498 Pilgram: „Und die andere?“ und weist ihm die Thür. Das habe, und er erzählt ihm, daß sie
