3392 4256
1419 155 1835 248 box 15/2
961 171 1270 238 Kakadu
753 178 935 241 iene
204 176 1256 280 9.3. Der ##eeune Sreen
1040 924 1886 982 vor allem das große #####rstück aus dem
1034 972 1881 1024 Bankerott des Jahres 179. us Verhältnissen
1030 1020 1883 1073 heraus, in denen sich der Dr itzinsfuß zwischen
1096 1061 1892 1135 MDtheme binnen weniger
1101 3363 1866 3443 Deutsches Volkstheater. Samstag
1025 3421 1867 3469 war eine wunderbare Dorstellung, die auf ein
1032 3459 1863 3537 allmähliches Zufückkehren zu wütdigeren, höheren
1225 3604 1578 3739 6e 40
2638 835 2755 897 557
1903 931 2750 988 die ihn in den Kampf um ein Weltimperium
1913 981 2752 1029 hineintrieben? Oder war er gar nicht im stande,
1904 1028 2751 1081 den Zusammenstoß mit den Gegensätzen zu ver¬
1916 1071 2755 1108 meiden, die sein Auftreten überall in Europa
1915 1109 2747 1160 hervorrief? Nüchtern gefragt: hat Bonaparte die
1904 1155 2759 1212 Kriege von 1805—1815 heraufgeführt oder
1911 1194 2750 1236 Europa? Journier hat früher unbedenklich die
1914 1234 2757 1298 Antwort zu Lasten Napoleons, zu gunsten
1907 1284 2748 1344 Europas gegeben. Indem er jetzt der gleichen
1904 1329 2760 1383 Auffassung Ausdruck gibt, geschieht es doch
1914 1372 2756 1432 mit dem bedeutungsvollen Zusatze, daß der neue
1902 1420 2758 1460 Kaiser „den Kampf zu vermeiden auch gar nicht
1908 1463 2748 1505 mehr im stande gewesen wäre, auch wenn er es ge¬
1906 1508 2760 1562 wollt hätte“! Damit, will es scheinen, kündigt
1905 1538 2747 1608 sich doch eine bedeutsame Wendung in der Auf¬
1914 1595 2746 1652 fassung. der Dolitik des französischen Kaisers bei
1909 1637 2752 1689 seinem Biographen an. Warum war Napoleon
1908 1684 2749 1727 außen stande, jenen Kampf zu vermeiden? In
1908 1727 2747 1783 der Antwort auf diese Frage liegt das größte
1902 1769 2751 1814 der Napoleon=Probleme begründet. Wir sind
1906 1807 2743 1868 begierig, Fournier hierüber noch zu vernehmen.
2135 1857 2717 1917 Dr. Heinrich Kretschmayr.
1844 1986 2132 2083 r Woche.
1897 2090 2746 2154 Aufgaben hoffen läßt. Kleists Komödie „Der zer¬
1903 2156 2740 2214 brochene Krug“ und Schnitzlers Groteske „Der
1898 2199 2743 2264 grüne Kakadu“ wurden dem Publikum sehr zu
1889 2237 2179 2294 Danke gespielt.
1978 2278 2749 2338 Kleists prachtvolle Komödie ist urewiges,
1902 2331 2746 2390 frischquellendes Leben, gesehen und nachge¬
1901 2370 2739 2434 bildet von einem Dramatiker, dem Form und
1898 2421 2738 2460 Geist durchaus Elemente der Natur waren.
1896 2459 2747 2520 Ohne literarhistorische Reminiszenzen auffrischen
1903 2503 2737 2554 zu wollen, war während des ganzen fröhlichen
1904 2554 2743 2599 Spieles der Gedanke an das Verhältnis Goethes
1900 2598 2738 2644 zu dieser Komödie nicht abzuweisen. Das steht
1907 2634 2742 2698 als beharrlicher Mahner an menschliche Einsichts¬
1900 2681 2738 2738 losigkeit neben dem Werke. Unsterblich damit
1899 2731 2743 2767 verbunden und wie dieses selbst unvergänglich.
1962 2769 2733 2828 Kleist hatte im „Serbrochenen Krug“ das
1892 2809 2749 2874 Theatralische überwunden. Im Grunde durch
1898 2855 2736 2906 seine elementare Natur und sein Naturverhältnis
1892 2905 2730 2958 mit Goethe verwandt, flößte diesem Kleists Miß¬
1899 2952 2742 3003 achten des dramatischen Formalismus geradezu
1897 2984 2741 3035 Widerwillen ein. Uns ist die unaufhaltsam,
1899 3035 2738 3079 aus vielen Motiven zusammenfließende Form
1892 3074 2739 3123 dieses Lustspieles ein getreues, vollendetes Bild
1897 3122 2734 3182 der derben, ungeschminkten Wahrheit. Goethe
1895 3164 2736 3228 hieß es ein „krauses Zeug“. Wer vermißt heute
1889 3207 2735 3250 darin Akte? heute erscheint uns der „Zer¬
1892 3252 2739 3312 brochene Krug“ als ein verirrter Vorläufer
1895 3293 2736 3346 des konsequenten Realismus. Wenn nicht Schau¬
1886 3346 2735 3401 spieler aus dem Dorfrichter Adam eine persön¬
1895 3387 2731 3433 liche Angelegenheit machten, wie am vollen¬
1888 3427 2732 3470 detsten der Berliner Theoder Döring, so hatte
1888 3470 2742 3548 das deutsche Publikum kein rechtes Verständnis
