3436 4256
1844 94 2490 169 Kunst und Wissenschaft.
1808 146 2623 225 „Deutsches Theater“. Zum ersten Male:
1681 177 2276 245 Die Gefährtin, Schauspiel.
2357 199 2633 260 Der grüne
1685 234 2635 299 Kakadu, Groteske. — Paracelsus, Versspiel von
1675 274 2637 337 Arthur Schnitzler.Nachdem Sudermann Erfolg
1679 302 2641 370 mit einem Einacterabend hatte, konnte es die Direction
1682 344 2629 416 unternehmen, auch einen solchen von Schnitzler, einem
1672 387 2624 452 der erfolgreichsten Bühnendichter der letzten Jahre, zu
1683 422 2638 489 veranstalten. Und wie bei Sudermanns Morituri
1681 468 2636 527 wurde uns — zwar ohne geistiges Band wie bei
1684 498 2630 570 Morituri — zuerst ein Nocturno geboten, dann der
1671 541 2628 608 Mord und schließlich das Spiel mit dem Vergehen.
1672 575 2618 639 Der Abend brachte dem Dichter nach jedem Einacter
1677 613 2619 672 mehrere Hervorrufe, ja nach dem zweiten Stück
1667 662 2619 715 wollten die Vielzuvielen mit ihrer Hände Ar¬
1671 693 2621 761 heit einen demonstrativen Erfolg zu Wege
1663 744 2243 794 bringen, aber es nützt nichts
2294 744 2624 805 der Abend bot
1663 779 2627 845 bei den Besonnenen drei Achtungserfolge und nicht
1663 829 2622 888 mehr.“ „Die Gefährtin“ handelt von einer
1667 854 2628 918 Todten, die als junge Gattin des um 20 Jahre älteren
1671 897 2613 960 Professors Pilgram den jungen Dr. Hausmann liebt
1655 940 2624 1002 und dem Gatten untren wird, trotzdem sie wußte, daß
1658 968 2623 1041 ihr Liebster eine Andere liebt! Die Gemeinheit wird
1651 1014 2621 1079 Aoch dadurch gekrönt, daß die Freundin der lüderlichen
1660 1049 2606 1114 Frau, Olga Merholm, von Allem wußte und es dem
1662 1085 2604 1156 betrogenen Manne verschwieg, obgleich sie seine geistes¬
1661 1131 2610 1198 verwandte Freundin war und ist. Verlogenheit von Anfang
1659 1175 2611 1243 bis Ende. Hr. Nissen schmückte sich als Professor eine
1413 1209 2613 1262 Für 50 Zeittgreuliche Maske an; wie sollte er auch einen wirklich
1660 1238 2599 1315 Emenschlich aussehenden Mann darstellen, wenn er sich
1482 1254 1592 1303 100
1443 1277 1490 1317 „
2648 1258 2824 1321 inclusive
2655 1304 2794 1343 Porto.
1496 1299 1602 1342 200
1655 1297 2594 1354 gar so unwahr zu benehmen hatte! Dieser Professor
1450 1311 1487 1355 „
2652 1331 2806 1371 Zahlbar
1648 1333 2595 1395 verstand Alles, begriff die Untreue, hatte Fischblut und
2632 1356 2843 1420 im Voraus
1660 1372 2609 1446 war ein construirter Homunculus. Nicht weniger
1421 1377 1596 1444 " 1000
1657 1401 2870 1476 construirt war Olga Merholm, die falsche Freundin nitte ist das
1532 1424 1663 1478 Im G
1412 1453 2879 1532 Abonnement und allzu nachsichtige Dame. Thut nichts, Herr; steht es den
1660 1485 2106 1552 Schnitzler wurde gerufen.
1413 1504 1651 1567 Abonnenten
2579 1513 2770 1573 ändern.
1699 1522 2600 1591 „Der grüne Kakadu“ ist der Name eines Wirths¬
1646 1578 2599 1636 hauses und die Handlung, wenn man von einer solchen
1653 1604 2597 1668 Feden kann, spielt am Abend des Tages der Er¬
1648 1643 2590 1714 stürmung der Bastille. Ein gekünstelter Vor¬
1649 1692 2588 1750 gang klingt tragisch aus. In einer Spelunke
1653 1721 2599 1776 spielen Schauspieler, die bei dem Wirth, der ein ehe¬
1644 1780 2599 1844 maliger Theaterdirector war, dafür engagirt sind,
1636 1811 2594 1866 Strolche; und der vornehme Adel kommt in diese
1640 1844 2588 1912 Spelunke um sich den Spaß anzusehen. Natürlich ist
1635 1884 2598 1960 auch ein wirklicher Spitzbube und ein wirklicher
1631 1924 2590 1995 Künstler darunter. Dieser Künstler liebt Léocadie,
1634 1963 2589 2017 Phryne und Schauspielerin, und heirathet sie. Aber
1633 2002 2590 2057 ssie unterhält auch das Verhältniß mit dem Herzog
1641 2051 2288 2102 won Cadignan weiter und Heuri
2422 2054 2592 2105 ist der
1631 2074 2073 2139 MName des Künstlers
2148 2082 2591 2153 heuchelt den Adeligen
1638 2122 2585 2174 wor, daß er den Herzog bei seiner Frau in der
1637 2156 2597 2227 Garderobe fand und ihn erstach. Alle Welt
1628 2196 2593 2264 glaubt, es sei Komödie, nur die Schauspieler und
1634 2244 2589 2293 Der Wirth=Director, die von der Liebschaft seiner Frau
1638 2290 2593 2351 wissen, rathen ihm, zu fliehen. Er hört jetzt, daß Alle
1642 2319 2535 2366 von dem Verhältniß wußten, und enun erfährt er —
1627 2361 2459 2423 er, der wirklich nur eine Posse aufführte, das
2522 2372 2587 2428 in
1628 2394 2130 2453 Weib ihn betrüge. Er ist
2321 2403 2428 2454 und
1851 2435 2052 2492 ritt, ersticht
2412 2437 2569 2503 h. Jetzt
2001 2520 2049 2570 a
1865 2595 2077 2655 Dritter, und
2337 2598 2409 2656 nbet
1695 2630 2201 2682 fen: „Es lebe die Freiheit!
2243 2638 2574 2708 fällt der Vorhang.
1627 2663 2573 2738 Einzetheiten sind in dieser „Groteske“, wie der Dichter
1628 2711 2572 2772 iden Einacter seltsamer Weise nennt, recht amüsant,
2177 2753 2212 2778 —
1617 2752 2574 2822 faber der kolossale Aufbau, des Fünkchens von Hand¬
1620 2780 2573 2845 Aung wegen, wirkt verstimmend. Das Publicum blieb
1621 2833 2561 2891 fruhig, einige Leute aber, die nicht Publicum geuannt.
1620 2855 2569 2926 zwerden dürfen, „tobten in die Hände Sie müssen;
1619 2897 2580 2959 zsich nicht wundern, daß über ihr Wesen nun viel geklatscht¬
1610 2946 2576 3014 zwird und daß man dies ein — Unwesen nennen wirds
1650 3001 2570 3047 Das Versspiel „Paracelsus“ zeigt den lange
1621 3048 2563 3093 Iverkannten und in unserer Zeit erst voll gewürdigten
1610 3077 2569 3134 Hohenheim, dessen Vorname Bombastus als Begriffs¬
1622 3107 2568 3164 swort überging und einen Typus bezeichnet, wie er vor?
1612 3153 2576 3207 dem Waffenschmied Cyprian dessen Gattin durch Hyp¬
1623 3192 2567 3262 nose zur Selbstbezichtigung bringt und sie wieder vom
1614 3233 2572 3282 * Traume befreit. Er hatte ihr suggerirt, sie wäre dem
1619 3274 2585 3327 Gatten untreu geworden, woraus sich komische Scenen
1613 3311 2590 3385 ergeben. Dann befreit er die Arme in neuer Hypnose#
1621 3355 2559 3411 wieder von der Suggestion und der grobe Waffen¬
1627 3404 2560 3449 schmied muß an den Zauber des Paracelsus glauben.
1618 3430 2569 3486 Das Stückchen ist gefällig und wird länger auf
1724 3474 2572 3534 Repertoire bleiben als die voraufgegangenen.
1628 3478 1722 3531 dem
1617 3519 1712 3568 Es
1715 3525 2572 3571 sollte indessen statt Versspiel Scherzspiel
1619 3555 2564 3612 heißen, denn auf irgend welchen literarischen
1620 3580 2565 3630 oder theatralischen Werth kann es keinen An¬
1631 3625 2570 3682 spruch erheben. Josef Kainz, der den Schauspieler
1627 3665 2572 3728 Heuri im Grünen Kakadu“ meisterhaft sprach, spielte
1624 3697 2566 3761 auch die Rolle des Poracelsus wunderbar echt und
1625 3748 2567 3804 wahr. Seine Ueberlegenheit kam rühmenswerth zur
1619 3787 2579 3846 Geltung. Neben Kainz sind voll besonderer Auer¬
1634 3820 2574 3875 kennung zu nennen Lomise Dumont als des Waffen¬
1640 3872 2572 3919 schmieds Gattin und Else Heims als dessen Schwester.
1661 3902 2578 3955 Um gerecht zu sein, sei noch betont, daß H. Rittner
1629 3942 2573 3994 im „Grünen Kakadu“ den echten Strolch vortrefflich
1638 3985 2567 4034 spielte und daß Maria Reisenhofer als Léocadie
2389 4023 2542 4068 G—.
1619 4020 1947 4099 berückend aussah.
