3436 4256
1904 177 1955 232 S
358 171 1990 269 9.4. Der Bruche Kakadi1 1—
857 994 1258 1063 Telefon 12801.
426 1088 1576 1214 ½ „ Unternehmen für Zeitungs-Ausschnitte.
1442 1147 1645 1212 Ausschnitt
731 1178 1732 1315 „OBSERVER“ Nr. 36
350 1298 1755 1383 L. österr. behördl. conc. Bureau für Zeitungsberichte u. Personalnachrichte
543 1370 1612 1465 Wien, IX/1. Türkenstrasse 17.
740 1459 1408 1541 Flliale in Budapest: „Figyelo“
443 1538 1687 1610 Vertretungen in Berlin, Chioago, London, Newyork, l’aris, Stockholm.
346 1665 877 1746 Ausschnitt aus:
877 1665 1573 1782 Hannoverischer Pourier, Hannerer
357 1797 762 1886 vom 7/ 09
671 2078 1759 2163 (Kleine Mittheilungen.) Professor Angeli in Wien
568 2108 1740 2211 „ist nach Schloß Windsor berufen worden, um ein Porträt der
583 2176 1718 2243 Königin Victoria nach ihrer Rückkehr von der Riviera zu malen. —
592 2199 1743 2286 Drei Einakter von AuburSchnitler wurden am Sonnabend
581 2242 1732 2321 zu Berlin im Deutschen Theater gegeben. Der erste, „Die Gefährtin“,
593 2279 1742 2356 eine kurze feine psychologische Skizze aus dem Eheleben, fesselte.
592 2314 1739 2404 Geradezu enthusiastisch wurde das zweite Werk, das groteske „Der
579 2363 1739 2419 grüne Kakadu“, aufgenommen. Mit ungeheurer dramatischer
593 2391 1729 2472 Wucht läßt hier der Dichter auf dem Hintergrund der französischen
580 2430 1739 2504 Revolution eine Ehetragödie aus dem Komödiautenleben sich ab¬
584 2466 1738 2550 spielen. Humor und Tragik verweben sich zu bleudenden Effekten.
576 2507 1735 2580 Bei dem Schlußstück „Paracelsus“ das stark gesucht seine Wirkungen
584 2535 1728 2616 aus Mystik und Hypnotismus herholt, vermochte nur Josef Kainz'
581 2571 1728 2651 sprühende Dialektik in der Titelrolle zu fesseln. — Noch ein neues
576 2611 1735 2689 Theater wird für die Pariser Weltausstellung 1900 vor¬
580 2648 1734 2720 bereitet. Es ist das ein Theater in frischer Luft, das den Namen
582 2701 1731 2773 „Theatre Provincial“ erhalten soll und das wir, um keine falsche
571 2730 1728 2803 Vorstellung zu erwecken, nicht wörtlich übersetzen dürfen, sondern
578 2768 1733 2822 mit Dialekttheater etwa bezeichnen müssen. Auf dieser Bühne
578 2794 1729 2893 soll die dramatische Literatur der französischen Provinz zu Worte
574 2835 759 2887 kommen.
806 3056 1365 3138 Bezugs-Bedingungen.
1413 3111 1532 3181 7.50
364 3126 1402 3190 Für 50 Zeitungsauschnitte (Artikei oder Notizen) fl.
1563 3124 1745 3203 inelusive
1405 3159 1542 3218 14.—
455 3175 554 3222 100
1576 3184 1734 3229 Porto.
1404 3198 1538 3254 25.—
451 3214 556 3259 200
1561 3212 1748 3277 Zahlbar
1395 3246 1504 3287 55.—
448 3251 566 3300 500
1377 3257 1768 3347 100.— im Voraus.
391 3279 555 3353 „ 1000
491 3322 1813 3387 Im Gegensatze zu anderen Bureauz „ür Zeitungsausschnitte ist das
369 3376 1816 3451 Abonnement durch keine bestimmte Zeitdauer begrenzt; — auch steht es den
377 3415 1681 3478 Abonnenten frei die aufgegebenen Themen zu ergänzen oder zu ändern.
2145 167 2609 258 box 15/6
2409 778 2694 854 —heiter.
2018 839 3196 927 Im Deutschen Theater wurden am Sonnabend drei neue
1947 862 3177 949 Einakter von Arthur Schnitzler, die schon am Wiener Burg¬
1941 928 3185 995 Theater ihre Feuerprobe bestanden, zum erstenmale aufgeführt. Ist
1944 959 3183 1023 es auch nicht viel im starken Sinne, so ist es doch vielerlei, an das
1943 1007 3191 1067 sich die regsame und geschmeidige Begabung Schnitzlers heranwagt.
1949 1044 3187 1107 Eins hat Schnitzler vor den meisten seiner Wiener Mitbewerber voraus:
1951 1082 3184 1140 Seine Kunstarbeit ist von Anfang bis zu Ende sauber und niemals¬
1945 1115 3185 1159 fahrig. Ein geistreicher Beobachter führt das Wort. Ihm sind die
1945 1158 3185 1224 heftigen, die leidenschaftlichen Töne nicht so sehr eigentümlich. Seine
1942 1199 3180 1263 Kunst wurzelt nicht in tiefschöpfender Kraft, sondern mehr in be¬
1944 1236 3180 1306 weglicher Anmnt. Sie wird einigermaßen schen vor dem großen
1946 1279 3178 1342 tragischen Vorwurf. Am Einakter vom „Grünen Kakadu“ konnte
1938 1308 3174 1380 man das deutlich wahrnehmen. Der Antor nennt ihn eine Groteske;
1941 1356 3169 1420 der Akt hatte unter allen dreien den lebhaftesten Erfolg.
1950 1390 3180 1439 Doch wenn man von den witzig beleuchteten Kontrasten
1947 1432 3173 1506 und dem klug geführten theatralischen Bau absieht, in
1933 1466 3171 1537 der innersten Seele des Stücks lebt nichts, was in Wahrheit
1945 1515 3179 1575 erschüttert. Und das, trotzdem die Vorgänge im „Grünen Kakadu“
1940 1555 3177 1625 mit dem Sturm der Bastille, mit der Erregung der großen Revo¬
1944 1584 3173 1657 lution zeitlich zusammenfallen. Es ist, als wenn einer an einem
1942 1627 3177 1712 aufflammenden Brand sein Spähnchen entzündete. Es bleibt etwas
1941 1666 3170 1728 Anekdotisches an allem haften. Zum Teil liegt es an der kurz¬
1937 1692 3167 1774 artmigen, spitz ausgeführten Form des Einakters, wie sie jetzt
1938 1741 3173 1797 manngfach Mode geworden ist. Der „Grüne Kakadn“ ist eine Wein¬
1939 1782 3164 1847 wirtschaft, der ein findiger Gastwirt den Scheincharakter einer Ver¬
1937 1823 3168 1880 brecherkneipe gegeben hat. Gedungene Schauspieler müssen täglich
1933 1857 3184 1931 vor einer aristokratischen Gesellschaft von Tröpfen und Verlotterten
1937 1895 3180 1957 sich als Verbrecher kostümieren und die schlimmsten Scheinabenteuer
1930 1941 3182 2012 zum besten geben. So giebt sich einmal auch der Erste der Truppe,
1829 1986 3212 2060 Für Herr Heuri, für einen Mörder aus. Er hätte den Liebhaber seiner
1928 2021 3170 2087 Frau erschlagen. Während er phantastisch spielt, erfährt er, daß ein
1945 2059 3200 2145 Herzog wirklich ein Verhältnis mit seiner jungen Frau pflege. Dasx
1937 2090 3221 2186 Spiel wandelt sich in Ernst, als dieser Herzog in den Verbrecher=us.
1841 2147 3177 2187 # 1 keller eintritt. Der Straßenlärm draußen sagt: „Die Bastille ist“
1929 2174 3271 2238 gefallen“ und im „Verbrecherkeller“ Prospères ersticht der rasende das
1936 2210 3278 2297 Komödiant, der von Kainz im virtnosen Stil gegeben wurde,; den
1824 2213 1933 2284 Abor
1948 2248 2827 2318 den Herzog, der ihm sein Liebstes raubte.
1822 2270 1927 2330 Abor
2902 2267 3170 2324 Am Wiener
1938 2282 3168 2360 Hof=Theater ist diese Komödie, die wirklich nichts
1931 2330 3176 2398 Aufwühlendes an sich hat, anstandslos gegeben worden. Bei uns
1930 2354 3164 2440 hat man sich nur schwer entschlossen, die Komödie frei zu geben.
1931 2407 3169 2477 Das ist charalteristisch für das Thema: Berliner Kunst und Polizei.?
2005 2449 3152 2516 Das Schauspiel „Eine Gefährtin“ gefiel und regte an,
1929 2475 3146 2556 doch nicht so lebhaft, als der „Grüne Kakadu.“ Es ist ein Drama
1920 2527 3151 2592 mit elegischem Grundklang, aber es ruht auf spitzfindigen Voraus¬
1923 2565 3150 2641 setzungen. Professor Pilgram — von Nissen klug und ohne
1929 2606 3160 2675 Sentimentalität gespielt — hat eben sein Weib begraben. Er war
1914 2638 3150 2709 um zwanzig Jahre älter gewesen, als er sie heiratete; es kam, wie
1924 2681 3152 2749 es zu gehen pflegt. Die Gattin wandte sich vom alternden Mann
1917 2718 3153 2791 dem jüngeren Freund zu. Herr Pilgram ahnte es, begriff und ließ
1920 2748 3154 2825 es geschehen. Erst nach dem Tode der Gattin erfährt er die volle,
1915 2793 2373 2847 beschämende Wahrheit.
2380 2809 3144 2873 Dem jüngeren Freund war Pilgrams
1922 2835 3150 2905 Gattin mit Bewußtsein nicht viel mehr als eine Dirne. Und um
1922 2875 3150 2940 ein solches Weib hatte Professor Pilgram zehn Jahre lang gelitten!
1990 2910 3164 2978 Am wenigsten verkleidet kommt Schnitzler in einem Versspielz
1914 2939 3143 3023 von anmutig zierlichem Zuschnitt, dem „Paracelsus“; Paracelsus
1913 2977 3151 3065 ist ein verseinerter Schwank, über den doch wieder einige ver¬
1913 3015 3168 3094 sonnene Melancholie wie ein leichter Flor gebreitet ist. Diesen
1915 3058 3151 3134 reinliche Arbeit wußte eber am wenigsten zu fesseln, wiewohl
1924 3097 3150 3177 Kainz als Paracelsus pnächtige kapriciöse Lanne und Nissen
1910 3143 3155 3215 derbe Frische entwickelte. „Paracehus“, der überlegene Geist, wird von
1919 3178 3149 3251 dem Baseler Schwertfeger Cyprian doch nur wie ein fahrender
1916 3211 3152 3298 Hexenmeister und zigennernder Lump behandelt. Dafür rächt sich
1908 3262 3145 3329 der Meister an dem biederen, aber beschränkten Bourgeois, indem er
1909 3290 3145 3369 Cyprians Gattin in Hypnose versetzt. Während der Hypnose giebt
1907 3329 3151 3417 Justina auf Geheiß des Paracelsus Rechenschaft von ihren innersten
1918 3373 3139 3446 Gefühlen, und sie sind nicht von der Art, daß sie den Gatten be¬
1918 3403 3138 3483 sonders stolz machen können. Das Spiel endigt, wie in moderni¬
1913 3446 3143 3533 sierter Hans Sachs=Weise, mit dem Gelöbnis Cyprians, heilsam be¬
1904 3482 2199 3555 lehrt zu sein. —
2532 4078 2850 4158 Z
