<?xml version="1.0" encoding="UTF-8" standalone="yes"?>
<PcGts xmlns="http://schema.primaresearch.org/PAGE/gts/pagecontent/2013-07-15" xmlns:xsi="http://www.w3.org/2001/XMLSchema-instance" xsi:schemaLocation="http://schema.primaresearch.org/PAGE/gts/pagecontent/2013-07-15 http://schema.primaresearch.org/PAGE/gts/pagecontent/2013-07-15/pagecontent.xsd">
    <Metadata>
        <Creator>prov=University of Rostock/Institute of Mathematics/CITlab/Gundram Leifert/gundram.leifert@uni-rostock.de:name=ONB_Newseye_GT_M1+(htr_id=10810)::::v=2.4.2
prov=University of Rostock/Institute of Mathematics/CITlab/Tobias Gruening/tobias.gruening@uni-rostock.de:name=de.uros.citlab.module.baseline2polygon.B2PSeamMultiOriented:v=2.4.2
prov=University of Rostock/Institute of Mathematics/CITlab/Tobias Gruening/tobias.gruening@uni-rostock.de:name=/mnt/transkribus/LA/DEA/URO/LA_news_onb_att.pb:de.uros.citlab.segmentation.CITlab_LA_ML:v=2.4.2
Transkribus</Creator>
        <Created>2019-10-07T11:42:09.306+02:00</Created>
        <LastChange>2019-10-08T18:14:26.307+02:00</LastChange>
        <TranskribusMetadata docId="223987" pageId="9503057" pageNr="236" tsid="16605973" status="IN_PROGRESS" userId="40391" imgUrl="https://files.transkribus.eu/Get?id=GPLAREOSNCNOQVLKOGBWLLGQ&amp;fileType=view" xmlUrl="https://files.transkribus.eu/Get?id=XDJQCFHBOMTOUKIXFOJALOHQ" imageId="6193271"/>
    </Metadata>
    <Page imageFilename="223987_0236.jpeg" imageWidth="3436" imageHeight="4352">
        <ReadingOrder>
            <OrderedGroup id="ro_1711447365792" caption="Regions reading order">
                <RegionRefIndexed index="0" regionRef="r1"/>
                <RegionRefIndexed index="1" regionRef="r2"/>
                <RegionRefIndexed index="2" regionRef="r3"/>
            </OrderedGroup>
        </ReadingOrder>
        <TextRegion orientation="0.0" id="r1" custom="readingOrder {index:0;}">
            <Coords points="228,224 228,287 1305,287 1305,224"/>
            <TextLine id="r1l1" custom="readingOrder {index:0;}">
                <Coords points="748,264 926,262 960,242 985,260 1292,260 1311,252 1311,223 1237,188 1182,213 1026,189 959,220 747,218"/>
                <Baseline points="754,250 781,250 809,250 836,250 864,249 891,249 919,249 946,248 974,248 1001,247 1029,247 1057,247 1084,246 1112,246 1139,245 1167,245 1194,245 1222,244 1249,244 1277,244 1305,244"/>
                <TextEquiv>
                    <Unicode>uene Kakadu</Unicode>
                </TextEquiv>
            </TextLine>
            <TextLine id="r1l2" custom="readingOrder {index:1;}">
                <Coords points="506,262 518,262 531,255 545,263 579,259 590,265 602,264 610,255 625,256 623,218 607,218 574,203 569,208 503,205"/>
                <Baseline points="512,254 538,252 565,250 591,249 618,250"/>
                <TextEquiv>
                    <Unicode>er</Unicode>
                </TextEquiv>
            </TextLine>
            <TextLine id="r1l3" custom="readingOrder {index:2;}">
                <Coords points="221,253 495,299 1268,288 1268,248 787,258 705,207 543,258 438,253 365,197 221,209"/>
                <Baseline points="228,252 279,258 331,263 382,267 434,271 486,273 537,275 589,276 641,277 692,277 744,277 796,276 847,276 899,275 951,273 1002,272 1054,271 1106,269 1157,268 1209,267 1261,266"/>
                <TextEquiv>
                    <Unicode>9. 3 neetenetee</Unicode>
                </TextEquiv>
            </TextLine>
            <TextEquiv>
                <Unicode>uene Kakadu
er
9. 3 neetenetee</Unicode>
            </TextEquiv>
        </TextRegion>
        <TextRegion orientation="0.0" id="r2" custom="readingOrder {index:1;}">
            <Coords points="1451,133 1451,290 1851,290 1851,133"/>
            <TextLine id="r2l1" custom="readingOrder {index:0;}">
                <Coords points="1444,251 1593,255 1647,237 1673,252 1726,245 1751,257 1858,235 1857,194 1817,175 1665,180 1621,214 1561,188 1516,202 1482,181 1444,206"/>
                <Baseline points="1451,240 1476,239 1501,239 1526,239 1551,239 1576,239 1601,239 1626,240 1651,240 1676,240 1701,240 1726,240 1751,240 1776,239 1801,237 1826,235 1851,233"/>
                <TextEquiv>
                    <Unicode>box 15/3</Unicode>
                </TextEquiv>
            </TextLine>
            <TextEquiv>
                <Unicode>box 15/3</Unicode>
            </TextEquiv>
        </TextRegion>
        <TextRegion orientation="0.0" id="r3" custom="readingOrder {index:2;}">
            <Coords points="2116,100 2116,3912 3036,3912 3036,100"/>
            <TextLine id="r3l1" custom="readingOrder {index:0;}">
                <Coords points="2860,129 2887,133 2892,139 2912,137 2929,148 2933,144 2958,148 2964,142 2979,144 3029,125 3030,106 3011,99 2991,109 2981,103 2920,106 2906,99 2863,94"/>
                <Baseline points="2868,120 2893,124 2919,126 2945,127 2970,127 2996,129 3022,133"/>
                <TextEquiv>
                    <Unicode>rre</Unicode>
                </TextEquiv>
            </TextLine>
            <TextLine id="r3l2" custom="readingOrder {index:1;}">
                <Coords points="2172,160 2511,180 2606,168 2634,183 2762,172 2763,142 2173,117"/>
                <Baseline points="2178,151 2206,153 2235,154 2264,155 2293,156 2322,157 2351,158 2380,159 2409,160 2438,161 2467,162 2495,162 2524,163 2553,164 2582,165 2611,165 2640,165 2669,166 2698,166 2727,166 2756,166"/>
                <TextEquiv>
                    <Unicode>sayit in an interesting Tachion.</Unicode>
                </TextEquiv>
            </TextLine>
            <TextLine id="r3l3" custom="readingOrder {index:2;}">
                <Coords points="2206,194 2239,215 2981,230 3034,207 3019,177 2925,165 2594,185 2206,163"/>
                <Baseline points="2212,193 2252,196 2293,199 2334,200 2375,202 2416,204 2456,204 2497,205 2538,205 2579,206 2620,206 2660,206 2701,206 2742,206 2783,207 2824,208 2864,208 2905,209 2946,211 2987,213 3028,215"/>
                <TextEquiv>
                    <Unicode>Tho play takes the unusual form of four</Unicode>
                </TextEquiv>
            </TextLine>
            <TextLine id="r3l4" custom="readingOrder {index:3;}">
                <Coords points="2169,245 3027,254 2879,211 2169,200"/>
                <Baseline points="2175,242 2217,242 2259,242 2301,243 2344,243 2386,244 2428,245 2470,246 2513,246 2555,247 2597,248 2639,249 2682,250 2724,251 2766,252 2808,253 2851,253 2893,254 2935,254 2977,255 3020,255"/>
                <TextEquiv>
                    <Unicode>short scenes. It began in the kitchen of a doss¬</Unicode>
                </TextEquiv>
            </TextLine>
            <TextLine id="r3l5" custom="readingOrder {index:4;}">
                <Coords points="2166,306 2315,283 2985,306 3036,274 2167,245"/>
                <Baseline points="2173,284 2215,284 2258,285 2301,286 2344,287 2387,288 2429,289 2472,290 2515,290 2558,291 2601,292 2643,293 2686,294 2729,294 2772,295 2815,296 2857,296 2900,297 2943,297 2986,298 3029,298"/>
                <TextEquiv>
                    <Unicode>heuse, which Jim Harris managed for bis</Unicode>
                </TextEquiv>
            </TextLine>
            <TextLine id="r3l6" custom="readingOrder {index:5;}">
                <Coords points="2165,343 2339,321 2988,354 3041,320 2848,295 2166,303"/>
                <Baseline points="2172,327 2215,328 2258,329 2301,329 2344,330 2387,331 2430,332 2473,332 2516,333 2559,334 2603,335 2646,335 2689,336 2732,336 2775,337 2818,338 2861,338 2904,339 2947,339 2990,340 3034,341"/>
                <TextEquiv>
                    <Unicode>mother. Thither came Liz Higgins, forlorn</Unicode>
                </TextEquiv>
            </TextLine>
            <TextLine id="r3l7" custom="readingOrder {index:6;}">
                <Coords points="2161,379 2998,396 3036,383 3037,347 2162,345"/>
                <Baseline points="2168,369 2211,369 2254,369 2297,370 2340,370 2383,371 2426,372 2469,373 2512,374 2555,375 2599,377 2642,378 2685,379 2728,380 2771,381 2814,382 2857,383 2900,384 2943,385 2986,385 3030,385"/>
                <TextEquiv>
                    <Unicode>and penniless, to be subsequently pursued by</Unicode>
                </TextEquiv>
            </TextLine>
            <TextLine id="r3l8" custom="readingOrder {index:7;}">
                <Coords points="2165,422 3019,437 3035,392 2166,385"/>
                <Baseline points="2172,408 2214,410 2257,411 2300,412 2343,414 2385,415 2428,416 2471,417 2514,418 2556,419 2599,420 2642,421 2685,422 2727,423 2770,424 2813,425 2856,426 2898,428 2941,429 2984,431 3027,432"/>
                <TextEquiv>
                    <Unicode>her drunken and foul-mouthed husband Bill.</Unicode>
                </TextEquiv>
            </TextLine>
            <TextLine id="r3l9" custom="readingOrder {index:8;}">
                <Coords points="2160,478 2290,454 3028,486 3004,434 2162,420"/>
                <Baseline points="2168,452 2210,454 2253,455 2295,457 2338,458 2381,459 2423,460 2466,461 2509,463 2551,464 2594,464 2637,465 2679,466 2722,467 2765,468 2807,469 2850,470 2893,471 2935,472 2978,473 3021,474"/>
                <TextEquiv>
                    <Unicode>Bill was a boon companion of Jim Harris, but</Unicode>
                </TextEquiv>
            </TextLine>
            <TextLine id="r3l10" custom="readingOrder {index:9;}">
                <Coords points="2161,502 3025,526 2995,471 2162,468"/>
                <Baseline points="2168,495 2210,497 2253,498 2295,499 2338,501 2380,502 2423,504 2465,505 2508,506 2550,508 2593,508 2636,510 2678,511 2721,511 2763,512 2806,513 2848,513 2891,514 2933,514 2976,514 3019,514"/>
                <TextEquiv>
                    <Unicode>Jim proposed to hide the wife and pack the</Unicode>
                </TextEquiv>
            </TextLine>
            <TextLine id="r3l11" custom="readingOrder {index:10;}">
                <Coords points="2157,542 3026,564 3027,528 2973,516 2158,511"/>
                <Baseline points="2164,536 2206,538 2249,539 2292,541 2335,543 2377,543 2420,545 2463,546 2506,547 2548,549 2591,550 2634,551 2677,552 2719,553 2762,553 2805,553 2848,554 2890,554 2933,554 2976,554 3019,554"/>
                <TextEquiv>
                    <Unicode>Thusband off. Wewere neverquite at home with</Unicode>
                </TextEquiv>
            </TextLine>
            <TextLine id="r3l12" custom="readingOrder {index:11;}">
                <Coords points="2160,579 3031,598 3031,565 2979,559 2161,542"/>
                <Baseline points="2166,574 2208,575 2251,577 2294,578 2337,580 2380,582 2423,583 2466,585 2509,587 2552,588 2595,589 2637,590 2680,591 2723,592 2766,592 2809,593 2852,593 2895,593 2938,593 2981,592 3024,591"/>
                <TextEquiv>
                    <Unicode>Jim. From tho first ho seemed a kind of hero</Unicode>
                </TextEquiv>
            </TextLine>
            <TextLine id="r3l13" custom="readingOrder {index:12;}">
                <Coords points="2161,632 2406,616 2987,656 3033,629 3013,596 2163,580"/>
                <Baseline points="2168,611 2210,613 2253,614 2296,616 2339,617 2382,619 2425,621 2468,622 2511,623 2554,625 2597,626 2639,627 2682,628 2725,629 2768,629 2811,630 2854,630 2897,630 2940,630 2983,629 3026,628"/>
                <TextEquiv>
                    <Unicode>whom you would not find managing just any</Unicode>
                </TextEquiv>
            </TextLine>
            <TextLine id="r3l14" custom="readingOrder {index:13;}">
                <Coords points="2167,656 2948,678 3034,647 2168,615"/>
                <Baseline points="2174,650 2216,652 2259,653 2301,654 2344,655 2387,657 2429,658 2472,659 2515,660 2557,662 2600,663 2643,664 2685,665 2728,666 2771,667 2813,668 2856,669 2899,669 2941,670 2984,670 3027,670"/>
                <TextEquiv>
                    <Unicode>dosshouse. He was attracted by the woman 8</Unicode>
                </TextEquiv>
            </TextLine>
            <TextLine id="r3l15" custom="readingOrder {index:14;}">
                <Coords points="2161,686 2582,717 3031,704 3031,681 2905,667 2162,654"/>
                <Baseline points="2168,687 2210,688 2253,689 2296,690 2339,691 2382,692 2424,694 2467,695 2510,696 2553,698 2596,699 2638,701 2681,702 2724,703 2767,704 2810,705 2852,705 2895,706 2938,706 2981,706 3024,705"/>
                <TextEquiv>
                    <Unicode>pretty helplessness and annoyed by Bill, so</Unicode>
                </TextEquiv>
            </TextLine>
            <TextLine id="r3l16" custom="readingOrder {index:15;}">
                <Coords points="2194,731 3020,743 3020,712 2833,700 2195,695"/>
                <Baseline points="2200,725 2240,727 2281,729 2321,731 2362,732 2403,734 2443,735 2484,736 2525,738 2565,739 2606,740 2647,741 2687,742 2728,742 2769,743 2809,743 2850,744 2891,744 2931,744 2972,744 3013,744"/>
                <TextEquiv>
                    <Unicode>hen ahe wan diesovered he hustled her out of</Unicode>
                </TextEquiv>
            </TextLine>
            <TextLine id="r3l17" custom="readingOrder {index:16;}">
                <Coords points="2166,770 2582,778 2757,811 2878,786 2941,816 3043,755 2372,757 2167,722"/>
                <Baseline points="2173,764 2216,765 2259,767 2302,769 2345,771 2388,772 2431,774 2475,775 2518,776 2561,778 2604,779 2647,780 2690,781 2733,782 2777,783 2820,784 2863,784 2906,785 2949,785 2992,786 3036,786"/>
                <TextEquiv>
                    <Unicode>the house and kept the fuming Bill behind</Unicode>
                </TextEquiv>
            </TextLine>
            <TextLine id="r3l18" custom="readingOrder {index:17;}">
                <Coords points="2162,818 2826,839 2815,787 2759,809 2646,783 2164,771"/>
                <Baseline points="2169,798 2201,800 2234,803 2266,804 2299,806 2331,808 2364,810 2396,811 2429,813 2461,814 2494,816 2527,817 2559,818 2592,820 2624,821 2657,822 2689,823 2722,825 2754,826 2787,826 2820,827"/>
                <TextEquiv>
                    <Unicode>long enough for her to escape.</Unicode>
                </TextEquiv>
            </TextLine>
            <TextLine id="r3l19" custom="readingOrder {index:18;}">
                <Coords points="2306,861 2439,887 2601,876 2885,895 2886,863 2828,842 2307,834"/>
                <Baseline points="2312,867 2340,869 2368,871 2396,873 2425,875 2453,875 2481,876 2510,878 2538,878 2566,879 2595,879 2623,880 2651,880 2679,880 2708,881 2736,882 2764,882 2793,883 2821,884 2849,885 2878,886"/>
                <TextEquiv>
                    <Unicode>BETWEEN TWO STOOLS.</Unicode>
                </TextEquiv>
            </TextLine>
            <TextLine id="r3l20" custom="readingOrder {index:19;}">
                <Coords points="2203,916 2995,944 3035,931 3037,888 2204,875"/>
                <Baseline points="2210,911 2253,913 2296,915 2339,917 2382,919 2425,920 2468,921 2511,923 2554,925 2597,926 2641,927 2684,929 2727,930 2770,931 2813,931 2856,932 2899,933 2942,933 2985,934 3029,934"/>
                <TextEquiv>
                    <Unicode>In the next scene, midnight having fallen</Unicode>
                </TextEquiv>
            </TextLine>
            <TextLine id="r3l21" custom="readingOrder {index:20;}">
                <Coords points="2157,966 3013,990 3015,946 2158,918"/>
                <Baseline points="2164,950 2206,951 2248,953 2290,955 2332,956 2374,957 2416,959 2459,960 2501,961 2543,963 2585,964 2627,965 2669,966 2711,967 2754,968 2796,969 2838,970 2880,971 2922,972 2964,973 3007,974"/>
                <TextEquiv>
                    <Unicode>upon the dosshouse, Liz Higgins crept back.</Unicode>
                </TextEquiv>
            </TextLine>
            <TextLine id="r3l22" custom="readingOrder {index:21;}">
                <Coords points="2166,983 2647,1018 3033,1006 3033,974 2166,961"/>
                <Baseline points="2172,989 2214,990 2257,991 2300,992 2342,993 2385,995 2428,996 2470,998 2513,999 2556,1001 2599,1002 2641,1003 2684,1005 2727,1006 2769,1007 2812,1008 2855,1008 2897,1009 2940,1009 2983,1008 3026,1008"/>
                <TextEquiv>
                    <Unicode>Sue was quite resoureeless, Jim liked her more</Unicode>
                </TextEquiv>
            </TextLine>
            <TextLine id="r3l23" custom="readingOrder {index:22;}">
                <Coords points="2161,1037 2621,1060 2757,1037 2987,1052 3027,1080 3029,1013 2161,1012"/>
                <Baseline points="2168,1028 2210,1030 2253,1031 2295,1033 2338,1034 2381,1035 2423,1036 2466,1037 2509,1039 2551,1040 2594,1041 2637,1042 2679,1043 2722,1044 2765,1045 2807,1046 2850,1047 2893,1047 2935,1048 2978,1048 3021,1049"/>
                <TextEquiv>
                    <Unicode>and more, gave her sixpence for a night's</Unicode>
                </TextEquiv>
            </TextLine>
            <TextLine id="r3l24" custom="readingOrder {index:23;}">
                <Coords points="2165,1071 2968,1101 3032,1097 3033,1045 2165,1041"/>
                <Baseline points="2171,1068 2213,1070 2256,1071 2299,1072 2342,1073 2384,1074 2427,1075 2470,1076 2513,1077 2555,1078 2598,1079 2641,1080 2684,1081 2726,1082 2769,1082 2812,1083 2855,1084 2897,1085 2940,1085 2983,1086 3026,1086"/>
                <TextEquiv>
                    <Unicode>lodging, and proposed te meet her in the morn¬</Unicode>
                </TextEquiv>
            </TextLine>
            <TextLine id="r3l25" custom="readingOrder {index:24;}">
                <Coords points="2158,1111 2777,1113 3023,1145 3024,1096 2995,1087 2159,1071"/>
                <Baseline points="2164,1105 2206,1107 2249,1108 2291,1110 2334,1111 2377,1112 2419,1113 2462,1114 2505,1116 2547,1116 2590,1117 2633,1118 2675,1119 2718,1120 2761,1121 2803,1122 2846,1122 2889,1123 2931,1125 2974,1125 3017,1126"/>
                <TextEquiv>
                    <Unicode>#ing and set up house with her. She was not</Unicode>
                </TextEquiv>
            </TextLine>
            <TextLine id="r3l26" custom="readingOrder {index:25;}">
                <Coords points="2166,1140 2413,1165 3028,1159 3028,1138 2938,1124 2167,1111"/>
                <Baseline points="2172,1143 2214,1145 2256,1146 2299,1147 2341,1149 2384,1150 2426,1151 2469,1152 2511,1153 2554,1154 2596,1154 2638,1155 2681,1156 2723,1157 2766,1157 2808,1158 2851,1158 2893,1159 2936,1160 2978,1160 3021,1161"/>
                <TextEquiv>
                    <Unicode>exbilarated bythe prospect or his kisses. After</Unicode>
                </TextEquiv>
            </TextLine>
            <TextLine id="r3l27" custom="readingOrder {index:26;}">
                <Coords points="2153,1204 2252,1182 3022,1216 3023,1184 2154,1156"/>
                <Baseline points="2160,1182 2202,1183 2245,1184 2288,1186 2331,1187 2374,1188 2416,1189 2459,1190 2502,1191 2545,1192 2588,1193 2630,1194 2673,1195 2716,1196 2759,1197 2802,1198 2844,1199 2887,1199 2930,1200 2973,1201 3016,1201"/>
                <TextEquiv>
                    <Unicode>Fall, ehe was her Bill's lawful wife; she was</Unicode>
                </TextEquiv>
            </TextLine>
            <TextLine id="r3l28" custom="readingOrder {index:27;}">
                <Coords points="2156,1217 2239,1241 2856,1233 2907,1256 3021,1247 3022,1216 2156,1200"/>
                <Baseline points="2162,1218 2204,1220 2247,1222 2289,1224 2332,1226 2375,1226 2417,1228 2460,1229 2503,1230 2545,1231 2588,1232 2631,1232 2673,1233 2716,1233 2759,1234 2801,1235 2844,1235 2887,1236 2929,1236 2972,1237 3015,1238"/>
                <TextEquiv>
                    <Unicode>Tborn respectable, and in some fashion orrother</Unicode>
                </TextEquiv>
            </TextLine>
            <TextLine id="r3l29" custom="readingOrder {index:28;}">
                <Coords points="2150,1269 3034,1277 3000,1244 2857,1233 2238,1241 2151,1215"/>
                <Baseline points="2157,1257 2200,1259 2244,1260 2287,1261 2331,1263 2374,1264 2418,1266 2461,1266 2505,1268 2548,1269 2592,1270 2635,1272 2679,1273 2722,1274 2766,1275 2809,1276 2853,1278 2896,1278 2940,1279 2983,1281 3027,1282"/>
                <TextEquiv>
                    <Unicode>Ishe still loved the brutish rascal. So the third</Unicode>
                </TextEquiv>
            </TextLine>
            <TextLine id="r3l30" custom="readingOrder {index:29;}">
                <Coords points="2161,1320 2229,1297 2342,1317 2375,1298 2397,1313 2451,1302 2666,1320 2695,1310 2696,1289 2609,1270 2440,1281 2162,1261"/>
                <Baseline points="2168,1294 2194,1295 2220,1297 2246,1297 2272,1299 2298,1300 2324,1300 2350,1302 2376,1303 2402,1304 2428,1304 2454,1305 2480,1306 2506,1307 2532,1307 2558,1308 2584,1308 2610,1308 2636,1308 2662,1308 2689,1308"/>
                <TextEquiv>
                    <Unicode>scene took her buck to him.</Unicode>
                </TextEquiv>
            </TextLine>
            <TextLine id="r3l31" custom="readingOrder {index:30;}">
                <Coords points="2195,1325 2386,1354 3015,1363 3016,1324 2943,1309 2196,1306"/>
                <Baseline points="2202,1331 2242,1334 2282,1336 2323,1339 2363,1340 2403,1343 2444,1344 2484,1345 2524,1346 2565,1347 2605,1348 2645,1349 2686,1350 2726,1350 2766,1351 2807,1351 2847,1352 2887,1352 2928,1353 2968,1354 3009,1354"/>
                <TextEquiv>
                    <Unicode>There was no doubt about Mre. Higgins.</Unicode>
                </TextEquiv>
            </TextLine>
            <TextLine id="r3l32" custom="readingOrder {index:31;}">
                <Coords points="2155,1378 2901,1405 3009,1400 3010,1366 2156,1337"/>
                <Baseline points="2162,1374 2204,1375 2246,1376 2288,1377 2330,1378 2372,1380 2414,1381 2456,1382 2498,1383 2540,1384 2582,1386 2624,1387 2666,1388 2708,1389 2750,1390 2792,1391 2834,1392 2876,1392 2918,1393 2960,1393 3003,1394"/>
                <TextEquiv>
                    <Unicode>FShe was a real human ereature in all her vacil¬</Unicode>
                </TextEquiv>
            </TextLine>
            <TextLine id="r3l33" custom="readingOrder {index:32;}">
                <Coords points="2158,1410 2354,1436 3025,1429 3019,1387 2696,1405 2159,1372"/>
                <Baseline points="2164,1413 2206,1414 2249,1415 2292,1416 2335,1417 2377,1419 2420,1421 2463,1422 2506,1424 2548,1425 2591,1427 2634,1428 2677,1430 2719,1431 2762,1431 2805,1432 2848,1432 2890,1432 2933,1431 2976,1430 3019,1429"/>
                <TextEquiv>
                    <Unicode>iations and ber helplessneen. Perhaps we did</Unicode>
                </TextEquiv>
            </TextLine>
            <TextLine id="r3l34" custom="readingOrder {index:33;}">
                <Coords points="2163,1458 3013,1488 3015,1435 2164,1422"/>
                <Baseline points="2170,1453 2211,1454 2253,1455 2295,1456 2337,1457 2379,1459 2421,1460 2462,1461 2504,1463 2546,1464 2588,1465 2630,1466 2672,1467 2714,1468 2755,1469 2797,1470 2839,1470 2881,1471 2923,1471 2965,1470 3007,1470"/>
                <TextEquiv>
                    <Unicode>Hot feel much kinduess for ber. She was by</Unicode>
                </TextEquiv>
            </TextLine>
            <TextLine id="r3l35" custom="readingOrder {index:34;}">
                <Coords points="2161,1498 3001,1524 3024,1484 2162,1456"/>
                <Baseline points="2168,1490 2210,1492 2252,1493 2295,1494 2337,1495 2380,1497 2422,1498 2465,1500 2507,1501 2550,1503 2592,1504 2634,1505 2677,1506 2719,1507 2762,1508 2804,1508 2847,1509 2889,1509 2932,1509 2974,1508 3017,1508"/>
                <TextEquiv>
                    <Unicode>nature so futile, such a blind waif in the</Unicode>
                </TextEquiv>
            </TextLine>
            <TextLine id="r3l36" custom="readingOrder {index:35;}">
                <Coords points="2151,1548 2304,1523 2978,1555 3019,1552 3020,1519 2151,1507"/>
                <Baseline points="2158,1524 2200,1527 2243,1528 2286,1531 2329,1532 2371,1534 2414,1536 2457,1537 2500,1539 2542,1540 2585,1541 2628,1542 2671,1543 2713,1543 2756,1544 2799,1544 2842,1544 2884,1545 2927,1544 2970,1544 3013,1544"/>
                <TextEquiv>
                    <Unicode>world. But there is notuble work in the</Unicode>
                </TextEquiv>
            </TextLine>
            <TextLine id="r3l37" custom="readingOrder {index:36;}">
                <Coords points="2150,1563 2983,1600 3027,1561 2151,1534"/>
                <Baseline points="2156,1565 2199,1566 2242,1567 2285,1568 2328,1569 2372,1571 2415,1572 2458,1574 2501,1575 2544,1576 2588,1578 2631,1579 2674,1581 2717,1581 2760,1583 2804,1584 2847,1584 2890,1585 2933,1586 2976,1586 3020,1586"/>
                <TextEquiv>
                    <Unicode>Scharacter, observation, and knnwledge austerely</Unicode>
                </TextEquiv>
            </TextLine>
            <TextLine id="r3l38" custom="readingOrder {index:37;}">
                <Coords points="2155,1601 2845,1636 2981,1634 3022,1589 2156,1570"/>
                <Baseline points="2162,1603 2204,1605 2247,1606 2289,1608 2332,1609 2375,1611 2417,1612 2460,1613 2502,1614 2545,1615 2588,1616 2630,1617 2673,1618 2715,1619 2758,1620 2801,1620 2843,1621 2886,1622 2928,1623 2971,1624 3014,1625"/>
                <TextEquiv>
                    <Unicode>Tree trom the temptations of sentiment. When</Unicode>
                </TextEquiv>
            </TextLine>
            <TextLine id="r3l39" custom="readingOrder {index:38;}">
                <Coords points="2155,1654 3016,1676 3017,1644 2972,1627 2157,1601"/>
                <Baseline points="2162,1642 2204,1643 2246,1645 2289,1646 2331,1648 2374,1649 2416,1650 2458,1652 2501,1653 2543,1654 2586,1655 2628,1656 2670,1657 2713,1658 2755,1659 2798,1660 2840,1660 2882,1661 2925,1662 2967,1662 3010,1663"/>
                <TextEquiv>
                    <Unicode>her Bill found her home again hewas rendy</Unicode>
                </TextEquiv>
            </TextLine>
            <TextLine id="r3l40" custom="readingOrder {index:39;}">
                <Coords points="2143,1692 2975,1714 3020,1676 2144,1653"/>
                <Baseline points="2150,1684 2193,1684 2236,1684 2279,1685 2322,1686 2365,1687 2408,1688 2452,1689 2495,1691 2538,1692 2581,1693 2624,1695 2667,1696 2710,1697 2754,1698 2797,1699 2840,1699 2883,1700 2926,1700 2969,1700 3013,1700"/>
                <TextEquiv>
                    <Unicode>to be moderately penitent. Unfortunately he</Unicode>
                </TextEquiv>
            </TextLine>
            <TextLine id="r3l41" custom="readingOrder {index:40;}">
                <Coords points="2153,1723 2880,1750 3018,1740 3019,1703 2154,1684"/>
                <Baseline points="2160,1719 2202,1720 2245,1722 2287,1723 2330,1724 2372,1725 2415,1727 2457,1728 2500,1729 2542,1730 2585,1732 2628,1733 2670,1733 2713,1734 2755,1735 2798,1736 2840,1737 2883,1738 2925,1738 2968,1739 3011,1739"/>
                <TextEquiv>
                    <Unicode>would talk abnnt Jim Harris and breathe</Unicode>
                </TextEquiv>
            </TextLine>
            <TextLine id="r3l42" custom="readingOrder {index:41;}">
                <Coords points="2141,1761 3019,1781 3019,1744 2978,1739 2142,1719"/>
                <Baseline points="2148,1757 2191,1758 2234,1759 2277,1760 2320,1761 2364,1763 2407,1764 2450,1765 2493,1767 2536,1768 2580,1770 2623,1771 2666,1772 2709,1773 2752,1774 2796,1774 2839,1775 2882,1776 2925,1776 2968,1776 3012,1776"/>
                <TextEquiv>
                    <Unicode>suspicions threats. In vain Liz prutested that</Unicode>
                </TextEquiv>
            </TextLine>
            <TextLine id="r3l43" custom="readingOrder {index:42;}">
                <Coords points="2157,1800 3018,1832 3027,1782 2158,1763"/>
                <Baseline points="2164,1792 2206,1795 2249,1797 2292,1799 2335,1801 2377,1802 2420,1803 2463,1805 2506,1806 2548,1807 2591,1808 2634,1809 2677,1810 2719,1810 2762,1811 2805,1812 2848,1813 2890,1814 2933,1815 2976,1815 3019,1816"/>
                <TextEquiv>
                    <Unicode>Jim was not, had not been, and never wonld</Unicode>
                </TextEquiv>
            </TextLine>
            <TextLine id="r3l44" custom="readingOrder {index:43;}">
                <Coords points="2147,1840 2845,1846 3023,1881 3024,1831 2973,1816 2148,1796"/>
                <Baseline points="2154,1833 2197,1835 2240,1837 2283,1839 2326,1840 2369,1842 2412,1843 2456,1844 2499,1845 2542,1846 2585,1847 2628,1847 2671,1848 2714,1849 2758,1849 2801,1850 2844,1850 2887,1851 2930,1851 2973,1852 3017,1853"/>
                <TextEquiv>
                    <Unicode>be anything to her. Bill growied still of</Unicode>
                </TextEquiv>
            </TextLine>
            <TextLine id="r3l45" custom="readingOrder {index:44;}">
                <Coords points="2151,1865 2699,1914 3031,1904 3031,1870 2847,1846 2152,1840"/>
                <Baseline points="2158,1871 2201,1874 2244,1875 2287,1878 2331,1879 2374,1880 2417,1881 2461,1882 2504,1883 2547,1884 2591,1885 2634,1886 2677,1887 2720,1888 2764,1889 2807,1890 2850,1892 2894,1893 2937,1895 2980,1896 3024,1899"/>
                <TextEquiv>
                    <Unicode>revenge, and when sbe protested raged at her,</Unicode>
                </TextEquiv>
            </TextLine>
            <TextLine id="r3l46" custom="readingOrder {index:45;}">
                <Coords points="2142,1903 2242,1928 2312,1914 2331,1927 2587,1928 2588,1897 2537,1885 2495,1898 2403,1878 2312,1891 2143,1869"/>
                <Baseline points="2148,1907 2173,1909 2198,1911 2224,1912 2249,1913 2275,1914 2300,1915 2326,1916 2351,1917 2377,1918 2402,1918 2428,1919 2453,1919 2479,1920 2504,1920 2530,1921 2555,1921 2581,1922"/>
                <TextEquiv>
                    <Unicode>Isc again she ran away.</Unicode>
                </TextEquiv>
            </TextLine>
            <TextLine id="r3l47" custom="readingOrder {index:46;}">
                <Coords points="2178,1947 2992,1979 3023,1928 2179,1916"/>
                <Baseline points="2184,1947 2225,1949 2267,1951 2308,1953 2350,1954 2391,1955 2433,1957 2474,1958 2516,1959 2557,1959 2599,1960 2641,1961 2682,1961 2724,1961 2765,1962 2807,1962 2848,1963 2890,1963 2931,1963 2973,1963 3015,1964"/>
                <TextEquiv>
                    <Unicode>Between twc stools, the poor greature fell</Unicode>
                </TextEquiv>
            </TextLine>
            <TextLine id="r3l48" custom="readingOrder {index:47;}">
                <Coords points="2148,1997 2443,1986 2857,2020 3031,1999 3032,1961 2149,1957"/>
                <Baseline points="2154,1986 2197,1987 2241,1988 2284,1989 2328,1991 2371,1992 2415,1994 2458,1995 2502,1996 2545,1997 2589,1999 2632,2000 2676,2001 2719,2002 2763,2003 2806,2004 2850,2004 2893,2005 2937,2005 2980,2005 3024,2005"/>
                <TextEquiv>
                    <Unicode>to the ground. Jim might perhaps have for¬</Unicode>
                </TextEquiv>
            </TextLine>
            <TextLine id="r3l49" custom="readingOrder {index:48;}">
                <Coords points="2150,2027 3020,2050 3004,2003 2151,1996"/>
                <Baseline points="2156,2028 2198,2028 2241,2028 2284,2029 2327,2029 2370,2030 2413,2031 2455,2032 2498,2033 2541,2035 2584,2036 2627,2037 2670,2039 2713,2040 2755,2041 2798,2042 2841,2043 2884,2044 2927,2045 2970,2046 3013,2046"/>
                <TextEquiv>
                    <Unicode>givon her stealing back to Bill, might have for¬</Unicode>
                </TextEquiv>
            </TextLine>
            <TextLine id="r3l50" custom="readingOrder {index:49;}">
                <Coords points="2146,2065 2984,2092 3018,2050 2147,2030"/>
                <Baseline points="2152,2067 2197,2066 2242,2065 2287,2065 2332,2066 2378,2067 2423,2067 2468,2069 2513,2070 2558,2071 2604,2073 2649,2074 2694,2076 2739,2077 2784,2078 2830,2079 2875,2080 2920,2080 2965,2080 3011,2080"/>
                <TextEquiv>
                    <Unicode>given her pathetie plending that she was</Unicode>
                </TextEquiv>
            </TextLine>
            <TextLine id="r3l51" custom="readingOrder {index:50;}">
                <Coords points="2144,2112 2915,2132 3015,2123 3016,2075 2876,2095 2145,2065"/>
                <Baseline points="2151,2096 2193,2097 2236,2098 2279,2099 2322,2100 2365,2101 2408,2103 2451,2104 2494,2106 2537,2107 2580,2108 2622,2109 2665,2111 2708,2112 2751,2113 2794,2114 2837,2115 2880,2115 2923,2115 2966,2115 3009,2115"/>
                <TextEquiv>
                    <Unicode>respestable. and did not know how to be any¬</Unicode>
                </TextEquiv>
            </TextLine>
            <TextLine id="r3l52" custom="readingOrder {index:51;}">
                <Coords points="2150,2139 2950,2165 3017,2155 3018,2118 2151,2105"/>
                <Baseline points="2157,2135 2199,2136 2242,2137 2285,2138 2327,2139 2370,2140 2413,2141 2455,2142 2498,2143 2541,2144 2584,2145 2626,2146 2669,2147 2712,2148 2754,2149 2797,2150 2840,2151 2882,2152 2925,2153 2968,2153 3011,2154"/>
                <TextEquiv>
                    <Unicode>thing eise. He cuuld Lot forgive a lie, und</Unicode>
                </TextEquiv>
            </TextLine>
            <TextLine id="r3l53" custom="readingOrder {index:52;}">
                <Coords points="2146,2179 3014,2199 3007,2154 2937,2174 2833,2148 2147,2135"/>
                <Baseline points="2152,2173 2194,2174 2237,2175 2280,2176 2323,2177 2366,2178 2408,2179 2451,2180 2494,2181 2537,2183 2580,2184 2622,2185 2665,2186 2708,2188 2751,2189 2794,2190 2836,2192 2879,2193 2922,2195 2965,2196 3008,2198"/>
                <TextEquiv>
                    <Unicode>she had told Bill that Jim and she had noth.ug</Unicode>
                </TextEquiv>
            </TextLine>
            <TextLine id="r3l54" custom="readingOrder {index:53;}">
                <Coords points="2135,2228 2451,2213 3004,2243 3005,2202 2921,2194 2487,2182 2428,2204 2137,2165"/>
                <Baseline points="2142,2210 2184,2212 2227,2213 2270,2214 2313,2215 2356,2217 2398,2218 2441,2219 2484,2220 2527,2221 2570,2222 2612,2224 2655,2225 2698,2226 2741,2227 2784,2228 2826,2229 2869,2230 2912,2230 2955,2231 2998,2232"/>
                <TextEquiv>
                    <Unicode>between them. Jim was disgusted at that,</Unicode>
                </TextEquiv>
            </TextLine>
            <TextLine id="r3l55" custom="readingOrder {index:54;}">
                <Coords points="2135,2268 2617,2255 2644,2276 2745,2253 2971,2280 3016,2272 3017,2243 2136,2219"/>
                <Baseline points="2142,2247 2185,2248 2228,2250 2272,2251 2315,2252 2359,2253 2402,2255 2445,2256 2489,2257 2532,2258 2576,2259 2619,2261 2662,2262 2706,2263 2749,2264 2793,2265 2836,2267 2879,2268 2923,2269 2966,2270 3010,2272"/>
                <TextEquiv>
                    <Unicode>and did not want her any more. A nice point</Unicode>
                </TextEquiv>
            </TextLine>
            <TextLine id="r3l56" custom="readingOrder {index:55;}">
                <Coords points="2146,2293 2960,2315 3000,2309 3001,2275 2147,2248"/>
                <Baseline points="2152,2286 2194,2287 2236,2288 2278,2289 2320,2290 2362,2291 2404,2292 2446,2294 2488,2295 2530,2296 2573,2297 2615,2298 2657,2300 2699,2300 2741,2302 2783,2303 2825,2304 2867,2305 2909,2306 2951,2307 2994,2307"/>
                <TextEquiv>
                    <Unicode>in male humar nature this. hut quite credible.</Unicode>
                </TextEquiv>
            </TextLine>
            <TextLine id="r3l57" custom="readingOrder {index:56;}">
                <Coords points="2182,2323 3005,2360 2997,2308 2183,2293"/>
                <Baseline points="2189,2325 2229,2326 2270,2327 2310,2328 2351,2329 2391,2330 2432,2331 2472,2333 2513,2334 2553,2335 2594,2336 2634,2338 2675,2339 2715,2340 2756,2341 2796,2342 2837,2343 2877,2343 2918,2344 2958,2344 2999,2344"/>
                <TextEquiv>
                    <Unicode>What was to become of her? Jim hud hi</Unicode>
                </TextEquiv>
            </TextLine>
            <TextLine id="r3l58" custom="readingOrder {index:57;}">
                <Coords points="2127,2371 2327,2361 2608,2397 2890,2375 2984,2401 3002,2360 2128,2329"/>
                <Baseline points="2134,2362 2177,2365 2220,2367 2263,2369 2306,2370 2349,2371 2392,2373 2435,2373 2478,2374 2521,2374 2564,2375 2607,2376 2650,2376 2693,2377 2736,2377 2779,2378 2822,2379 2865,2381 2908,2382 2951,2384 2995,2386"/>
                <TextEquiv>
                    <Unicode>solution. He began to langh in a queer way,</Unicode>
                </TextEquiv>
            </TextLine>
            <TextLine id="r3l59" custom="readingOrder {index:58;}">
                <Coords points="2138,2398 2998,2421 2892,2375 2612,2398 2337,2367 2138,2380"/>
                <Baseline points="2144,2402 2186,2403 2228,2404 2271,2405 2313,2407 2355,2408 2398,2410 2440,2411 2482,2412 2525,2414 2567,2415 2609,2416 2652,2417 2694,2418 2736,2419 2779,2420 2821,2420 2863,2420 2906,2420 2948,2420 2991,2420"/>
                <TextEquiv>
                    <Unicode>he asked her to kiss him. and be stabbed her.</Unicode>
                </TextEquiv>
            </TextLine>
            <TextLine id="r3l60" custom="readingOrder {index:59;}">
                <Coords points="2150,2441 2371,2457 2431,2434 3024,2485 3026,2421 2151,2402"/>
                <Baseline points="2156,2439 2199,2440 2242,2441 2285,2443 2328,2444 2371,2446 2414,2447 2457,2449 2500,2450 2543,2452 2587,2453 2630,2454 2673,2456 2716,2457 2759,2458 2802,2459 2845,2459 2888,2459 2931,2460 2974,2460 3018,2459"/>
                <TextEquiv>
                    <Unicode>Was he mad? We hau heurd something, but 5</Unicode>
                </TextEquiv>
            </TextLine>
            <TextLine id="r3l61" custom="readingOrder {index:60;}">
                <Coords points="2145,2476 2642,2508 2844,2485 2912,2511 3018,2498 3019,2476 2146,2449"/>
                <Baseline points="2151,2478 2194,2479 2237,2480 2280,2481 2323,2482 2366,2483 2409,2485 2452,2486 2495,2487 2538,2489 2581,2490 2624,2492 2667,2493 2710,2494 2753,2495 2796,2497 2839,2498 2882,2498 2925,2499 2968,2500 3012,2500"/>
                <TextEquiv>
                    <Unicode>nothing conclusive, of his queerness. Was be“</Unicode>
                </TextEquiv>
            </TextLine>
            <TextLine id="r3l62" custom="readingOrder {index:61;}">
                <Coords points="2143,2514 2920,2549 3013,2542 3014,2519 2846,2486 2143,2490"/>
                <Baseline points="2149,2516 2191,2517 2234,2518 2277,2519 2320,2520 2363,2521 2406,2523 2449,2524 2492,2525 2535,2526 2578,2528 2620,2529 2663,2530 2706,2531 2749,2532 2792,2534 2835,2534 2878,2535 2921,2536 2964,2537 3007,2538"/>
                <TextEquiv>
                    <Unicode>resolved, like some other peopie in literature,</Unicode>
                </TextEquiv>
            </TextLine>
            <TextLine id="r3l63" custom="readingOrder {index:62;}">
                <Coords points="2131,2566 3014,2592 3016,2542 2203,2532 2133,2502"/>
                <Baseline points="2138,2554 2181,2555 2225,2555 2268,2557 2312,2558 2355,2559 2399,2561 2442,2562 2486,2564 2529,2565 2573,2567 2617,2568 2660,2570 2704,2572 2747,2573 2791,2574 2834,2575 2878,2576 2921,2576 2965,2576 3009,2576"/>
                <TextEquiv>
                    <Unicode>to preserve the lady spotless for another world?</Unicode>
                </TextEquiv>
            </TextLine>
            <TextLine id="r3l64" custom="readingOrder {index:63;}">
                <Coords points="2144,2599 2888,2631 2974,2626 3003,2585 2145,2565"/>
                <Baseline points="2150,2595 2192,2595 2234,2595 2276,2596 2319,2597 2361,2599 2403,2600 2446,2601 2488,2603 2530,2604 2573,2606 2615,2608 2657,2609 2699,2610 2742,2612 2784,2612 2826,2613 2869,2613 2911,2613 2953,2612 2996,2611"/>
                <TextEquiv>
                    <Unicode>Was he merely determined, by the balance of</Unicode>
                </TextEquiv>
            </TextLine>
            <TextLine id="r3l65" custom="readingOrder {index:64;}">
                <Coords points="2136,2637 3010,2654 2995,2608 2884,2630 2137,2604"/>
                <Baseline points="2142,2634 2185,2635 2228,2636 2271,2637 2314,2638 2357,2639 2400,2640 2443,2641 2486,2643 2529,2644 2572,2645 2615,2646 2658,2647 2701,2648 2744,2649 2787,2650 2830,2651 2873,2652 2916,2653 2959,2653 3003,2654"/>
                <TextEquiv>
                    <Unicode>probaLility, that the most comfortable thing</Unicode>
                </TextEquiv>
            </TextLine>
            <TextLine id="r3l66" custom="readingOrder {index:65;}">
                <Coords points="2134,2667 2966,2703 3001,2655 2135,2647"/>
                <Baseline points="2140,2671 2182,2671 2225,2672 2267,2674 2310,2675 2353,2676 2395,2678 2438,2679 2481,2681 2523,2683 2566,2684 2609,2686 2651,2687 2694,2689 2737,2689 2779,2691 2822,2692 2865,2692 2907,2693 2950,2693 2993,2693"/>
                <TextEquiv>
                    <Unicode>Ifor her was death? After all, it ie in some sort</Unicode>
                </TextEquiv>
            </TextLine>
            <TextLine id="r3l67" custom="readingOrder {index:66;}">
                <Coords points="2130,2717 2879,2729 2955,2754 3029,2731 3031,2680 2910,2705 2131,2676"/>
                <Baseline points="2136,2709 2180,2710 2224,2711 2269,2712 2313,2713 2357,2715 2402,2716 2446,2717 2490,2719 2535,2720 2579,2722 2623,2723 2668,2725 2712,2726 2756,2727 2801,2729 2845,2730 2889,2731 2934,2732 2978,2733 3023,2734"/>
                <TextEquiv>
                    <Unicode>a compliment to the play that it should leave b.</Unicode>
                </TextEquiv>
            </TextLine>
            <TextLine id="r3l68" custom="readingOrder {index:67;}">
                <Coords points="2131,2760 2969,2769 2882,2729 2259,2728 2133,2703"/>
                <Baseline points="2138,2751 2179,2751 2220,2752 2261,2752 2302,2753 2344,2754 2385,2755 2426,2756 2467,2757 2508,2759 2550,2760 2591,2761 2632,2762 2673,2763 2714,2764 2756,2765 2797,2766 2838,2767 2879,2768 2920,2768 2962,2769"/>
                <TextEquiv>
                    <Unicode>us thinking its conclusion worth epoculation.</Unicode>
                </TextEquiv>
            </TextLine>
            <TextLine id="r3l69" custom="readingOrder {index:68;}">
                <Coords points="2163,2793 3002,2825 3003,2776 2966,2765 2911,2786 2164,2753"/>
                <Baseline points="2170,2789 2211,2790 2252,2791 2293,2792 2335,2793 2376,2794 2417,2795 2459,2796 2500,2797 2541,2798 2583,2799 2624,2800 2665,2801 2706,2802 2748,2803 2789,2804 2830,2804 2872,2805 2913,2806 2954,2807 2996,2808"/>
                <TextEquiv>
                    <Unicode>It was finelyacted. Mr. Norman MoKinnel,</Unicode>
                </TextEquiv>
            </TextLine>
            <TextLine id="r3l70" custom="readingOrder {index:69;}">
                <Coords points="2120,2812 2412,2848 3000,2859 3001,2827 2915,2808 2120,2782"/>
                <Baseline points="2126,2826 2169,2827 2212,2828 2256,2829 2299,2830 2343,2831 2386,2832 2429,2833 2473,2834 2516,2835 2560,2836 2603,2838 2646,2839 2690,2840 2733,2841 2777,2842 2820,2844 2863,2845 2907,2846 2950,2847 2994,2848"/>
                <TextEquiv>
                    <Unicode>is ho did not g. beyond the author in making</Unicode>
                </TextEquiv>
            </TextLine>
            <TextLine id="r3l71" custom="readingOrder {index:70;}">
                <Coords points="2120,2878 2999,2896 2999,2858 2947,2847 2121,2838"/>
                <Baseline points="2126,2869 2169,2869 2212,2869 2256,2870 2299,2870 2342,2871 2386,2872 2429,2873 2472,2874 2516,2875 2559,2875 2602,2877 2646,2878 2689,2879 2732,2880 2776,2881 2819,2882 2862,2882 2906,2883 2949,2884 2993,2884"/>
                <TextEquiv>
                    <Unicode>Jim wholly comprehensible, gave us a wonderful</Unicode>
                </TextEquiv>
            </TextLine>
            <TextLine id="r3l72" custom="readingOrder {index:71;}">
                <Coords points="2126,2920 2998,2930 2943,2887 2126,2879"/>
                <Baseline points="2132,2908 2175,2908 2218,2908 2261,2909 2304,2909 2347,2910 2390,2911 2433,2912 2476,2913 2519,2914 2562,2916 2605,2916 2648,2918 2691,2919 2734,2920 2777,2921 2820,2922 2863,2922 2906,2923 2949,2923 2992,2923"/>
                <TextEquiv>
                    <Unicode>suggestion of rongh strength, and in the last</Unicode>
                </TextEquiv>
            </TextLine>
            <TextLine id="r3l73" custom="readingOrder {index:72;}">
                <Coords points="2132,2950 2998,2974 2999,2929 2133,2919"/>
                <Baseline points="2138,2944 2180,2945 2223,2946 2265,2946 2308,2948 2351,2948 2393,2950 2436,2951 2479,2952 2521,2953 2564,2955 2607,2955 2649,2957 2692,2958 2735,2959 2777,2959 2820,2960 2863,2960 2905,2961 2948,2961 2991,2960"/>
                <TextEquiv>
                    <Unicode>scene wus quite eerie. Miss May Blavney</Unicode>
                </TextEquiv>
            </TextLine>
            <TextLine id="r3l74" custom="readingOrder {index:73;}">
                <Coords points="2122,3004 2275,2982 2982,3013 3004,2969 2123,2951"/>
                <Baseline points="2128,2988 2171,2986 2214,2985 2258,2985 2301,2985 2345,2985 2388,2986 2432,2987 2475,2987 2519,2989 2562,2990 2605,2991 2649,2992 2692,2993 2736,2995 2779,2996 2823,2997 2866,2998 2910,2998 2953,2999 2997,2999"/>
                <TextEquiv>
                    <Unicode>played che hapless Liz with a most pathetig</Unicode>
                </TextEquiv>
            </TextLine>
            <TextLine id="r3l75" custom="readingOrder {index:74;}">
                <Coords points="2187,3035 2993,3054 2994,3012 2950,3002 2188,2997"/>
                <Baseline points="2193,3022 2232,3022 2272,3023 2312,3023 2351,3024 2391,3024 2431,3025 2470,3025 2510,3026 2550,3027 2590,3027 2629,3028 2669,3029 2709,3030 2748,3031 2788,3033 2828,3035 2867,3037 2907,3039 2947,3041 2987,3044"/>
                <TextEquiv>
                    <Unicode>#, and made her pitiful puzzles wholly</Unicode>
                </TextEquiv>
            </TextLine>
            <TextLine id="r3l76" custom="readingOrder {index:75;}">
                <Coords points="2119,3064 2977,3097 3006,3064 2120,3024"/>
                <Baseline points="2126,3060 2169,3060 2213,3060 2256,3060 2300,3060 2344,3061 2387,3062 2431,3062 2475,3063 2518,3064 2562,3065 2606,3066 2649,3067 2693,3069 2737,3070 2780,3071 2824,3072 2868,3074 2911,3075 2955,3076 2999,3078"/>
                <TextEquiv>
                    <Unicode>#man. Mr. Edmond Breon ##t a good deal</Unicode>
                </TextEquiv>
            </TextLine>
            <TextLine id="r3l77" custom="readingOrder {index:76;}">
                <Coords points="2114,3096 2986,3127 2987,3092 2901,3074 2115,3062"/>
                <Baseline points="2120,3097 2163,3096 2206,3097 2249,3097 2292,3098 2335,3099 2378,3100 2421,3101 2464,3102 2507,3103 2550,3104 2593,3106 2636,3107 2679,3109 2722,3110 2765,3111 2808,3112 2851,3113 2894,3114 2937,3114 2980,3115"/>
                <TextEquiv>
                    <Unicode>of power into bis sketch of ##scally, passion¬</Unicode>
                </TextEquiv>
            </TextLine>
            <TextLine id="r3l78" custom="readingOrder {index:77;}">
                <Coords points="2126,3143 2878,3155 2945,3179 2994,3132 2127,3097"/>
                <Baseline points="2133,3136 2175,3137 2218,3137 2261,3138 2303,3138 2346,3139 2389,3140 2431,3141 2474,3142 2517,3143 2560,3144 2602,3145 2645,3146 2688,3148 2730,3149 2773,3151 2816,3152 2858,3154 2901,3156 2944,3158 2987,3160"/>
                <TextEquiv>
                    <Unicode>ate husband, and there##ch clover work</Unicode>
                </TextEquiv>
            </TextLine>
            <TextLine id="r3l79" custom="readingOrder {index:78;}">
                <Coords points="2127,3184 2158,3197 2181,3178 2229,3188 2276,3181 2292,3191 2313,3178 2331,3193 2351,3181 2387,3188 2463,3178 2463,3162 2435,3164 2385,3142 2348,3153 2303,3141 2238,3149 2223,3137 2202,3150 2127,3144"/>
                <Baseline points="2134,3173 2160,3174 2187,3175 2214,3175 2241,3176 2268,3176 2295,3176 2321,3177 2348,3177 2375,3177 2402,3177 2429,3177 2456,3177"/>
                <TextEquiv>
                    <Unicode>in emaller parte.</Unicode>
                </TextEquiv>
            </TextLine>
            <TextLine id="r3l80" custom="readingOrder {index:79;}">
                <Coords points="2168,3215 2973,3246 2973,3205 2909,3185 2169,3178"/>
                <Baseline points="2175,3211 2214,3212 2254,3213 2293,3214 2333,3215 2373,3216 2412,3217 2452,3217 2491,3218 2531,3219 2571,3220 2610,3221 2650,3221 2689,3222 2729,3223 2769,3224 2808,3225 2848,3226 2887,3227 2927,3228 2967,3229"/>
                <TextEquiv>
                    <Unicode>The last half of rening was filled by</Unicode>
                </TextEquiv>
            </TextLine>
            <TextLine id="r3l81" custom="readingOrder {index:80;}">
                <Coords points="2117,3277 2162,3253 2218,3279 2268,3254 2442,3266 2501,3255 2501,3226 2447,3220 2414,3232 2330,3216 2262,3226 2157,3213 2117,3224"/>
                <Baseline points="2123,3250 2149,3251 2176,3252 2202,3252 2229,3252 2255,3252 2282,3252 2309,3252 2335,3252 2362,3252 2388,3251 2415,3251 2441,3251 2468,3250 2495,3249"/>
                <TextEquiv>
                    <Unicode>Schnitzler’s stran</Unicode>
                </TextEquiv>
            </TextLine>
            <TextLine id="r3l82" custom="readingOrder {index:81;}">
                <Coords points="2631,3253 2714,3274 2751,3264 2824,3281 2842,3265 2988,3281 2990,3239 2955,3248 2913,3228 2823,3239 2734,3223 2705,3239 2679,3225 2632,3232"/>
                <Baseline points="2638,3260 2664,3261 2691,3261 2717,3262 2744,3264 2770,3265 2797,3266 2823,3268 2850,3269 2876,3270 2903,3270 2929,3271 2956,3270 2983,3270"/>
                <TextEquiv>
                    <Unicode>The Green Cocka¬</Unicode>
                </TextEquiv>
            </TextLine>
            <TextLine id="r3l83" custom="readingOrder {index:82;}">
                <Coords points="2126,3288 2989,3322 2990,3282 2842,3264 2127,3264"/>
                <Baseline points="2132,3287 2174,3288 2217,3288 2259,3289 2302,3289 2344,3291 2387,3292 2429,3293 2472,3295 2514,3296 2557,3298 2600,3299 2642,3301 2685,3303 2727,3304 2770,3305 2812,3306 2855,3307 2897,3308 2940,3309 2983,3309"/>
                <TextEquiv>
                    <Unicode>. It has, o##purse, already been seen in</Unicode>
                </TextEquiv>
            </TextLine>
            <TextLine id="r3l84" custom="readingOrder {index:83;}">
                <Coords points="2135,3331 2981,3362 2990,3324 2136,3292"/>
                <Baseline points="2142,3326 2184,3326 2226,3327 2268,3328 2310,3329 2352,3330 2394,3331 2436,3333 2478,3334 2520,3335 2562,3337 2604,3339 2646,3340 2688,3341 2730,3342 2772,3344 2814,3344 2856,3345 2898,3345 2940,3345 2983,3345"/>
                <TextEquiv>
                    <Unicode>ndon, and we need now onlv record again its</Unicode>
                </TextEquiv>
            </TextLine>
            <TextLine id="r3l85" custom="readingOrder {index:84;}">
                <Coords points="2125,3363 2730,3392 2812,3372 2882,3396 2987,3361 2126,3331"/>
                <Baseline points="2132,3363 2174,3364 2216,3365 2259,3366 2301,3368 2343,3368 2386,3370 2428,3372 2470,3373 2513,3375 2555,3376 2597,3377 2640,3378 2682,3379 2724,3381 2767,3382 2809,3383 2851,3383 2894,3384 2936,3384 2979,3385"/>
                <TextEquiv>
                    <Unicode>oldity and its power of excitement. In that</Unicode>
                </TextEquiv>
            </TextLine>
            <TextLine id="r3l86" custom="readingOrder {index:85;}">
                <Coords points="2115,3402 2882,3435 2976,3431 2977,3395 2116,3361"/>
                <Baseline points="2122,3407 2164,3406 2206,3405 2249,3405 2291,3406 2334,3406 2376,3407 2418,3408 2461,3410 2503,3411 2546,3413 2588,3414 2630,3416 2673,3417 2715,3419 2758,3420 2800,3421 2842,3422 2885,3422 2927,3423 2970,3422"/>
                <TextEquiv>
                    <Unicode>last quality you will not ### find ite equal.</Unicode>
                </TextEquiv>
            </TextLine>
            <TextLine id="r3l87" custom="readingOrder {index:86;}">
                <Coords points="2114,3432 2196,3459 2636,3448 2977,3476 2978,3434 2928,3425 2115,3403"/>
                <Baseline points="2121,3444 2163,3444 2206,3444 2248,3444 2291,3445 2333,3445 2376,3446 2418,3447 2461,3448 2503,3449 2546,3450 2588,3452 2631,3453 2673,3455 2716,3456 2758,3457 2801,3459 2843,3460 2886,3461 2928,3462 2971,3463"/>
                <TextEquiv>
                    <Unicode>Mere stagecraft it may be, urst and last, but</Unicode>
                </TextEquiv>
            </TextLine>
            <TextLine id="r3l88" custom="readingOrder {index:87;}">
                <Coords points="2126,3480 2845,3511 2942,3509 2982,3470 2126,3454"/>
                <Baseline points="2132,3483 2174,3483 2216,3483 2258,3483 2300,3483 2342,3484 2384,3485 2427,3485 2469,3487 2511,3488 2553,3489 2595,3490 2637,3492 2679,3493 2722,3494 2764,3496 2806,3496 2848,3498 2890,3498 2932,3499 2975,3499"/>
                <TextEquiv>
                    <Unicode>there is no doubt abomt its thrill. There was</Unicode>
                </TextEquiv>
            </TextLine>
            <TextLine id="r3l89" custom="readingOrder {index:88;}">
                <Coords points="2112,3524 2817,3550 2973,3543 2974,3496 2245,3496 2113,3471"/>
                <Baseline points="2118,3523 2160,3522 2202,3522 2245,3521 2287,3521 2330,3522 2372,3522 2415,3523 2457,3524 2500,3525 2542,3526 2584,3527 2627,3529 2669,3530 2712,3531 2754,3532 2797,3533 2839,3535 2882,3536 2924,3537 2967,3538"/>
                <TextEquiv>
                    <Unicode>plenty of good individual work in the perform¬</Unicode>
                </TextEquiv>
            </TextLine>
            <TextLine id="r3l90" custom="readingOrder {index:89;}">
                <Coords points="2124,3565 2978,3585 2979,3544 2950,3539 2125,3529"/>
                <Baseline points="2130,3558 2172,3558 2214,3558 2256,3559 2298,3560 2340,3560 2382,3561 2424,3562 2466,3563 2508,3564 2550,3565 2592,3566 2634,3567 2676,3568 2718,3569 2760,3570 2802,3571 2844,3573 2886,3574 2928,3575 2971,3576"/>
                <TextEquiv>
                    <Unicode>ance, and the general effect was a splendid</Unicode>
                </TextEquiv>
            </TextLine>
            <TextLine id="r3l91" custom="readingOrder {index:90;}">
                <Coords points="2124,3609 2977,3617 2977,3584 2936,3576 2125,3567"/>
                <Baseline points="2130,3594 2172,3596 2214,3597 2256,3599 2298,3600 2340,3601 2382,3602 2424,3603 2466,3604 2508,3605 2550,3606 2592,3606 2634,3607 2676,3608 2718,3608 2760,3609 2802,3609 2844,3610 2886,3610 2928,3611 2970,3612"/>
                <TextEquiv>
                    <Unicode>piece of bizarrerie. We can but record thef</Unicode>
                </TextEquiv>
            </TextLine>
            <TextLine id="r3l92" custom="readingOrder {index:91;}">
                <Coords points="2126,3637 2981,3666 2972,3615 2127,3608"/>
                <Baseline points="2132,3633 2174,3634 2216,3634 2258,3635 2300,3635 2342,3636 2384,3637 2427,3638 2469,3639 2511,3640 2553,3641 2595,3643 2637,3644 2679,3645 2722,3646 2764,3647 2806,3648 2848,3649 2890,3650 2932,3651 2975,3652"/>
                <TextEquiv>
                    <Unicode>names of Mr. A. G. Poulton, Mr. Norman</Unicode>
                </TextEquiv>
            </TextLine>
            <TextLine id="r3l93" custom="readingOrder {index:92;}">
                <Coords points="2124,3679 2936,3691 2971,3718 2973,3661 2125,3640"/>
                <Baseline points="2130,3673 2171,3672 2213,3673 2255,3673 2297,3674 2339,3675 2380,3675 2422,3676 2464,3678 2506,3679 2548,3681 2589,3682 2631,3683 2673,3684 2715,3685 2757,3686 2798,3687 2840,3687 2882,3687 2924,3687 2966,3686"/>
                <TextEquiv>
                    <Unicode>MeKinnel, Mr. Malcolm Cherry, Mr. Leslie</Unicode>
                </TextEquiv>
            </TextLine>
            <TextLine id="r3l94" custom="readingOrder {index:93;}">
                <Coords points="2110,3717 2977,3742 2977,3711 2935,3692 2110,3691"/>
                <Baseline points="2116,3710 2158,3711 2201,3712 2244,3712 2287,3713 2329,3714 2372,3715 2415,3716 2458,3717 2500,3718 2543,3719 2586,3719 2629,3721 2671,3721 2714,3723 2757,3723 2800,3724 2842,3725 2885,3726 2928,3727 2971,3727"/>
                <TextEquiv>
                    <Unicode>Carter, and Miss Sarah Brooke. For both</Unicode>
                </TextEquiv>
            </TextLine>
            <TextLine id="r3l95" custom="readingOrder {index:94;}">
                <Coords points="2114,3757 2910,3762 2978,3787 2979,3743 2925,3731 2115,3711"/>
                <Baseline points="2120,3748 2162,3748 2205,3748 2247,3748 2290,3749 2333,3750 2375,3751 2418,3752 2460,3753 2503,3755 2546,3756 2588,3758 2631,3759 2673,3760 2716,3762 2759,3763 2801,3763 2844,3764 2886,3765 2929,3765 2972,3765"/>
                <TextEquiv>
                    <Unicode>pieces there was great applause. It is worth</Unicode>
                </TextEquiv>
            </TextLine>
            <TextLine id="r3l96" custom="readingOrder {index:95;}">
                <Coords points="2116,3785 2847,3813 2974,3809 2975,3786 2911,3762 2117,3758"/>
                <Baseline points="2122,3781 2164,3783 2206,3784 2248,3786 2291,3787 2333,3789 2375,3789 2418,3791 2460,3792 2502,3793 2545,3794 2587,3795 2629,3796 2671,3797 2714,3798 2756,3799 2798,3801 2841,3802 2883,3804 2925,3805 2968,3807"/>
                <TextEquiv>
                    <Unicode>while to be in time for the first element of this</Unicode>
                </TextEquiv>
            </TextLine>
            <TextLine id="r3l97" custom="readingOrder {index:96;}">
                <Coords points="2118,3828 2578,3824 2833,3853 2979,3834 2979,3807 2883,3801 2119,3788"/>
                <Baseline points="2124,3821 2166,3822 2208,3823 2251,3824 2293,3825 2336,3827 2378,3827 2420,3829 2463,3830 2505,3831 2548,3832 2590,3833 2632,3834 2675,3835 2717,3836 2760,3837 2802,3838 2844,3839 2887,3840 2929,3841 2972,3842"/>
                <TextEquiv>
                    <Unicode>diverse programme, the“ dramatic songs!' of!</Unicode>
                </TextEquiv>
            </TextLine>
            <TextLine id="r3l98" custom="readingOrder {index:97;}">
                <Coords points="2109,3851 2562,3897 2709,3871 2985,3886 2971,3838 2110,3833"/>
                <Baseline points="2116,3858 2159,3860 2202,3861 2245,3863 2288,3864 2331,3865 2374,3866 2417,3868 2460,3869 2503,3870 2547,3871 2590,3873 2633,3874 2676,3875 2719,3876 2762,3877 2805,3879 2848,3880 2891,3881 2934,3883 2978,3884"/>
                <TextEquiv>
                    <Unicode>Fraulein Gertrude Rollfs and Herr Anton</Unicode>
                </TextEquiv>
            </TextLine>
            <TextLine id="r3l99" custom="readingOrder {index:98;}">
                <Coords points="2113,3919 2152,3902 2196,3922 2230,3904 2275,3916 2300,3899 2321,3895 2321,3875 2301,3871 2280,3878 2266,3869 2241,3876 2227,3863 2200,3873 2173,3863 2155,3868 2114,3862"/>
                <Baseline points="2120,3898 2147,3900 2175,3900 2203,3901 2230,3902 2258,3902 2286,3902 2314,3902"/>
                <TextEquiv>
                    <Unicode>Dressler.</Unicode>
                </TextEquiv>
            </TextLine>
            <TextEquiv>
                <Unicode>rre
sayit in an interesting Tachion.
Tho play takes the unusual form of four
short scenes. It began in the kitchen of a doss¬
heuse, which Jim Harris managed for bis
mother. Thither came Liz Higgins, forlorn
and penniless, to be subsequently pursued by
her drunken and foul-mouthed husband Bill.
Bill was a boon companion of Jim Harris, but
Jim proposed to hide the wife and pack the
Thusband off. Wewere neverquite at home with
Jim. From tho first ho seemed a kind of hero
whom you would not find managing just any
dosshouse. He was attracted by the woman 8
pretty helplessness and annoyed by Bill, so
hen ahe wan diesovered he hustled her out of
the house and kept the fuming Bill behind
long enough for her to escape.
BETWEEN TWO STOOLS.
In the next scene, midnight having fallen
upon the dosshouse, Liz Higgins crept back.
Sue was quite resoureeless, Jim liked her more
and more, gave her sixpence for a night's
lodging, and proposed te meet her in the morn¬
#ing and set up house with her. She was not
exbilarated bythe prospect or his kisses. After
Fall, ehe was her Bill's lawful wife; she was
Tborn respectable, and in some fashion orrother
Ishe still loved the brutish rascal. So the third
scene took her buck to him.
There was no doubt about Mre. Higgins.
FShe was a real human ereature in all her vacil¬
iations and ber helplessneen. Perhaps we did
Hot feel much kinduess for ber. She was by
nature so futile, such a blind waif in the
world. But there is notuble work in the
Scharacter, observation, and knnwledge austerely
Tree trom the temptations of sentiment. When
her Bill found her home again hewas rendy
to be moderately penitent. Unfortunately he
would talk abnnt Jim Harris and breathe
suspicions threats. In vain Liz prutested that
Jim was not, had not been, and never wonld
be anything to her. Bill growied still of
revenge, and when sbe protested raged at her,
Isc again she ran away.
Between twc stools, the poor greature fell
to the ground. Jim might perhaps have for¬
givon her stealing back to Bill, might have for¬
given her pathetie plending that she was
respestable. and did not know how to be any¬
thing eise. He cuuld Lot forgive a lie, und
she had told Bill that Jim and she had noth.ug
between them. Jim was disgusted at that,
and did not want her any more. A nice point
in male humar nature this. hut quite credible.
What was to become of her? Jim hud hi
solution. He began to langh in a queer way,
he asked her to kiss him. and be stabbed her.
Was he mad? We hau heurd something, but 5
nothing conclusive, of his queerness. Was be“
resolved, like some other peopie in literature,
to preserve the lady spotless for another world?
Was he merely determined, by the balance of
probaLility, that the most comfortable thing
Ifor her was death? After all, it ie in some sort
a compliment to the play that it should leave b.
us thinking its conclusion worth epoculation.
It was finelyacted. Mr. Norman MoKinnel,
is ho did not g. beyond the author in making
Jim wholly comprehensible, gave us a wonderful
suggestion of rongh strength, and in the last
scene wus quite eerie. Miss May Blavney
played che hapless Liz with a most pathetig
#, and made her pitiful puzzles wholly
#man. Mr. Edmond Breon ##t a good deal
of power into bis sketch of ##scally, passion¬
ate husband, and there##ch clover work
in emaller parte.
The last half of rening was filled by
Schnitzler’s stran
The Green Cocka¬
. It has, o##purse, already been seen in
ndon, and we need now onlv record again its
oldity and its power of excitement. In that
last quality you will not ### find ite equal.
Mere stagecraft it may be, urst and last, but
there is no doubt abomt its thrill. There was
plenty of good individual work in the perform¬
ance, and the general effect was a splendid
piece of bizarrerie. We can but record thef
names of Mr. A. G. Poulton, Mr. Norman
MeKinnel, Mr. Malcolm Cherry, Mr. Leslie
Carter, and Miss Sarah Brooke. For both
pieces there was great applause. It is worth
while to be in time for the first element of this
diverse programme, the“ dramatic songs!' of!
Fraulein Gertrude Rollfs and Herr Anton
Dressler.</Unicode>
            </TextEquiv>
        </TextRegion>
    </Page>
</PcGts>
