3436 4256
731 160 1295 238 ruene Kakadu
225 169 1285 282 9.3. Der   eneeee
311 1169 694 1264 Telephon 12801.
509 1240 1189 1395 „OBSERVER
307 1347 1428 1435 I. österr. behördl. konz. Unternehmen für Zeilungs-Ausschnitte
518 1434 1233 1514 Wien, I., Concordiaplatz 4.
731 1489 1046 1557 Vertretungen
320 1520 1438 1595 in Berlin, Budapest, Chicago, Christiania, Genf, Kopenhagen.
332 1580 1444 1642 London, Madrid, Mailand, Minneapolis, New-York, Paris, Rom,
501 1617 1261 1690 San Francisco, Stockholm, St. Petersburg.
677 1662 1093 1731 (Quallenangabe ohne Gewähr.)
319 1709 1512 1803 Ausschnitt ausBerliner Bürsencourier
325 1837 475 1906 vom:
613 1856 1011 1966 K
448 1956 1436 2010 Ein Telegramm unseres Korrespondenten berichtet
379 2008 1415 2051 aus Wien: Schnitzlers „Grüner Kakadu“
406 2042 1433 2105 hatte im Deutcheater einen starken Erfolg.
406 2089 1441 2136 Schnitzler konnte einem sechsmaligen Hervorrufe
418 2127 1441 2188 Folge leisten. Kleists „Zerbröchener Krug“.
390 2164 931 2245 mäßige Wirkung.
462 2210 760 2277 Im Stes--
1354 2409 1438 2492 19
1442 153 1866 248 box 15/2
1978 656 2345 753 Telephon 12801.
2165 739 2846 879 „OBSERVER‘
1964 868 3085 938 I. österr. behördl. konz. Unternehmen für Zeitungs-Ausschnitte
2179 922 2891 996 Wien, I., Concordiaplatz 4.
2389 989 2702 1050 Vertretungen
1976 1027 3081 1100 in Berlin, Budapest, Chicago, Christiania, Genf, hagen,
1965 1098 3086 1135 London, Madrid, Mailand, Minneapolis, New-York, Paris, Rom,
2159 1120 2921 1182 San Francisco, Stockholm, St. Petersburg.
2324 1162 2741 1230 (Quellenangabe ohne Gewähr.)
1968 1239 2364 1325 Ausschnitt aus
2372 1237 3118 1361 eutsche Zeitung. Wien
1973 1340 2124 1397 vom:
1944 1337 2855 1469 ungenn muren— 10. 1905
2041 1406 3165 1506 Deutsches Volkstheater. Kleistt „Herbrochener¬
1948 1488 3133 1543 Krug“ die berühmte deutsche Lustspielsatire, die auf der
1958 1532 3147 1597 Wiener Bühne seit Jahren nicht mehr erschienen ist, wurde
1953 1577 3141 1633 heuté sin einer sorgfältig einstädierten Aufführung dargestellt.
1948 1633 3133 1690 Dinnachhließ das Werk, ein Urbild derbgesunden deutschen
1956 1677 3149 1728 Naturalkzmus stärkete Wirkung vermissen, wenn es auch nicht
1959 1712 3138 1797 so denklichgabfiel wie vor beinahe hundert Jahren in Weimar,
1947 1788 3135 1835 wo es Gotthe 1808 inszenierte und sich damit um ein Haar
1950 1822 3144 1899 eine Heraußforderung des Dichters geholt hätte. Es ist eben
1958 1889 3131 1929 nicht leicht, den bald grob und breit drauf losschlagenden,
1963 1919 3136 1967 bald verstohlen zwischen den Versen hervorlugenden Humor
1959 1965 3139 2013 richtig zu beleuchten und abzustimmen. Die Regie, die Herr
1956 2027 3142 2076 Vallentin führte, war allzu ängstlich darauf bedacht,
1952 2059 3142 2131 den naturalistischen Charakter des klassischen Einakters zu
1962 2104 3156 2183 wahren, und dabei trat die Komik in den Hintergrund. Die
1962 2176 3138 2223 Vorstellung war nicht lustig genug und die einzelnen Dar¬
1963 2209 3147 2274 steller konnten sich nach dieser Seite hin nicht voll ausgeben.
1956 2254 3139 2319 Zudem ist Herr Höfer, der den Dorfrichter Adam gab
1967 2320 3139 2364 ein vortrefflicher Charakterdarsteller, aber kein Komiker uni
1957 2363 3112 2418 gerade dessen bedarf es hier in erster Linie. Die übrige
1970 2397 2999 2454 vor allen Fräulein Galafres als Evchen,
1962 2457 3083 2507 Thaller als Mutter Rull und Herr Birron
1964 2495 3123 2546 Ruprecht, erledigten ihre Aufgaben befriedigend. Doch gi.
1958 2542 3131 2606 ein Zug von Nervosität und sichtlicher Stilpedanterie durch de
1962 2579 3163 2664 Aufführung, der dadurch nicht besser wurde, daß man den Schluß
1969 2653 3146 2699 als regelrechte Dörper=Szene spielte. — Zu Kleists Meisterwerk
1972 2682 3148 2744 gab man die einaktige Groteske von Artur Schnitzler
1970 2735 3147 2802 „Der grüne Kakadu“, jenes Spelunkenbild vom Tage
1965 2783 3141 2832 des Pariser Bastillensturmes, das vor mehreren Jahren neben
1974 2846 3150 2899 „Paracelsus“ und der „Gefährtin“ im Burgtheater erschienen
1972 2879 3155 2951 war, aber alsbald wieder verschwand. In diesem Revolutions¬
1966 2931 3145 2985 akte wird bekanntlich geschildert, wie der Scherz, den über¬
1977 2981 3148 3042 mütige Pariser Kavaliere mit dem Aufruhr treiben, indem
1978 3037 3150 3085 sie sich beim „Grünen Kakadu“ Verbrecherszenen von armen
1974 3073 3148 3135 Komödianten vorführen lassen, an dem Todesabende des Ancien
1971 3129 3154 3191 régime in Ernst umschlägt. Es gibt in dem Stücke ein paar
1968 3169 3144 3230 wirksame Rollen, die auch von Romanowsky, Jensen, Birron,
1981 3219 3154 3277 Leyrer, Czasta und Fräulein Lißl auf der Adelspartei, von
1978 3269 3151 3329 Weiß, Raeder, Homma, John, Russeck, Vallentin und
1973 3311 3155 3391 Fräulein Galafres unter den Schauspielern, gut wieder¬
1977 3380 3154 3432 gegeben wurden. Den Schauspieler, der seinen Eifersuchts¬
1973 3403 3158 3458 mord an dem Rivalen, dem Herzog, erst nur agiert, dann
1979 3475 3150 3529 tatsächlich begeht, gab Herr Kramer; seine Maske war
1975 3517 3149 3571 hübsch, nichts weiter, im Spiele, das den Tabarin Mitter¬
1982 3558 3145 3606 wurzers verlangte, versagte er gänzlich. Schnitzler dankte
1970 3616 3150 3670 heute mit mehr Recht als vorgestern im Burgtheater. Nun
1979 3666 3156 3712 wird sich seine Gemeinde doch nicht mehr beklagen können,
1981 3697 3163 3753 daß man den „Wiener“ Autor in Wien vernachlässigt. Jetzt
1984 3765 3090 3818 kann er schon wieder auf einige Zeit ins Ausland gehen.
2860 3800 3126 3874 A. L—ch.
