3436 4256
330 80 583 175 9. 4
2139 88 2567 180 box 15/6
577 102 1975 190 DerBrüche KakaauVKins
1847 1151 2019 1233 W
2907 1167 3122 1236 E
1314 1224 3340 1267 servirt wird: Die Tragödie selbst wäre vorzuziehen. — Spitze aller deutschen Bühnen. Werden Frankfurterl
1314 1261 3338 1299 Aus den verschlungenen Wirrnissen eines erkünstelten! Theaterfreunde es glauben, daß hier sogar die Scene
409 1135 1316 1346 Auns und Wigenschäft¬“
1314 1299 3325 1342 Seelenlebens führt uns der zweite Einakter auf den im selben Augenblick hell wird, wo Jemand mit brennender
388 1326 1317 1382 = Schnitzler=Abend im Deutschen Theater.
1326 1340 3319 1391 historischen Boden der französischen Revolution. Imz Lampe eintritt, und nicht erst eine halbe Minute später?
297 1375 1310 1430 Aus Berlin, 30. Apeil, wird uns geschrieben: Die
1323 1376 2314 1432 „Grünen Kakadn“, einer Parise: Spelunke, ergötzen
2320 1384 3318 1427 Daß sie sich verdunkelt, während er hinausgeht, und nicht
310 1415 1318 1463 moderne Literatur hat viel „Antoren“ aber nicht einen
2319 1421 3329 1460 erst, nachdem er die Thüre bereits hinter sich geschlossen
1328 1424 2311 1467 sich die blasirten fin-de-siecle=Herrschaften des vorigen
295 1441 1311 1506 Künstler. Nicht Einen, den der überreich aus dem Innern
1312 1466 2315 1514 Jahrhunderts an den grell=naturalistischen Bildern aus
2325 1464 3318 1512 hat? Wenn sie lange nicht aus der schönen Mainstadt
300 1493 1316 1543 quellende Schaffensdrang beängstigte, aber gar viele,
1323 1500 2321 1553 dem Verbrecherleben, die der findige Wirt, ein ehemaliger
2321 1499 3324 1568 hinausgekommen sind, halten sie es schwerlich für möglich.
296 1518 1315 1590 die ihr Gedankenfach alljährlich in Herzensangst nach
1329 1539 2330 1602 Schmierendirektor, ihnen von seinen alten Komödianten
3169 1540 3319 1607 1
289 1572 1318 1634 —neuen Einfällen durchstöbern. Da läßt man sich denn so
1313 1571 2318 1631 allabendlich vormimen läßt. Im Handumdrehen wird
297 1614 1305 1662 gerne einer vom andern auregen, besonders wenn der
1321 1613 2317 1662 aus dem Scherz blutiger Ernst: ein adliger Wüstling
299 1651 1320 1703 andere Erfolg hatte. Man macht mit, was grade Mode
1323 1655 2331 1708 sinkt zu Boden, den Nachestahl des beleidigten Ehemanns
305 1696 1306 1741 ist, und Mode sind in der Bühnenkunst derzeit die Ein¬
1325 1682 2333 1746 im Herzen, und herein tost der wilde Haufe der Bastille¬
300 1728 1314 1786 akter. Eine praktische Mode, ohne Zweifel. Denn wenn
1325 1733 2325 1787 stürmer. Die Stimmung des Revolutionsabends ist gut
295 1771 1316 1827 schon der Schaffenskraft mit Hebel und Pumpwerk nach¬
1311 1765 2329 1821 gegeben. Wenn eine neue Zeit gährend ins Leben drängt
299 1809 1310 1865 geholfen werden muß, so ist's leichter, in drei Absätzen
1323 1816 2328 1872 und Sturm läuft gegen morsche Vorurteile, wer weiß da
302 1842 1313 1897 je eine Kleinigkeit herauszupumpen als in einem Zuge
1313 1847 2331 1906 im voraus, ob und wanns kracht? Alle Revolutionen
299 1891 1330 1955 ein mächtig dahinfluthendes Drama. Auch machen sich
1321 1885 2336 1941 werden wohl zu Anfang so einen kleinen scherzhaften“
293 1915 2329 1985 Wiederholungen in drei verschiedenen Stücken nicht so Anstrich haben, und der blutige Ernst wird kommen, wie
301 1969 1309 2013 unangenehm bemerkbar wie in einem organischen Hanzen.
1316 1955 2327 2025 der Dieb in der Nacht, und die, die's am meisten angeht,
302 2002 1310 2053 So leicht hat sichs Arthur Schnitzler freilie) nicht
1315 2013 2323 2064 werden's am wenigsten ahnen. — Tragikomisch gemischt
290 2043 1311 2095 gemacht. Es ist ihm nicht eingefallen, seine drei Kleinig¬
1324 2049 2324 2101 sind die Elemente auch im dritten Stücke, nur daß der
303 2076 1309 2139 keiten durch eine sogenante „Idee“ zu einem anspruchs¬
1322 2084 2323 2137 Ausgang heiter ist. Paracelsus findet in seiner
305 2122 1305 2176 vollen Dreigespann zusammenzukoppeln, er gibt sein
1317 2123 2315 2179 Vaterstadt Vasel eine Jugendgeliebte als Frau eines
304 2160 1304 2213 Stück schlecht und recht in Stücken. Das erste, „Die
1311 2158 2329 2219 jener biedern Philister, die vom eignen Werte so durch¬
293 2198 1314 2244 Gefährtin“ ist à la Ibsen der letzte Akt einer
1314 2204 2327 2265 drungen sind, daß sie keinen Blick übrig haben für den
293 2225 1314 2290 Tragödie. Ein großer Gelehrter hat seine junge Frau
1321 2248 2314 2293 Wert des Weibes, das an ihrer Seite geht, als eine
297 2276 1316 2338 begraben, und wir erfahren aus der Unterhaltung mit
1319 2283 2317 2340 stille Welt für sich. Dem eingebildeten Pfahlbürger
300 2317 1316 2383 einer Freundin und Nachbarin, wie sein kurzes Glück
1312 2317 2330 2376 sticht der geniale Landstreicher mit überlegener Kunst den
294 2363 1310 2415 schon vor 10 Jahren in die Brüche ging. Der große
1312 2365 2325 2413 Staar, indem er den Ahnungslosen sehen läßt, wie hart er
297 2392 1298 2452 Mann hat sich damals auf seine Schmerzen eine Theorie
1317 2395 2328 2453 daran war, seinen unterschätzten Schatz zu verlieren. Mittel
304 2428 1307 2484 gemacht, die aber, wie alle Theorien, den Mangel hat,
1321 2437 2329 2490 zum Zweck: der hypnolische Schlaf. Na, wir alle haben's
288 2471 1302 2530 nicht ganz zu stimmen. Er hat sich eingeredet, sein junges
1308 2481 2318 2536 wohl gelegentlich gesehen, und so mag's angehen, für einmal
303 2508 1307 2574 Weib habe in seinem dito jungen Assistenzarzte und Haus¬
1319 2525 2312 2565 und im Scherzspiel. Alle drei Einakter hatten einen un¬
298 2552 1314 2616 freund den Mann gefunden, der ihr vom Schicksal eigent¬
1320 2557 2315 2610 bestrittenen, lebhaften Erfolg. Im ersten führte Hermann
299 2588 1304 2646 lich bestimmt gewesen, und er habe kein Recht, ihr ein
1311 2603 2326 2647 Nissen die tragende Rolle siegreich durch, in den beiden
300 2624 1306 2694 Glück zu rauben, das er selbst ihr dauernd nicht geben
1317 2643 2320 2686 anderen stand Kainz im Vordertreffen. Nicht immer
301 2665 1299 2736 konnte. Nun, am Begräbnißtage muß er erfahren, daß
1318 2681 2324 2731 siegreich, für unbefangene Beobachter. Physische Mängel
292 2704 1316 2771 die Tote eine oberflächliche Natur gewesen, die das
1312 2721 2320 2767 stecken seinem Können engere Grenzen, als seine blinden
293 2741 1304 2805 Glück aus der Hand jedes Andern wohl eben'ogern
1309 2755 2319 2806 Bewunderer Wort haben wollen. Sein Pathos des ver¬
294 2784 1298 2841 entgegengenommen hätte. Und die dem großen Manne
1316 2783 2332 2851 liebten Komödianten im zweiten Stücke ging um eine
295 2819 1312 2893 der grauen Theorie die Augen über die nächstliegenden
1318 2839 2329 2897 kleine, kleine Nuance zu weit, die aber gerade genügte,
296 2869 1304 2913 Dinge öffnet, eben jene Nachbarin, die soll wohl
1309 2867 2338 2923 durchaus unbeabsichtigtes Gelächter hervorzurufen. Sein
300 2904 1308 2952 als die wahre Gefährtin zu denken sein. Aber das ist
1308 2916 2332 2962 Paracelsus war immer klug, aber mie groß. Man nahm
295 2935 1299 2999 nicht klar herausgearbeitet, wie denn dieser erste Ein¬
1304 2955 2327 3008 seine zwingende Gewalt über die Menschen hin, weil
291 2986 1297 3036 akter unlengbar der schwächste von den dreien ist. Es ist
1304 2990 2330 3050 man in freundlicher Stimmung war, nicht weil man
286 3019 1302 3074 nicht übermäßig glaubhaft, daß ein scharfer Beobachter
1305 3028 2326 3089 mußte. Ueberhaupt: Kainz versteht fast immer zu
282 3068 1303 3128 sich nach mehr denn zehnjährigem Zusammenleben über
1309 3077 2325 3124 interessiren, böchst selten zu imponiren; der geborene
285 3089 1307 3159 die wahre Natur seines Gefährten noch so gröblich
1304 3113 2322 3164 Cyrano von Bergerac: ein merkwürdiger Mensch, dessen
282 3119 1316 3213 känschen sollte. Oder richtiger vielleicht: es ist in einem
1305 3153 2321 3212 Schicksal uns fesselt, oyne uns je im Innersten zu er¬
284 3171 2323 3239 kurzen Akte nicht glaubhaft zu machen. Ob uns nun  schüttern. Was die Gesamtheit der Darstellung anlangt,
288 3209 2340 3295 der Schlußakt einer Tragödie in drei oder einem Akte so marschirt das Deuische Theater wohl wieder an der
