3484 4224
719 156 1310 224 ruene Kakadu
231 155 1311 256 9. 3 Der  eneeeeeen
1448 156 1882 246 box 15/4
2243 94 2947 132 linguaggio ampolloso che non manca
2237 121 2939 171 di arguzia gad espropriares) quando
2234 162 2947 210 ha bevuto un po’. Tutto il male vien
2242 190 2949 240 di li, da quel dannato alcool che ac¬
2243 233 2955 294 cende le liti in famiglia, che fa gettar
2242 275 2849 320 via i denari alla povera gente.
2268 315 2938 363 All’alba, quando tutti ancora dor¬
2236 345 2947 395 mono, il vagabondo per non mancare
2225 390 2945 440 alle sue abitudini, porta via il tée lo
2222 417 2941 481 zucchero della famigliola e se ne va
2232 463 2948 518 insalutato ospite: rincorsoe malme¬
2240 500 2940 552 nato si sottopone al gindizio dei de¬
2243 545 2946 584 rubati: é disposto a prendersi anche
2244 583 2948 634 le busse: ma il contadino, vinto dalla
2253 619 2957 673 pietà della moglie, gli perdona e gli
2244 667 2954 710 dona la roba rubata, II vagabondo 6
2256 702 2952 748 umiliato dal perdono generoso e non
2250 736 2947 778 accetta il regalo: se ne va ancora nu¬
2244 772 2955 824 do e bruco per il mondo, con un po'
2256 811 2953 850 di tenerezza e di rimpianto nel cuore.
2280 850 2957 897 L’atto non ha che delle qualità di
2256 891 2960 944 colore e di ambiente, ma dä modo a
2246 922 2961 982 Moissi di presentarci una delle sue fi¬
2241 949 2964 1015 gure caratteristiche di perseguitato
2250 1001 2968 1068 dalla sorte, che egli predilige. Se di¬
2246 1039 2957 1087 cessimo che ci abbia persuaso sempre
2250 1076 2969 1126 in tutte le sue attitudini e in tutte le
2253 1104 2970 1175 sue controscene, diremmo ccsa che
2252 1149 2983 1208 non sentiamo: ma naturalmente i mo¬
2253 1200 2961 1247 menti in cui la sua arte, fatta di sot¬
2259 1233 2976 1282 tigliezze psicologiche e di trapassi in¬
2262 1271 2962 1325 telligenti, assurge a maggior comple¬
2262 1315 2965 1368 tezza, non mancarono. Wanda Capo¬
2262 1360 2958 1403 daglio caratterizzé con molto sapore
2252 1377 2959 1451 il personaggio di una vecchia contadi¬
2260 1432 2978 1487 na: il Torrini recitó con esuberanza...
2261 1467 2973 1525 alcoolica: il Bertramo e gli altri com¬
2260 1513 2867 1572 pletarono assai bene il quadro.
2294 1534 2981 1602 Di assai maggior rilievoe di altra
2262 1578 2968 1624 importanza artistica apparve & II pap¬
2262 1626 2971 1677 pagallo verdes di Arturo Schnitzler,
2254 1664 2966 1717 un atto che gode di una meritata ce¬
2265 1699 2970 1757 lebrità nell’opera del grande scrittore
2249 1735 2981 1794 e che in Italia fu dato se ben ricordo
2267 1775 2967 1834 una sola volta molti anni fa all’Argen¬
2260 1815 2547 1872 tina di Roma.
2287 1844 2986 1910 In questo dramma già si preannun¬
2252 1899 2976 1955 zia quel contrasto fra la finzione e la
2266 1932 2973 1979 realtà che doveva dar tanto da fare
2263 1974 2972 2022 agli autori moderni a cominciare dal
2265 2014 2984 2070 nostro Pirandello. Siamo nell’interno
2268 2033 2979 2103 di un scabarets parigino, ai primotdi
2266 2090 2978 2150 della rivoluzione francese, anzi in quel
2269 2136 2975 2181 fatale 14 luglio del 1789, che segnava
2259 2171 2978 2223 con la presa della Bastiglia, il „unto
2266 2206 2979 2261 di partenza della grande tragedia. Al
2261 2236 2970 2292 & Pappagallo verdes si recitano stra¬
2269 2277 2982 2337 ne scene macahre e terrorizzanti per
2274 2322 2976 2374 divertire un pubblico di nobilie di
2268 2357 2974 2415 vitaioli in cerca di forti emozioni. Men¬
2270 2383 2980 2453 tre fuori il popolo infuria contro la
2268 2435 3005 2486 nobiltà, al e Pappagallo verde: Toste
2261 2477 2992 2533 Tei suoi artisti imprecano contro i lo¬
2276 2528 2984 2566 ro spettatori, i quali si dilettano di
2270 2547 2989 2604 quelle ingiurie che credono burlesche
2281 2593 2979 2635 ma che nascondono già nella loro for¬
2278 2631 2981 2682 ma teatrale un profondo senso di au¬
2275 2671 2986 2718 tentico rancore. Uno degli attori, Hen¬
2271 2707 2984 2764 ri, finge di avere ucciso l’amante del¬
2283 2752 2985 2800 la moglie, il Duca di Cardignac: ma
2275 2789 2990 2843 la burla si muta in tragedia quando
2278 2823 2992 2879 Henri viene a sapere che la moglie
2276 2866 2985 2922 lo tradisce davvero col Duca; infatti
2270 2903 2983 2955 quando questi arriva, Henri gli si get¬
2280 2950 2701 2993 ta addosso e lo uccide.
2254 2979 2994 3058 II dramma ha chiaruscuri bellissimi
2349 3017 2990 3079 #antinua oscillazione fra la real¬
2239 3080 2964 3154 täe la commedia che forma la sua at¬
2246 3140 2949 3205 trattiva maggioree la sua trovata emo¬
2253 3187 2959 3236 zionante. Ieri sera mancó, se non mi
2242 3207 2957 3269 sbaglio, quel deciso cambiamento di
2249 3264 2957 3313 tono che ci facesse passare dal dram¬
2250 3302 2957 3343 ma recitato a quello vero e che ci des¬
2243 3334 2950 3398 se, perció, il palpito di commozione
2237 3369 2952 3426 che l’autore, certo, ha pensate di pro¬
2247 3422 2949 3465 durre. Ma nor mancó alla recitazione
2236 3447 2952 3501 il movimento, la varietà di colori che
2245 3494 2959 3547 erano indispensabili perché la geniale
2239 3533 2957 3588 rappresentazione avesse il suo risalto.
2234 3557 2969 3616 Moissi fu ammirevole per la intensità
2243 3609 2962 3672 del suo giuoco scenicoe Tardore della
2236 3647 2966 3704 sua passione e assai bene lo seconda¬
2245 3695 2955 3734 rono la Capodaglio, il Campa (un ma¬
2236 3727 2965 3786 gnifico oste), la Fabbri, il Bertramo,
2242 3767 2656 3820 il Torrinie gli altri.
2270 3795 2967 3858 II pubblico che era molto numeroso¬
2241 3849 2966 3900 chiamö alla ribalta tre volte gli attori¬
2242 3889 2956 3927 alla fine di ogni atto e fece le piü cor¬
2241 3921 2959 3964 diali accoglienze ad Alessandro Moissi
2272 3958 3046 4023 Stasera l’intero spettacolo si replica
2775 4009 2915 4062 c. 8
2498 4065 2647 4125 e
