<?xml version="1.0" encoding="UTF-8" standalone="yes"?>
<PcGts xmlns="http://schema.primaresearch.org/PAGE/gts/pagecontent/2013-07-15" xmlns:xsi="http://www.w3.org/2001/XMLSchema-instance" xsi:schemaLocation="http://schema.primaresearch.org/PAGE/gts/pagecontent/2013-07-15 http://schema.primaresearch.org/PAGE/gts/pagecontent/2013-07-15/pagecontent.xsd">
    <Metadata>
        <Creator>prov=University of Rostock/Institute of Mathematics/CITlab/Gundram Leifert/gundram.leifert@uni-rostock.de:name=ONB_Newseye_GT_M1+(htr_id=10810)::::v=2.4.2
prov=University of Rostock/Institute of Mathematics/CITlab/Tobias Gruening/tobias.gruening@uni-rostock.de:name=de.uros.citlab.module.baseline2polygon.B2PSeamMultiOriented:v=2.4.2
prov=University of Rostock/Institute of Mathematics/CITlab/Tobias Gruening/tobias.gruening@uni-rostock.de:name=/mnt/transkribus/LA/DEA/URO/LA_news_onb_att.pb:de.uros.citlab.segmentation.CITlab_LA_ML:v=2.4.2
Transkribus</Creator>
        <Created>2019-10-07T11:43:35.391+02:00</Created>
        <LastChange>2019-10-08T22:25:19.493+02:00</LastChange>
        <TranskribusMetadata docId="223987" pageId="9504183" pageNr="571" tsid="16612186" status="IN_PROGRESS" userId="40391" imgUrl="https://files.transkribus.eu/Get?id=QKQKXVTUJTQYPBMTBRWUNMLG&amp;fileType=view" xmlUrl="https://files.transkribus.eu/Get?id=EBPSVRQEKJNRGKMSOLRWBJIW" imageId="6194397"/>
    </Metadata>
    <Page imageFilename="223987_0571.jpeg" imageWidth="3436" imageHeight="4256">
        <ReadingOrder>
            <OrderedGroup id="ro_1711447536093" caption="Regions reading order">
                <RegionRefIndexed index="0" regionRef="r1"/>
            </OrderedGroup>
        </ReadingOrder>
        <TextRegion orientation="0.0" id="r1" custom="readingOrder {index:0;}">
            <Coords points="1059,116 1059,3973 2514,3973 2514,116"/>
            <TextLine id="r1l1" custom="readingOrder {index:0;}">
                <Coords points="1211,138 2127,144 2365,185 2382,129 1211,101"/>
                <Baseline points="1220,136 1277,137 1335,138 1392,139 1450,140 1508,141 1565,142 1623,144 1680,145 1738,146 1796,147 1853,148 1911,150 1968,150 2026,152 2084,153 2141,154 2199,154 2256,155 2314,156 2372,157"/>
                <TextEquiv>
                    <Unicode>wesen ist, eine „Girfährtin“. Oder wird er eine solche</Unicode>
                </TextEquiv>
            </TextLine>
            <TextLine id="r1l2" custom="readingOrder {index:1;}">
                <Coords points="1213,179 2273,210 2368,198 2369,167 1214,144"/>
                <Baseline points="1222,175 1278,176 1335,177 1392,178 1449,180 1506,181 1563,182 1619,184 1676,185 1733,186 1790,188 1847,189 1904,190 1961,191 2017,192 2074,193 2131,194 2188,195 2245,195 2302,195 2359,195"/>
                <TextEquiv>
                    <Unicode>doch noch leibbaftig finden in der ganz verschwommen ge¬</Unicode>
                </TextEquiv>
            </TextLine>
            <TextLine id="r1l3" custom="readingOrder {index:2;}">
                <Coords points="1205,223 2330,242 2371,192 1205,192"/>
                <Baseline points="1214,219 1271,219 1328,218 1386,218 1443,219 1501,219 1558,221 1615,221 1673,223 1730,224 1788,225 1845,227 1902,228 1960,229 2017,230 2075,231 2132,231 2189,231 2247,231 2304,230 2362,229"/>
                <TextEquiv>
                    <Unicode>zeichneten Frau Olga, der Gattin irgend eines anderen, der</Unicode>
                </TextEquiv>
            </TextLine>
            <TextLine id="r1l4" custom="readingOrder {index:3;}">
                <Coords points="1214,254 2323,283 2375,244 1215,231"/>
                <Baseline points="1224,255 1281,255 1338,255 1395,255 1452,255 1509,256 1566,257 1623,258 1680,260 1737,261 1795,262 1852,264 1909,265 1966,266 2023,268 2080,268 2137,269 2194,270 2251,271 2308,271 2366,270"/>
                <TextEquiv>
                    <Unicode>ihr ebelich angetranter Mann, aber nicht ihr „Gefährte“ ist?</Unicode>
                </TextEquiv>
            </TextLine>
            <TextLine id="r1l5" custom="readingOrder {index:4;}">
                <Coords points="1213,302 2377,311 2365,271 1213,262"/>
                <Baseline points="1222,295 1279,295 1336,294 1393,295 1451,295 1508,295 1565,296 1623,296 1680,297 1737,298 1795,299 1852,300 1909,301 1966,302 2024,304 2081,304 2138,305 2196,306 2253,307 2310,308 2368,308"/>
                <TextEquiv>
                    <Unicode>Der Dichter läßt das Verhältniß der Frau Olga Merholm zu</Unicode>
                </TextEquiv>
            </TextLine>
            <TextLine id="r1l6" custom="readingOrder {index:5;}">
                <Coords points="1202,321 2371,368 2372,312 1202,295"/>
                <Baseline points="1210,334 1267,334 1325,334 1382,334 1440,334 1498,334 1555,335 1613,335 1670,336 1728,337 1786,338 1843,339 1901,340 1958,341 2016,342 2074,343 2131,343 2189,344 2246,345 2304,346 2362,347"/>
                <TextEquiv>
                    <Unicode>dem Professor Pilgram ganz im Unklaren, vielleicht mit Absicht:</Unicode>
                </TextEquiv>
            </TextLine>
            <TextLine id="r1l7" custom="readingOrder {index:6;}">
                <Coords points="1209,382 2373,405 2359,348 1210,335"/>
                <Baseline points="1219,373 1276,372 1333,372 1390,373 1448,373 1505,373 1562,374 1619,375 1677,376 1734,377 1791,378 1848,379 1906,381 1963,382 2020,383 2077,384 2135,384 2192,385 2249,386 2306,386 2364,386"/>
                <TextEquiv>
                    <Unicode>es soll wohl so eine dunkle Ahnung hervorgerufen werden von</Unicode>
                </TextEquiv>
            </TextLine>
            <TextLine id="r1l8" custom="readingOrder {index:7;}">
                <Coords points="1205,417 2292,443 2371,426 2372,380 1206,382"/>
                <Baseline points="1215,412 1272,411 1329,411 1387,411 1444,411 1501,412 1559,412 1616,413 1673,414 1731,415 1788,416 1845,417 1903,418 1960,420 2017,421 2075,422 2132,423 2189,424 2247,425 2304,425 2362,426"/>
                <TextEquiv>
                    <Unicode>dem seltsamen Spiel des Lebens, das für einander geschaffene</Unicode>
                </TextEquiv>
            </TextLine>
            <TextLine id="r1l9" custom="readingOrder {index:8;}">
                <Coords points="1217,464 2352,477 2366,426 1218,426"/>
                <Baseline points="1226,454 1282,452 1339,451 1395,450 1452,450 1508,450 1565,450 1621,451 1678,452 1734,453 1791,454 1847,456 1904,457 1960,459 2017,460 2073,461 2130,463 2186,463 2243,464 2299,464 2356,464"/>
                <TextEquiv>
                    <Unicode>„Gefährten“ auseinanderhält und an Geschöpfe kettet, die zu</Unicode>
                </TextEquiv>
            </TextLine>
            <TextLine id="r1l10" custom="readingOrder {index:9;}">
                <Coords points="1211,490 2368,503 2368,472 2094,459 1211,459"/>
                <Baseline points="1220,486 1276,486 1333,487 1390,488 1447,489 1504,490 1561,491 1618,492 1675,493 1732,494 1789,495 1845,496 1902,497 1959,498 2016,499 2073,500 2130,500 2187,501 2244,501 2301,502 2358,502"/>
                <TextEquiv>
                    <Unicode>manchem andren, aber nicht zu gemeinsamer „Fahrt“ durch ein</Unicode>
                </TextEquiv>
            </TextLine>
            <TextLine id="r1l11" custom="readingOrder {index:10;}">
                <Coords points="1204,527 2231,558 2342,547 2374,498 1204,505"/>
                <Baseline points="1212,529 1269,529 1327,529 1384,529 1442,529 1500,530 1557,530 1615,531 1672,532 1730,533 1788,534 1845,535 1903,536 1960,537 2018,538 2076,539 2133,540 2191,541 2248,542 2306,543 2364,544"/>
                <TextEquiv>
                    <Unicode>ganzes langes Leben geschaffen sind. Gefährtin und Geliebte</Unicode>
                </TextEquiv>
            </TextLine>
            <TextLine id="r1l12" custom="readingOrder {index:11;}">
                <Coords points="1054,576 1065,577 1099,561 1114,562 1125,570 1136,568 1154,551 1188,556 1188,523 1174,522 1152,529 1137,518 1123,517 1115,522 1102,515 1097,521 1088,517 1081,525 1054,534"/>
                <Baseline points="1062,552 1091,551 1121,551 1150,551 1180,550"/>
                <TextEquiv>
                    <Unicode>Für</Unicode>
                </TextEquiv>
            </TextLine>
            <TextLine id="r1l13" custom="readingOrder {index:12;}">
                <Coords points="1202,573 2448,604 2449,553 1203,525"/>
                <Baseline points="1212,564 1273,566 1334,568 1395,569 1457,570 1518,570 1579,571 1641,571 1702,572 1763,572 1825,573 1886,573 1947,574 2008,575 2070,576 2131,578 2192,581 2254,584 2315,588 2376,591 2438,597"/>
                <TextEquiv>
                    <Unicode>zugleich, das wäre ein Ideal! Wo findet sich das Weib, jann</Unicode>
                </TextEquiv>
            </TextLine>
            <TextLine id="r1l14" custom="readingOrder {index:13;}">
                <Coords points="1147,601 1162,603 1165,599 1167,601 1174,599 1178,602 1180,600 1209,599 1207,561 1171,561 1157,567 1146,565"/>
                <Baseline points="1156,593 1199,592"/>
                <TextEquiv>
                    <Unicode>100</Unicode>
                </TextEquiv>
            </TextLine>
            <TextLine id="r1l15" custom="readingOrder {index:14;}">
                <Coords points="1216,607 2165,642 2419,610 1217,570"/>
                <Baseline points="1225,602 1284,604 1343,606 1402,608 1462,609 1521,611 1580,612 1639,613 1699,613 1758,614 1817,615 1876,615 1936,616 1995,616 2054,617 2113,618 2173,619 2232,620 2291,622 2350,623 2410,625"/>
                <TextEquiv>
                    <Unicode>das solche Gegensätze in sich zu vereinigen wüßte! Frau #o.</Unicode>
                </TextEquiv>
            </TextLine>
            <TextLine id="r1l16" custom="readingOrder {index:15;}">
                <Coords points="1131,650 1144,649 1158,639 1174,642 1192,637 1203,640 1209,634 1218,634 1216,599 1185,599 1178,602 1165,600 1147,614 1129,612"/>
                <Baseline points="1139,633 1174,631 1209,629"/>
                <TextEquiv>
                    <Unicode>200</Unicode>
                </TextEquiv>
            </TextLine>
            <TextLine id="r1l17" custom="readingOrder {index:16;}">
                <Coords points="1199,638 2445,657 2336,624 1200,600"/>
                <Baseline points="1209,644 1270,644 1331,645 1393,646 1454,646 1515,648 1577,649 1638,650 1699,651 1761,653 1822,654 1883,655 1945,656 2006,657 2067,657 2129,658 2190,658 2251,658 2313,658 2374,657 2436,656"/>
                <TextEquiv>
                    <Unicode>(Justina in dem Versspiel „Paracelsus“ könnte es wohl bar</Unicode>
                </TextEquiv>
            </TextLine>
            <TextLine id="r1l18" custom="readingOrder {index:17;}">
                <Coords points="1133,671 2309,712 2479,667 1133,649"/>
                <Baseline points="1141,673 1207,676 1273,679 1340,682 1406,685 1473,687 1539,689 1605,691 1672,692 1738,693 1805,694 1871,695 1937,695 2004,695 2070,696 2137,696 2203,695 2269,695 2336,695 2402,694 2469,694"/>
                <TextEquiv>
                    <Unicode>500 sein, wenn ihr stattlicher, biederer und wohlbabender Gemahl oraus</Unicode>
                </TextEquiv>
            </TextLine>
            <TextLine id="r1l19" custom="readingOrder {index:18;}">
                <Coords points="1072,701 2432,743 2432,703 2360,696 1072,683"/>
                <Baseline points="1080,712 1147,715 1214,717 1281,719 1348,721 1415,723 1482,725 1550,727 1617,729 1684,731 1751,732 1818,733 1885,734 1952,735 2020,736 2087,736 2154,736 2221,736 2288,736 2355,735 2423,733"/>
                <TextEquiv>
                    <Unicode>1000 der Waffenschmied Cyrrian nicht im Laufe der Jahre ein bischen #</Unicode>
                </TextEquiv>
            </TextLine>
            <TextLine id="r1l20" custom="readingOrder {index:19;}">
                <Coords points="1196,766 2493,771 2438,734 1196,724"/>
                <Baseline points="1205,761 1272,762 1339,762 1406,763 1474,765 1541,766 1608,768 1676,769 1743,771 1810,772 1878,773 1945,774 2012,775 2080,776 2147,776 2214,775 2282,775 2349,773 2416,771 2484,768"/>
                <TextEquiv>
                    <Unicode> zu sehr Gatte und ein bischen zu wenig Geliebter geworden st das</Unicode>
                </TextEquiv>
            </TextLine>
            <TextLine id="r1l21" custom="readingOrder {index:20;}">
                <Coords points="1051,792 2524,835 2524,791 2432,775 1051,777"/>
                <Baseline points="1060,794 1132,796 1205,798 1278,799 1350,801 1423,803 1496,804 1568,806 1641,807 1714,809 1787,810 1859,811 1932,812 2005,813 2077,813 2150,814 2223,814 2295,815 2368,814 2441,814 2514,814"/>
                <TextEquiv>
                    <Unicode>Tbonne wäre. Kann man es da einem warmen, blühenden, reifen Frauen= es den</Unicode>
                </TextEquiv>
            </TextLine>
            <TextLine id="r1l22" custom="readingOrder {index:21;}">
                <Coords points="1051,849 2404,857 2363,811 1051,817"/>
                <Baseline points="1059,834 1125,835 1192,836 1259,838 1326,839 1393,841 1459,842 1526,843 1593,845 1660,846 1727,847 1793,848 1860,849 1927,850 1994,851 2061,851 2127,851 2194,851 2261,851 2328,850 2395,850"/>
                <TextEquiv>
                    <Unicode>Abonne herzen verdenken, wenn es sich nach Liebe, nach kräftiger, wärmender k.</Unicode>
                </TextEquiv>
            </TextLine>
            <TextLine id="r1l23" custom="readingOrder {index:22;}">
                <Coords points="1195,864 1382,906 2388,893 2388,862 1195,842"/>
                <Baseline points="1204,881 1262,881 1321,882 1380,883 1438,883 1497,884 1556,885 1614,886 1673,886 1732,887 1791,888 1849,888 1908,889 1967,890 2025,890 2084,891 2143,891 2201,892 2260,892 2319,892 2378,893"/>
                <TextEquiv>
                    <Unicode>Mannesliebe sehnt, wenn es träumt: ach möchte doch, dieser oder</Unicode>
                </TextEquiv>
            </TextLine>
            <TextLine id="r1l24" custom="readingOrder {index:23;}">
                <Coords points="1193,936 2350,937 2335,904 2157,889 1326,907 1193,876"/>
                <Baseline points="1202,921 1261,922 1321,922 1381,922 1441,923 1501,923 1561,924 1621,924 1681,925 1741,926 1801,926 1861,927 1921,928 1981,928 2041,929 2101,930 2161,930 2221,931 2281,932 2341,932"/>
                <TextEquiv>
                    <Unicode>“ jener .. . . Dech der Traum wird von dem keuschen Herzen gar</Unicode>
                </TextEquiv>
            </TextLine>
            <TextLine id="r1l25" custom="readingOrder {index:24;}">
                <Coords points="1198,950 2357,984 2357,934 1199,921"/>
                <Baseline points="1208,951 1267,952 1327,954 1387,955 1447,956 1507,958 1567,959 1627,961 1687,962 1747,963 1807,964 1867,965 1927,966 1987,967 2047,968 2107,968 2167,969 2227,969 2287,970 2347,970"/>
                <TextEquiv>
                    <Unicode>nicht zu Ende geträumt, der Gedanke gar nicht zu Ende gedacht.</Unicode>
                </TextEquiv>
            </TextLine>
            <TextLine id="r1l26" custom="readingOrder {index:25;}">
                <Coords points="1189,987 2327,1019 2355,974 1189,950"/>
                <Baseline points="1198,987 1255,989 1312,991 1370,993 1427,995 1484,996 1542,997 1599,999 1656,1000 1714,1001 1771,1002 1828,1003 1886,1004 1943,1005 2000,1006 2058,1006 2115,1007 2172,1007 2230,1007 2287,1007 2345,1007"/>
                <TextEquiv>
                    <Unicode>Er kame Frau Justina wehl kaum zum Bewußtsein, wenn</Unicode>
                </TextEquiv>
            </TextLine>
            <TextLine id="r1l27" custom="readingOrder {index:26;}">
                <Coords points="1195,1037 2354,1050 2316,1012 1196,987"/>
                <Baseline points="1205,1032 1262,1033 1319,1034 1376,1035 1433,1036 1490,1036 1547,1037 1604,1038 1661,1039 1718,1040 1775,1041 1832,1041 1889,1042 1946,1043 2003,1043 2060,1044 2117,1044 2174,1044 2231,1045 2288,1045 2345,1045"/>
                <TextEquiv>
                    <Unicode>nicht der kluge „Zauberer“ Paracelsus dieses Bewußtsein</Unicode>
                </TextEquiv>
            </TextLine>
            <TextLine id="r1l28" custom="readingOrder {index:27;}">
                <Coords points="1199,1072 1319,1084 1361,1071 1403,1087 1436,1077 1436,1050 1423,1052 1399,1038 1367,1052 1323,1031 1266,1044 1256,1037 1199,1046"/>
                <Baseline points="1209,1075 1236,1074 1263,1073 1290,1073 1318,1073 1345,1073 1372,1073 1399,1073 1427,1073"/>
                <TextEquiv>
                    <Unicode>weckte, er,</Unicode>
                </TextEquiv>
            </TextLine>
            <TextLine id="r1l29" custom="readingOrder {index:28;}">
                <Coords points="1434,1084 2356,1083 2291,1051 1434,1045"/>
                <Baseline points="1442,1071 1487,1073 1532,1074 1577,1076 1623,1077 1668,1079 1713,1079 1758,1080 1804,1081 1849,1082 1894,1082 1939,1083 1985,1084 2030,1084 2075,1084 2120,1085 2166,1085 2211,1085 2256,1085 2301,1085 2347,1086"/>
                <TextEquiv>
                    <Unicode>der in Wahrheit ein glänzender Kenner der</Unicode>
                </TextEquiv>
            </TextLine>
            <TextLine id="r1l30" custom="readingOrder {index:29;}">
                <Coords points="1200,1114 2364,1130 2268,1079 1200,1075"/>
                <Baseline points="1208,1114 1265,1114 1322,1113 1379,1113 1437,1113 1494,1114 1551,1114 1609,1115 1666,1116 1723,1117 1781,1119 1838,1120 1895,1122 1952,1123 2010,1124 2067,1125 2124,1126 2182,1126 2239,1127 2296,1127 2354,1126"/>
                <TextEquiv>
                    <Unicode>Menschenfeelen und besonders der Frauenherzen ist. Durch</Unicode>
                </TextEquiv>
            </TextLine>
            <TextLine id="r1l31" custom="readingOrder {index:30;}">
                <Coords points="1199,1147 2299,1175 2367,1129 1199,1114"/>
                <Baseline points="1208,1151 1265,1151 1322,1151 1380,1151 1437,1152 1495,1152 1552,1154 1610,1154 1667,1156 1725,1157 1782,1158 1839,1160 1897,1161 1954,1162 2012,1163 2069,1164 2127,1164 2184,1164 2242,1163 2299,1163 2357,1161"/>
                <TextEquiv>
                    <Unicode>das Mittel der Hypnosé zwingt er Frau Justina, nachdem er vor¬</Unicode>
                </TextEquiv>
            </TextLine>
            <TextLine id="r1l32" custom="readingOrder {index:31;}">
                <Coords points="1192,1188 2326,1216 2358,1163 1192,1160"/>
                <Baseline points="1201,1190 1258,1190 1315,1190 1373,1191 1430,1191 1488,1192 1545,1193 1602,1194 1660,1195 1717,1197 1775,1198 1832,1199 1889,1200 1947,1201 2004,1202 2062,1202 2119,1202 2176,1203 2234,1202 2291,1202 2349,1200"/>
                <TextEquiv>
                    <Unicode>her noch einen boshaften Scherz mit dem allzu lau gewordenen</Unicode>
                </TextEquiv>
            </TextLine>
            <TextLine id="r1l33" custom="readingOrder {index:32;}">
                <Coords points="1193,1224 2224,1255 2358,1242 2359,1202 1193,1202"/>
                <Baseline points="1201,1232 1258,1231 1315,1230 1373,1230 1430,1230 1488,1230 1545,1231 1603,1232 1660,1233 1718,1234 1775,1235 1832,1236 1890,1237 1947,1238 2005,1240 2062,1240 2120,1241 2177,1241 2235,1241 2292,1241 2350,1240"/>
                <TextEquiv>
                    <Unicode>Gatten getrieben hatte, die Wahrheit über ihr innerstes Fühlen,</Unicode>
                </TextEquiv>
            </TextLine>
            <TextLine id="r1l34" custom="readingOrder {index:33;}">
                <Coords points="1183,1257 1716,1292 2358,1266 2346,1240 1183,1244"/>
                <Baseline points="1193,1271 1250,1270 1308,1270 1366,1269 1424,1269 1481,1270 1539,1271 1597,1271 1655,1272 1712,1273 1770,1275 1828,1275 1886,1277 1943,1278 2001,1279 2059,1280 2117,1280 2174,1280 2232,1280 2290,1280 2348,1280"/>
                <TextEquiv>
                    <Unicode>ihre geheimsten Herzensregungen preiszugeben. Und nun enthüllt</Unicode>
                </TextEquiv>
            </TextLine>
            <TextLine id="r1l35" custom="readingOrder {index:34;}">
                <Coords points="1193,1301 2342,1335 2361,1264 2211,1295 1193,1278"/>
                <Baseline points="1202,1310 1259,1310 1316,1309 1374,1309 1431,1310 1489,1310 1546,1310 1604,1311 1661,1312 1719,1313 1776,1313 1833,1314 1891,1315 1948,1316 2006,1317 2063,1318 2121,1318 2178,1319 2236,1320 2293,1320 2351,1321"/>
                <TextEquiv>
                    <Unicode>sich in anmuthigen Versen — die Frl. Dumont ganz reizend</Unicode>
                </TextEquiv>
            </TextLine>
            <TextLine id="r1l36" custom="readingOrder {index:35;}">
                <Coords points="1199,1351 2299,1373 2346,1370 2347,1327 1199,1309"/>
                <Baseline points="1208,1346 1264,1347 1320,1347 1377,1348 1433,1348 1490,1349 1546,1350 1603,1351 1659,1351 1716,1352 1772,1353 1828,1354 1885,1354 1941,1355 1998,1357 2054,1357 2111,1358 2167,1360 2224,1361 2280,1362 2337,1363"/>
                <TextEquiv>
                    <Unicode>sprach — eine Frauenfeeke mit ihrem Wunsche, treu zu</Unicode>
                </TextEquiv>
            </TextLine>
            <TextLine id="r1l37" custom="readingOrder {index:36;}">
                <Coords points="1192,1393 2301,1413 2348,1411 2349,1357 1192,1345"/>
                <Baseline points="1200,1387 1257,1387 1314,1387 1371,1388 1428,1388 1485,1389 1542,1389 1599,1390 1656,1391 1713,1391 1770,1392 1827,1393 1884,1393 1941,1394 1998,1395 2055,1396 2112,1396 2169,1397 2226,1398 2283,1399 2340,1399"/>
                <TextEquiv>
                    <Unicode>bleiben, aber auch geliebt zu werden. Treue um Liebe!</Unicode>
                </TextEquiv>
            </TextLine>
            <TextLine id="r1l38" custom="readingOrder {index:37;}">
                <Coords points="1194,1427 2355,1428 2344,1396 1195,1393"/>
                <Baseline points="1203,1421 1260,1422 1317,1423 1374,1424 1431,1425 1488,1427 1545,1427 1602,1428 1659,1429 1716,1430 1774,1431 1831,1432 1888,1433 1945,1433 2002,1434 2059,1435 2116,1435 2173,1436 2230,1436 2287,1437 2345,1437"/>
                <TextEquiv>
                    <Unicode>So klar und hell führt Frau Justina ihr tiefgeheimstes</Unicode>
                </TextEquiv>
            </TextLine>
            <TextLine id="r1l39" custom="readingOrder {index:38;}">
                <Coords points="1181,1453 2268,1489 2344,1488 2345,1439 1181,1424"/>
                <Baseline points="1189,1468 1246,1467 1303,1466 1360,1465 1418,1465 1475,1465 1532,1466 1590,1467 1647,1468 1704,1468 1762,1469 1819,1470 1876,1472 1933,1473 1991,1474 2048,1475 2105,1476 2163,1476 2220,1477 2277,1477 2335,1477"/>
                <TextEquiv>
                    <Unicode>Fühlen aus Licht, daß selbst der Frauenkenner Parecelsus tiefern</Unicode>
                </TextEquiv>
            </TextLine>
            <TextLine id="r1l40" custom="readingOrder {index:39;}">
                <Coords points="1190,1502 2352,1525 2292,1481 1190,1469"/>
                <Baseline points="1198,1507 1255,1506 1312,1504 1369,1504 1426,1504 1484,1504 1541,1504 1598,1505 1655,1506 1712,1507 1770,1508 1827,1509 1884,1511 1941,1512 1998,1513 2056,1514 2113,1514 2170,1515 2227,1515 2284,1515 2342,1514"/>
                <TextEquiv>
                    <Unicode>Einblick in des Weibes Wesen gewinnt und seinen eigenen Zauber;</Unicode>
                </TextEquiv>
            </TextLine>
            <TextLine id="r1l41" custom="readingOrder {index:40;}">
                <Coords points="1181,1559 2301,1567 2342,1530 1182,1497"/>
                <Baseline points="1190,1544 1247,1543 1304,1543 1361,1543 1418,1544 1475,1544 1532,1545 1589,1546 1646,1547 1703,1548 1761,1549 1818,1550 1875,1551 1932,1552 1989,1552 2046,1553 2103,1554 2160,1554 2217,1554 2274,1554 2332,1554"/>
                <TextEquiv>
                    <Unicode>vor dem dem Weibe angeborenen Zauber der Liebesmacht und</Unicode>
                </TextEquiv>
            </TextLine>
            <TextLine id="r1l42" custom="readingOrder {index:41;}">
                <Coords points="1179,1596 2310,1609 2349,1582 2254,1554 1179,1551"/>
                <Baseline points="1189,1584 1246,1583 1304,1583 1361,1583 1419,1584 1476,1584 1534,1584 1591,1585 1649,1585 1706,1586 1764,1587 1822,1587 1879,1588 1937,1589 1994,1590 2052,1590 2109,1591 2167,1592 2224,1592 2282,1593 2340,1593"/>
                <TextEquiv>
                    <Unicode>Liebesbedürftigkeit erliegen sieht. Dem durch Gewohnheit allzu!</Unicode>
                </TextEquiv>
            </TextLine>
            <TextLine id="r1l43" custom="readingOrder {index:42;}">
                <Coords points="1189,1623 2297,1649 2341,1613 1190,1583"/>
                <Baseline points="1199,1621 1255,1621 1312,1622 1368,1622 1425,1622 1482,1623 1538,1623 1595,1624 1651,1625 1708,1625 1765,1626 1821,1627 1878,1628 1934,1629 1991,1629 2048,1630 2104,1631 2161,1631 2217,1632 2274,1632 2331,1632"/>
                <TextEquiv>
                    <Unicode>lau gewordenen Ehegemahl aber geht ein Lichtchen auf, das ihm</Unicode>
                </TextEquiv>
            </TextLine>
            <TextLine id="r1l44" custom="readingOrder {index:43;}">
                <Coords points="1184,1650 2265,1685 2336,1680 2337,1642 1184,1630"/>
                <Baseline points="1192,1661 1248,1661 1305,1661 1362,1661 1419,1662 1475,1662 1532,1663 1589,1664 1646,1664 1702,1665 1759,1666 1816,1667 1873,1667 1929,1668 1986,1669 2043,1669 2100,1670 2156,1671 2213,1671 2270,1672 2327,1672"/>
                <TextEquiv>
                    <Unicode>nicht nur die im Geheimen drohende Gefahr beleuchtet, sondern</Unicode>
                </TextEquiv>
            </TextLine>
            <TextLine id="r1l45" custom="readingOrder {index:44;}">
                <Coords points="1188,1698 2337,1710 2285,1675 1188,1664"/>
                <Baseline points="1196,1701 1252,1700 1309,1701 1365,1701 1422,1701 1479,1702 1535,1702 1592,1703 1648,1704 1705,1704 1762,1705 1818,1706 1875,1706 1931,1707 1988,1708 2045,1708 2101,1708 2158,1708 2214,1708 2271,1708 2328,1708"/>
                <TextEquiv>
                    <Unicode>ihn auch in neuer Liehe frisch erglühen läßt. So löst sich dieses</Unicode>
                </TextEquiv>
            </TextLine>
            <TextLine id="r1l46" custom="readingOrder {index:45;}">
                <Coords points="1186,1737 2335,1755 2290,1714 1186,1708"/>
                <Baseline points="1194,1739 1250,1740 1307,1741 1363,1742 1420,1742 1476,1743 1533,1743 1589,1744 1646,1744 1702,1744 1759,1744 1816,1745 1872,1745 1929,1746 1985,1746 2042,1747 2098,1748 2155,1749 2211,1751 2268,1753 2325,1755"/>
                <TextEquiv>
                    <Unicode>anmuthige und geistreiche Versspiel in Wohlgefallen auf. Zu</Unicode>
                </TextEquiv>
            </TextLine>
            <TextLine id="r1l47" custom="readingOrder {index:46;}">
                <Coords points="1176,1781 2338,1805 2335,1754 1176,1736"/>
                <Baseline points="1185,1780 1242,1779 1299,1779 1356,1779 1413,1779 1470,1779 1527,1780 1585,1781 1642,1782 1699,1783 1756,1784 1813,1785 1870,1786 1927,1786 1985,1787 2042,1788 2099,1788 2156,1788 2213,1787 2270,1787 2328,1785"/>
                <TextEquiv>
                    <Unicode>biutigem Schluß dagegen kommt der mit so sprühender Heiterkeit</Unicode>
                </TextEquiv>
            </TextLine>
            <TextLine id="r1l48" custom="readingOrder {index:47;}">
                <Coords points="1178,1802 1403,1836 1707,1806 2323,1844 2323,1800 2162,1787 1178,1779"/>
                <Baseline points="1186,1818 1242,1818 1298,1818 1355,1818 1411,1819 1468,1819 1524,1820 1580,1820 1637,1821 1693,1821 1750,1822 1806,1823 1862,1823 1919,1824 1975,1825 2032,1826 2088,1826 2144,1827 2201,1828 2257,1828 2314,1829"/>
                <TextEquiv>
                    <Unicode>einsetzende „Geüne Kakadn“. Es ist das der Name einer ganz</Unicode>
                </TextEquiv>
            </TextLine>
            <TextLine id="r1l49" custom="readingOrder {index:48;}">
                <Coords points="1185,1859 2329,1879 2329,1839 2286,1833 1185,1813"/>
                <Baseline points="1194,1858 1250,1858 1306,1857 1362,1857 1419,1857 1475,1857 1531,1858 1587,1858 1644,1859 1700,1859 1756,1860 1812,1861 1869,1862 1925,1862 1981,1863 2037,1864 2094,1864 2150,1865 2206,1865 2262,1866 2319,1866"/>
                <TextEquiv>
                    <Unicode>sonderbaren Kellerkneipe, in der Schmierenschauspieler niedrigster</Unicode>
                </TextEquiv>
            </TextLine>
            <TextLine id="r1l50" custom="readingOrder {index:49;}">
                <Coords points="1178,1890 2293,1919 2346,1879 1178,1868"/>
                <Baseline points="1187,1895 1244,1895 1301,1896 1359,1896 1416,1897 1474,1897 1531,1898 1589,1898 1646,1899 1704,1900 1761,1901 1818,1901 1876,1902 1933,1903 1991,1903 2048,1904 2106,1905 2163,1905 2221,1906 2278,1906 2336,1906"/>
                <TextEquiv>
                    <Unicode>Sorte vor hohen Adligen und reichen Lebemännern Komödie!</Unicode>
                </TextEquiv>
            </TextLine>
            <TextLine id="r1l51" custom="readingOrder {index:50;}">
                <Coords points="1172,1945 2333,1951 2317,1911 1173,1890"/>
                <Baseline points="1181,1938 1238,1937 1295,1936 1352,1936 1409,1936 1466,1936 1523,1937 1581,1937 1638,1938 1695,1939 1752,1939 1809,1940 1866,1941 1923,1942 1981,1943 2038,1944 2095,1944 2152,1945 2209,1945 2266,1945 2324,1945"/>
                <TextEquiv>
                    <Unicode>spielen. Und zwar ist der Gegenstand der Komödien immer</Unicode>
                </TextEquiv>
            </TextLine>
            <TextLine id="r1l52" custom="readingOrder {index:51;}">
                <Coords points="1173,1961 2340,1992 2277,1951 1173,1944"/>
                <Baseline points="1181,1972 1238,1972 1296,1973 1353,1973 1411,1974 1468,1975 1526,1976 1583,1977 1641,1978 1698,1979 1756,1980 1813,1980 1871,1981 1928,1982 1986,1983 2043,1983 2101,1983 2158,1984 2216,1984 2273,1984 2331,1984"/>
                <TextEquiv>
                    <Unicode>ein Verbrechen, daß der eine oder der andere Darsteller</Unicode>
                </TextEquiv>
            </TextLine>
            <TextLine id="r1l53" custom="readingOrder {index:52;}">
                <Coords points="1170,2015 2338,2016 2298,1988 1170,1960"/>
                <Baseline points="1179,2013 1236,2013 1293,2014 1351,2015 1408,2015 1466,2016 1523,2016 1581,2017 1638,2018 1696,2018 1753,2019 1810,2019 1868,2020 1925,2020 1983,2021 2040,2021 2098,2022 2155,2022 2213,2022 2270,2022 2328,2022"/>
                <TextEquiv>
                    <Unicode>begangen zu haben vorgiebt und wovon er ausführlich</Unicode>
                </TextEquiv>
            </TextLine>
            <TextLine id="r1l54" custom="readingOrder {index:53;}">
                <Coords points="1179,2063 2274,2078 2339,2070 2340,2034 1179,2023"/>
                <Baseline points="1189,2052 1246,2051 1303,2050 1360,2050 1417,2051 1474,2051 1531,2052 1588,2053 1645,2054 1702,2056 1759,2057 1816,2058 1873,2059 1930,2060 1987,2061 2044,2062 2101,2063 2158,2063 2215,2063 2272,2062 2330,2061"/>
                <TextEquiv>
                    <Unicode>erzählt. Es hat gar keinen Zweck, den Inhalt dieses</Unicode>
                </TextEquiv>
            </TextLine>
            <TextLine id="r1l55" custom="readingOrder {index:54;}">
                <Coords points="1176,2091 2189,2117 2327,2116 2328,2088 1177,2060"/>
                <Baseline points="1186,2092 1242,2091 1299,2090 1355,2090 1412,2090 1469,2090 1525,2091 1582,2092 1639,2092 1695,2094 1752,2094 1809,2096 1865,2097 1922,2098 1979,2099 2035,2100 2092,2101 2149,2102 2205,2102 2262,2102 2319,2102"/>
                <TextEquiv>
                    <Unicode>ganz außerordentlich geistreichen Werkchens näher anzugeben.</Unicode>
                </TextEquiv>
            </TextLine>
            <TextLine id="r1l56" custom="readingOrder {index:55;}">
                <Coords points="1180,2129 2337,2161 2292,2109 1181,2093"/>
                <Baseline points="1189,2128 1248,2127 1308,2127 1368,2127 1428,2127 1488,2128 1548,2129 1608,2131 1668,2132 1728,2133 1788,2135 1848,2136 1908,2138 1968,2139 2028,2140 2088,2141 2148,2141 2208,2141 2268,2141 2328,2140"/>
                <TextEquiv>
                    <Unicode>Denn der Reiz liegt nicht in dem Geschehniß, sondern in dem</Unicode>
                </TextEquiv>
            </TextLine>
            <TextLine id="r1l57" custom="readingOrder {index:56;}">
                <Coords points="1178,2167 2328,2182 2328,2149 2241,2140 1179,2130"/>
                <Baseline points="1187,2169 1243,2168 1300,2167 1356,2167 1413,2167 1470,2168 1526,2169 1583,2170 1639,2171 1696,2172 1753,2173 1809,2175 1866,2176 1922,2177 1979,2178 2036,2179 2092,2179 2149,2179 2205,2178 2262,2177 2319,2176"/>
                <TextEquiv>
                    <Unicode>meisterhaft durchgeführten Spiel der Gegensätze. Dekadente Lebe¬</Unicode>
                </TextEquiv>
            </TextLine>
            <TextLine id="r1l58" custom="readingOrder {index:57;}">
                <Coords points="1187,2211 2235,2233 2313,2230 2330,2194 1188,2179"/>
                <Baseline points="1196,2206 1252,2206 1308,2206 1364,2207 1421,2208 1477,2208 1533,2209 1589,2210 1646,2211 1702,2212 1758,2213 1814,2214 1871,2214 1927,2215 1983,2216 2039,2217 2096,2217 2152,2218 2208,2218 2264,2219 2321,2219"/>
                <TextEquiv>
                    <Unicode>männer verkehren in einer Spelunke. Sie lassen ihre Nerven</Unicode>
                </TextEquiv>
            </TextLine>
            <TextLine id="r1l59" custom="readingOrder {index:58;}">
                <Coords points="1176,2250 2276,2271 2327,2262 2328,2224 1177,2215"/>
                <Baseline points="1186,2245 1242,2246 1299,2247 1355,2247 1412,2248 1469,2248 1525,2249 1582,2250 1639,2251 1695,2251 1752,2252 1809,2252 1865,2253 1922,2254 1979,2254 2035,2255 2092,2255 2149,2256 2205,2256 2262,2257 2319,2257"/>
                <TextEquiv>
                    <Unicode>kitzeln durch die Erzählung von scheußlichsten Verbrechen. Sie</Unicode>
                </TextEquiv>
            </TextLine>
            <TextLine id="r1l60" custom="readingOrder {index:59;}">
                <Coords points="1176,2301 1211,2287 1238,2295 1280,2290 1289,2298 1307,2284 1323,2297 1336,2293 1385,2302 1386,2253 1321,2248 1311,2257 1293,2252 1271,2259 1250,2248 1229,2258 1211,2249 1177,2250"/>
                <Baseline points="1186,2283 1213,2283 1240,2283 1267,2284 1294,2285 1321,2285 1348,2286 1376,2287"/>
                <TextEquiv>
                    <Unicode>lassen sich</Unicode>
                </TextEquiv>
            </TextLine>
            <TextLine id="r1l61" custom="readingOrder {index:60;}">
                <Coords points="1446,2296 2304,2310 2327,2268 1446,2254"/>
                <Baseline points="1456,2287 1499,2288 1542,2288 1585,2289 1628,2290 1671,2290 1714,2291 1757,2291 1800,2292 1843,2292 1886,2292 1929,2293 1972,2293 2015,2294 2058,2294 2101,2294 2144,2295 2187,2295 2230,2296 2273,2296 2317,2296"/>
                <TextEquiv>
                    <Unicode>müde des vornehmen Gesellschaftstones — als</Unicode>
                </TextEquiv>
            </TextLine>
            <TextLine id="r1l62" custom="readingOrder {index:61;}">
                <Coords points="1176,2320 2263,2352 2331,2324 1176,2296"/>
                <Baseline points="1185,2323 1241,2323 1298,2324 1355,2324 1412,2325 1469,2325 1525,2326 1582,2327 1639,2328 1696,2329 1753,2329 1809,2330 1866,2331 1923,2332 1980,2333 2037,2334 2093,2334 2150,2335 2207,2335 2264,2336 2321,2336"/>
                <TextEquiv>
                    <Unicode>Schweine, Lumpen, Gesindel aureden. Sie geben ihren Degen</Unicode>
                </TextEquiv>
            </TextLine>
            <TextLine id="r1l63" custom="readingOrder {index:62;}">
                <Coords points="1164,2371 2295,2387 2333,2337 1165,2314"/>
                <Baseline points="1174,2363 1231,2364 1288,2364 1346,2364 1403,2365 1461,2366 1518,2366 1576,2367 1633,2367 1691,2368 1748,2369 1805,2369 1863,2370 1920,2371 1978,2372 2035,2373 2093,2374 2150,2375 2208,2376 2265,2377 2323,2378"/>
                <TextEquiv>
                    <Unicode>muntern Dirnchen zum Spiel. Sie führen ihre vornehmen Frauen</Unicode>
                </TextEquiv>
            </TextLine>
            <TextLine id="r1l64" custom="readingOrder {index:63;}">
                <Coords points="1173,2405 2336,2414 2336,2380 1174,2374"/>
                <Baseline points="1183,2400 1240,2401 1297,2402 1354,2403 1411,2404 1469,2405 1526,2406 1583,2406 1640,2407 1697,2408 1755,2408 1812,2409 1869,2410 1926,2411 1983,2411 2041,2412 2098,2413 2155,2414 2212,2415 2269,2417 2327,2418"/>
                <TextEquiv>
                    <Unicode>in dieses Lokal, und die finden die Vorgänge noch nicht einmal</Unicode>
                </TextEquiv>
            </TextLine>
            <TextLine id="r1l65" custom="readingOrder {index:64;}">
                <Coords points="1164,2457 1514,2431 2330,2474 2330,2414 1165,2407"/>
                <Baseline points="1174,2441 1231,2441 1288,2442 1346,2442 1403,2443 1460,2444 1518,2445 1575,2446 1632,2447 1690,2448 1747,2449 1804,2450 1862,2450 1919,2451 1976,2452 2034,2452 2091,2453 2148,2453 2206,2453 2263,2453 2321,2453"/>
                <TextEquiv>
                    <Unicode>kasterhaft genug. Hinter all dem Spiel aber lauert blutiger</Unicode>
                </TextEquiv>
            </TextLine>
            <TextLine id="r1l66" custom="readingOrder {index:65;}">
                <Coords points="1175,2475 2325,2504 2318,2460 1176,2450"/>
                <Baseline points="1184,2479 1240,2480 1297,2480 1353,2481 1410,2481 1467,2482 1523,2483 1580,2484 1636,2485 1693,2486 1750,2487 1806,2488 1863,2488 1919,2489 1976,2490 2033,2490 2089,2491 2146,2491 2202,2491 2259,2491 2316,2491"/>
                <TextEquiv>
                    <Unicode>Ernst Alles ist zweidentig. Was soll aus dem Staate werder,</Unicode>
                </TextEquiv>
            </TextLine>
            <TextLine id="r1l67" custom="readingOrder {index:66;}">
                <Coords points="1173,2515 2334,2528 2285,2498 1174,2474"/>
                <Baseline points="1183,2520 1240,2520 1297,2520 1354,2520 1411,2520 1468,2521 1525,2521 1582,2522 1639,2523 1696,2523 1754,2525 1811,2526 1868,2526 1925,2527 1982,2528 2039,2529 2096,2530 2153,2530 2210,2531 2267,2531 2325,2532"/>
                <TextEquiv>
                    <Unicode>wenn #ie zu seinem Schutze bestimmten Degen nur gerade gut!</Unicode>
                </TextEquiv>
            </TextLine>
            <TextLine id="r1l68" custom="readingOrder {index:67;}">
                <Coords points="1164,2566 2278,2581 2332,2529 1164,2517"/>
                <Baseline points="1172,2562 1229,2560 1287,2558 1344,2557 1402,2557 1459,2557 1517,2558 1574,2559 1632,2560 1689,2561 1747,2562 1804,2564 1862,2565 1919,2566 1977,2568 2034,2569 2092,2570 2149,2570 2207,2570 2264,2570 2322,2569"/>
                <TextEquiv>
                    <Unicode>genug zum Spielzeug in schmutzigen Dirnenhänden sind! Wenn</Unicode>
                </TextEquiv>
            </TextLine>
            <TextLine id="r1l69" custom="readingOrder {index:68;}">
                <Coords points="1163,2582 1227,2610 2305,2625 2326,2577 1164,2569"/>
                <Baseline points="1172,2597 1229,2597 1286,2597 1343,2597 1400,2597 1458,2597 1515,2598 1572,2599 1629,2600 1686,2601 1744,2602 1801,2603 1858,2604 1915,2605 1972,2606 2030,2607 2087,2608 2144,2608 2201,2608 2258,2608 2316,2608"/>
                <TextEquiv>
                    <Unicode>der Wirth Prospère vor seinen Gästen ausspuckt, ist es ihm</Unicode>
                </TextEquiv>
            </TextLine>
            <TextLine id="r1l70" custom="readingOrder {index:69;}">
                <Coords points="1167,2647 2234,2663 2325,2646 2326,2615 1167,2589"/>
                <Baseline points="1176,2637 1233,2637 1290,2637 1347,2637 1404,2637 1461,2638 1518,2638 1575,2639 1632,2639 1689,2640 1746,2641 1803,2642 1860,2643 1917,2644 1974,2645 2031,2645 2088,2646 2145,2647 2202,2647 2259,2647 2316,2647"/>
                <TextEquiv>
                    <Unicode>innerlich ernst damit. Denn das niedere Volk verabschent den laster¬</Unicode>
                </TextEquiv>
            </TextLine>
            <TextLine id="r1l71" custom="readingOrder {index:70;}">
                <Coords points="1163,2669 2259,2704 2315,2703 2316,2656 1163,2645"/>
                <Baseline points="1172,2676 1228,2675 1285,2675 1342,2675 1399,2676 1455,2676 1512,2677 1569,2677 1626,2678 1682,2679 1739,2680 1796,2681 1853,2682 1909,2683 1966,2684 2023,2685 2080,2686 2136,2687 2193,2688 2250,2689 2307,2689"/>
                <TextEquiv>
                    <Unicode>haften Adel. Wenn Mordthaten fingirt werden, von Brandstiftungen</Unicode>
                </TextEquiv>
            </TextLine>
            <TextLine id="r1l72" custom="readingOrder {index:71;}">
                <Coords points="1171,2714 2326,2727 2326,2689 1171,2680"/>
                <Baseline points="1180,2715 1236,2715 1293,2715 1350,2715 1407,2715 1464,2715 1520,2716 1577,2717 1634,2718 1691,2718 1748,2719 1804,2720 1861,2721 1918,2722 1975,2723 2032,2724 2088,2725 2145,2726 2202,2726 2259,2727 2316,2727"/>
                <TextEquiv>
                    <Unicode>eizählt wird, so lauern Mord und Brand bereits draußen,</Unicode>
                </TextEquiv>
            </TextLine>
            <TextLine id="r1l73" custom="readingOrder {index:72;}">
                <Coords points="1164,2753 2325,2788 2326,2729 1164,2714"/>
                <Baseline points="1172,2750 1229,2750 1286,2751 1343,2752 1401,2752 1458,2753 1515,2754 1572,2755 1630,2756 1687,2757 1744,2758 1801,2759 1859,2760 1916,2761 1973,2762 2030,2763 2088,2764 2145,2765 2202,2765 2259,2766 2317,2767"/>
                <TextEquiv>
                    <Unicode>das entartete Land zu vernichten. Wenn die Darstellung eines</Unicode>
                </TextEquiv>
            </TextLine>
            <TextLine id="r1l74" custom="readingOrder {index:73;}">
                <Coords points="1168,2815 2097,2832 2322,2801 2322,2772 2200,2763 1169,2757"/>
                <Baseline points="1178,2792 1234,2792 1291,2792 1348,2792 1405,2793 1461,2794 1518,2794 1575,2796 1632,2796 1688,2797 1745,2799 1802,2800 1859,2801 1915,2802 1972,2803 2029,2804 2086,2804 2142,2805 2199,2805 2256,2805 2313,2805"/>
                <TextEquiv>
                    <Unicode>Schauspielers, der „Gewissensbisse“ mimt, als „abgeschmackt“ be¬</Unicode>
                </TextEquiv>
            </TextLine>
            <TextLine id="r1l75" custom="readingOrder {index:74;}">
                <Coords points="1169,2848 2336,2886 2337,2835 1170,2811"/>
                <Baseline points="1178,2842 1235,2843 1292,2844 1350,2845 1407,2847 1465,2848 1522,2850 1579,2852 1637,2854 1694,2856 1752,2858 1809,2861 1866,2863 1924,2865 1981,2867 2039,2868 2096,2870 2153,2871 2211,2872 2268,2873 2326,2873"/>
                <TextEquiv>
                    <Unicode>funden wird, so deutet das den moratischen Sumpf an, in dem</Unicode>
                </TextEquiv>
            </TextLine>
            <TextLine id="r1l76" custom="readingOrder {index:75;}">
                <Coords points="1173,2882 2096,2928 2304,2922 2336,2886 1175,2846"/>
                <Baseline points="1182,2879 1239,2881 1296,2883 1353,2885 1410,2887 1468,2889 1525,2892 1582,2894 1639,2896 1696,2898 1754,2900 1811,2902 1868,2904 1925,2906 1982,2907 2040,2909 2097,2911 2154,2912 2211,2914 2268,2915 2326,2916"/>
                <TextEquiv>
                    <Unicode>die Gefellschaft dem Untergang entgegenwatet. Kurzum: Jedes</Unicode>
                </TextEquiv>
            </TextLine>
            <TextLine id="r1l77" custom="readingOrder {index:76;}">
                <Coords points="1182,2926 1880,2930 2068,2965 2107,2936 2319,2981 2332,2910 1183,2882"/>
                <Baseline points="1190,2918 1246,2921 1303,2923 1359,2925 1416,2928 1473,2930 1529,2932 1586,2934 1642,2936 1699,2939 1756,2941 1812,2942 1869,2944 1925,2946 1982,2947 2039,2949 2095,2950 2152,2951 2208,2952 2265,2953 2322,2953"/>
                <TextEquiv>
                    <Unicode>Wort, jede Bemerkung hat einen Doppelsinn und eine</Unicode>
                </TextEquiv>
            </TextLine>
            <TextLine id="r1l78" custom="readingOrder {index:77;}">
                <Coords points="1171,2964 1348,2949 1556,2987 1715,2960 1880,2998 2016,2995 2041,2961 1172,2921"/>
                <Baseline points="1180,2954 1222,2957 1265,2960 1307,2963 1350,2964 1392,2966 1435,2968 1477,2969 1520,2970 1562,2971 1605,2972 1648,2973 1690,2974 1733,2975 1775,2976 1818,2977 1860,2978 1903,2979 1945,2980 1988,2982 2031,2984"/>
                <TextEquiv>
                    <Unicode>versteckte Beziehung auf das drohende,</Unicode>
                </TextEquiv>
            </TextLine>
            <TextLine id="r1l79" custom="readingOrder {index:78;}">
                <Coords points="2071,3004 2096,3004 2115,2991 2127,3000 2136,2991 2155,2996 2164,3005 2316,2993 2316,2962 2229,2961 2214,2950 2191,2961 2138,2960 2112,2949 2071,2958"/>
                <Baseline points="2080,2992 2105,2989 2130,2988 2155,2987 2180,2988 2206,2988 2231,2988 2256,2988 2281,2988 2307,2987"/>
                <TextEquiv>
                    <Unicode>schon un¬</Unicode>
                </TextEquiv>
            </TextLine>
            <TextLine id="r1l80" custom="readingOrder {index:79;}">
                <Coords points="1172,3001 2314,3041 2271,2996 2043,2977 1173,2967"/>
                <Baseline points="1182,2998 1238,2999 1294,3000 1350,3002 1406,3003 1462,3005 1518,3006 1574,3008 1630,3010 1686,3012 1743,3014 1799,3016 1855,3018 1911,3019 1967,3021 2023,3023 2079,3025 2135,3026 2191,3027 2247,3028 2304,3029"/>
                <TextEquiv>
                    <Unicode>mittelbar vor der Thür stehende Ereigniß, die große,</Unicode>
                </TextEquiv>
            </TextLine>
            <TextLine id="r1l81" custom="readingOrder {index:80;}">
                <Coords points="1166,3050 2326,3092 2327,3039 2286,3034 1168,2997"/>
                <Baseline points="1176,3036 1233,3037 1290,3039 1347,3040 1404,3043 1461,3044 1518,3046 1575,3047 1632,3049 1689,3051 1746,3053 1803,3055 1860,3056 1917,3058 1974,3060 2031,3062 2088,3063 2145,3065 2202,3066 2259,3067 2317,3069"/>
                <TextEquiv>
                    <Unicode>furchtbare Revolution. Es ist ein gewagter, aber berechtigter Tric</Unicode>
                </TextEquiv>
            </TextLine>
            <TextLine id="r1l82" custom="readingOrder {index:81;}">
                <Coords points="1166,3077 2308,3126 2328,3069 1167,3047"/>
                <Baseline points="1176,3073 1233,3076 1290,3078 1347,3080 1404,3083 1461,3085 1518,3086 1575,3088 1632,3090 1689,3092 1746,3093 1803,3095 1860,3097 1917,3098 1974,3099 2031,3101 2088,3103 2145,3104 2202,3106 2259,3107 2317,3109"/>
                <TextEquiv>
                    <Unicode>Schnitzlers, das Ganze in die Zeit der französischen Revolu¬</Unicode>
                </TextEquiv>
            </TextLine>
            <TextLine id="r1l83" custom="readingOrder {index:82;}">
                <Coords points="1170,3113 2275,3159 2326,3151 2327,3097 1170,3082"/>
                <Baseline points="1178,3115 1234,3117 1291,3118 1348,3120 1405,3122 1462,3124 1519,3125 1576,3127 1633,3129 1690,3130 1747,3132 1803,3134 1860,3135 1917,3137 1974,3138 2031,3140 2088,3141 2145,3143 2202,3144 2259,3145 2316,3147"/>
                <TextEquiv>
                    <Unicode>tion zu legen, auf den Tag, an dem die Bastille gestürmt wird.</Unicode>
                </TextEquiv>
            </TextLine>
            <TextLine id="r1l84" custom="readingOrder {index:83;}">
                <Coords points="1166,3170 2310,3198 2311,3156 2257,3149 1168,3110"/>
                <Baseline points="1176,3154 1232,3155 1288,3157 1344,3159 1401,3160 1457,3162 1513,3164 1569,3166 1626,3167 1682,3169 1738,3171 1794,3173 1851,3174 1907,3176 1963,3177 2019,3179 2076,3180 2132,3181 2188,3182 2244,3183 2301,3184"/>
                <TextEquiv>
                    <Unicode>Das soll natürlich gar nicht bedeuten, daß der Dichter eine histo¬</Unicode>
                </TextEquiv>
            </TextLine>
            <TextLine id="r1l85" custom="readingOrder {index:84;}">
                <Coords points="1161,3196 2315,3238 2316,3193 2200,3184 1162,3163"/>
                <Baseline points="1170,3192 1226,3194 1283,3195 1340,3197 1397,3199 1454,3201 1510,3202 1567,3204 1624,3206 1681,3208 1738,3209 1794,3211 1851,3213 1908,3214 1965,3216 2022,3217 2078,3218 2135,3219 2192,3220 2249,3221 2306,3221"/>
                <TextEquiv>
                    <Unicode>rische Szeue schreiben wollte. Er hat denn auch mit seinem</Unicode>
                </TextEquiv>
            </TextLine>
            <TextLine id="r1l86" custom="readingOrder {index:85;}">
                <Coords points="1165,3240 2242,3283 2314,3265 2315,3231 1166,3202"/>
                <Baseline points="1174,3234 1230,3234 1287,3235 1343,3236 1400,3237 1456,3238 1513,3240 1569,3242 1626,3243 1682,3245 1739,3247 1796,3249 1852,3251 1909,3252 1965,3254 2022,3256 2078,3257 2135,3259 2191,3260 2248,3261 2305,3262"/>
                <TextEquiv>
                    <Unicode>„historischen Gewissen“ gar nichts abzumachen. Das Werkchen</Unicode>
                </TextEquiv>
            </TextLine>
            <TextLine id="r1l87" custom="readingOrder {index:86;}">
                <Coords points="1168,3272 2227,3316 2319,3289 1169,3241"/>
                <Baseline points="1176,3270 1232,3271 1289,3273 1345,3275 1402,3277 1459,3278 1515,3280 1572,3281 1629,3283 1685,3284 1742,3286 1799,3288 1855,3289 1912,3291 1969,3293 2025,3295 2082,3296 2139,3298 2195,3300 2252,3302 2309,3304"/>
                <TextEquiv>
                    <Unicode>ist durchaus nur psychologischen Charakters. Die Verlegung in</Unicode>
                </TextEquiv>
            </TextLine>
            <TextLine id="r1l88" custom="readingOrder {index:87;}">
                <Coords points="1156,3296 2307,3347 2293,3308 1157,3267"/>
                <Baseline points="1166,3308 1222,3311 1279,3313 1335,3315 1392,3317 1448,3318 1505,3320 1561,3322 1618,3323 1674,3325 1731,3326 1788,3328 1844,3329 1901,3330 1957,3332 2014,3333 2070,3335 2127,3336 2183,3338 2240,3339 2297,3341"/>
                <TextEquiv>
                    <Unicode>die Revolution ist ein berechtigtes Mittel, gewisse Gedanken= bezw.</Unicode>
                </TextEquiv>
            </TextLine>
            <TextLine id="r1l89" custom="readingOrder {index:88;}">
                <Coords points="1148,3363 2318,3379 2300,3346 1150,3294"/>
                <Baseline points="1158,3346 1215,3348 1273,3351 1330,3353 1388,3356 1445,3358 1503,3359 1560,3361 1618,3362 1675,3364 1733,3365 1790,3367 1848,3368 1905,3370 1963,3371 2020,3372 2078,3374 2135,3375 2193,3376 2250,3378 2308,3380"/>
                <TextEquiv>
                    <Unicode>Gefühlsassociationen anzuregen. Diese Groteske“ ist nicht nur</Unicode>
                </TextEquiv>
            </TextLine>
            <TextLine id="r1l90" custom="readingOrder {index:89;}">
                <Coords points="1163,3387 2307,3437 2308,3390 2215,3380 1165,3345"/>
                <Baseline points="1172,3384 1228,3387 1284,3390 1340,3392 1397,3393 1453,3396 1509,3397 1566,3398 1622,3399 1678,3401 1735,3402 1791,3403 1847,3404 1903,3405 1960,3407 2016,3408 2072,3410 2129,3411 2185,3413 2241,3416 2298,3418"/>
                <TextEquiv>
                    <Unicode>technisch meisterhaft gearbeitet, psychologisch, trotz der Uebertreibung,</Unicode>
                </TextEquiv>
            </TextLine>
            <TextLine id="r1l91" custom="readingOrder {index:90;}">
                <Coords points="1161,3434 2285,3466 2319,3421 1162,3387"/>
                <Baseline points="1170,3423 1229,3426 1289,3429 1349,3431 1409,3433 1469,3435 1529,3437 1589,3439 1649,3440 1709,3442 1769,3444 1829,3445 1889,3447 1949,3448 2009,3450 2069,3451 2129,3453 2189,3454 2249,3456 2309,3458"/>
                <TextEquiv>
                    <Unicode>von vieler Wahrheit; sie erweckt sogar in ihrer Gesammtheit ein</Unicode>
                </TextEquiv>
            </TextLine>
            <TextLine id="r1l92" custom="readingOrder {index:91;}">
                <Coords points="1150,3482 1253,3458 2306,3506 2271,3463 1152,3417"/>
                <Baseline points="1160,3464 1216,3466 1273,3468 1330,3470 1387,3471 1444,3473 1501,3475 1557,3476 1614,3478 1671,3480 1728,3481 1785,3483 1842,3485 1899,3486 1955,3488 2012,3490 2069,3491 2126,3493 2183,3495 2240,3497 2297,3499"/>
                <TextEquiv>
                    <Unicode>echt ethisches Pathos, eine „befreiende“ Wirkung, wie ein</Unicode>
                </TextEquiv>
            </TextLine>
            <TextLine id="r1l93" custom="readingOrder {index:92;}">
                <Coords points="1161,3507 2318,3542 2306,3495 1162,3469"/>
                <Baseline points="1170,3504 1226,3505 1283,3506 1340,3508 1397,3510 1454,3512 1511,3513 1568,3515 1625,3517 1682,3519 1739,3521 1795,3523 1852,3525 1909,3527 1966,3528 2023,3530 2080,3532 2137,3533 2194,3534 2251,3535 2308,3535"/>
                <TextEquiv>
                    <Unicode>Schauspiel allerbester Art. Man könnte eine ganze Reihe</Unicode>
                </TextEquiv>
            </TextLine>
            <TextLine id="r1l94" custom="readingOrder {index:93;}">
                <Coords points="1148,3536 2304,3579 2305,3543 2177,3528 1638,3539 1150,3495"/>
                <Baseline points="1158,3542 1214,3543 1271,3545 1328,3546 1385,3548 1442,3549 1499,3551 1556,3553 1613,3556 1670,3557 1727,3560 1783,3562 1840,3564 1897,3566 1954,3568 2011,3569 2068,3570 2125,3571 2182,3572 2239,3573 2296,3573"/>
                <TextEquiv>
                    <Unicode>ästhetischer Betrachtungen aus diesem seltsam interessanten</Unicode>
                </TextEquiv>
            </TextLine>
            <TextLine id="r1l95" custom="readingOrder {index:94;}">
                <Coords points="1152,3579 2313,3619 2296,3579 1153,3539"/>
                <Baseline points="1160,3578 1217,3579 1274,3582 1331,3584 1388,3586 1446,3588 1503,3590 1560,3592 1617,3595 1674,3596 1732,3598 1789,3600 1846,3602 1903,3603 1960,3604 2018,3606 2075,3607 2132,3608 2189,3609 2246,3610 2304,3611"/>
                <TextEquiv>
                    <Unicode>Einakter herleiten. Die Darstellung war in allen drei Stücken</Unicode>
                </TextEquiv>
            </TextLine>
            <TextLine id="r1l96" custom="readingOrder {index:95;}">
                <Coords points="1148,3634 1176,3622 1254,3633 1296,3622 1330,3638 1357,3627 1450,3639 1545,3631 1545,3613 1504,3594 1413,3600 1382,3586 1293,3595 1149,3583"/>
                <Baseline points="1158,3618 1183,3619 1208,3620 1233,3621 1258,3622 1284,3623 1309,3623 1334,3624 1359,3624 1384,3625 1410,3625 1435,3625 1460,3626 1485,3626 1510,3626 1536,3627"/>
                <TextEquiv>
                    <Unicode>nahezu vollkommen.</Unicode>
                </TextEquiv>
            </TextLine>
            <TextLine id="r1l97" custom="readingOrder {index:96;}">
                <Coords points="1541,3639 2277,3661 2311,3615 1542,3599"/>
                <Baseline points="1549,3634 1586,3634 1624,3635 1661,3636 1699,3637 1736,3638 1774,3639 1811,3639 1849,3640 1886,3641 1924,3642 1962,3643 1999,3644 2037,3645 2074,3646 2112,3647 2149,3648 2187,3649 2224,3650 2262,3652 2300,3652"/>
                <TextEquiv>
                    <Unicode>Fräul. Dumont hätte ich mir als</Unicode>
                </TextEquiv>
            </TextLine>
            <TextLine id="r1l98" custom="readingOrder {index:97;}">
                <Coords points="1161,3659 2291,3705 2307,3643 1161,3626"/>
                <Baseline points="1170,3658 1226,3660 1282,3662 1338,3664 1395,3666 1451,3667 1507,3669 1564,3671 1620,3673 1676,3674 1733,3676 1789,3678 1845,3679 1901,3681 1958,3682 2014,3683 2070,3685 2127,3686 2183,3687 2239,3688 2296,3689"/>
                <TextEquiv>
                    <Unicode>Séverine etwas leichter, selbstverständlicher in ihrer Lasterhaftig¬</Unicode>
                </TextEquiv>
            </TextLine>
            <TextLine id="r1l99" custom="readingOrder {index:98;}">
                <Coords points="1152,3697 2301,3732 2214,3693 1153,3654"/>
                <Baseline points="1160,3695 1216,3698 1273,3700 1329,3702 1386,3705 1442,3706 1499,3708 1555,3710 1612,3711 1668,3713 1725,3715 1782,3717 1838,3718 1895,3719 1951,3721 2008,3723 2064,3724 2121,3726 2177,3727 2234,3729 2291,3731"/>
                <TextEquiv>
                    <Unicode>keit gewünscht, etwa nach Art der „tollen Marquise“ in einem</Unicode>
                </TextEquiv>
            </TextLine>
            <TextLine id="r1l100" custom="readingOrder {index:99;}">
                <Coords points="1148,3745 2310,3788 2312,3728 1150,3702"/>
                <Baseline points="1158,3737 1215,3737 1272,3738 1329,3740 1386,3742 1444,3743 1501,3745 1558,3747 1615,3749 1672,3751 1730,3753 1787,3756 1844,3757 1901,3760 1958,3761 2016,3764 2073,3765 2130,3766 2187,3768 2244,3768 2302,3769"/>
                <TextEquiv>
                    <Unicode>Roman des Abel Hermant. Das Groteske liegt schon in der</Unicode>
                </TextEquiv>
            </TextLine>
            <TextLine id="r1l101" custom="readingOrder {index:100;}">
                <Coords points="1153,3787 2245,3819 2317,3781 1154,3739"/>
                <Baseline points="1162,3771 1219,3773 1276,3776 1333,3778 1391,3780 1448,3782 1505,3784 1562,3786 1620,3788 1677,3790 1734,3792 1791,3793 1849,3795 1906,3797 1963,3799 2020,3800 2078,3802 2135,3804 2192,3806 2249,3808 2307,3810"/>
                <TextEquiv>
                    <Unicode>Situation. Meisterhaft war Kainz als Schauspieler Heuri und!</Unicode>
                </TextEquiv>
            </TextLine>
            <TextLine id="r1l102" custom="readingOrder {index:101;}">
                <Coords points="1138,3827 2295,3840 2296,3802 1140,3760"/>
                <Baseline points="1148,3809 1204,3810 1261,3812 1318,3813 1375,3815 1432,3817 1489,3820 1546,3822 1603,3825 1660,3827 1717,3829 1773,3832 1830,3834 1887,3835 1944,3837 2001,3839 2058,3840 2115,3841 2172,3842 2229,3842 2286,3842"/>
                <TextEquiv>
                    <Unicode>noch meisterhafter vielleicht als Paracelsns. Hellen Jubel erregte</Unicode>
                </TextEquiv>
            </TextLine>
            <TextLine id="r1l103" custom="readingOrder {index:102;}">
                <Coords points="1142,3842 2307,3896 2308,3834 1142,3824"/>
                <Baseline points="1150,3849 1207,3851 1264,3853 1322,3854 1379,3856 1437,3857 1494,3859 1551,3860 1609,3861 1666,3863 1724,3864 1781,3865 1838,3866 1896,3867 1953,3868 2011,3870 2068,3871 2125,3872 2183,3873 2240,3875 2298,3876"/>
                <TextEquiv>
                    <Unicode>Rudolf Ritter als der Strolch Grain. Wenn ich die andeu</Unicode>
                </TextEquiv>
            </TextLine>
            <TextLine id="r1l104" custom="readingOrder {index:103;}">
                <Coords points="1133,3899 2299,3915 2299,3883 2134,3873 1134,3855"/>
                <Baseline points="1142,3887 1199,3889 1256,3890 1314,3892 1371,3893 1429,3895 1486,3896 1543,3898 1601,3899 1658,3900 1716,3901 1773,3903 1830,3904 1888,3905 1945,3907 2003,3908 2060,3910 2117,3911 2175,3912 2232,3914 2290,3915"/>
                <TextEquiv>
                    <Unicode>Darsteller nicht neune, so sollen sie damit nicht zurückgesetzt sein.</Unicode>
                </TextEquiv>
            </TextLine>
            <TextLine id="r1l105" custom="readingOrder {index:104;}">
                <Coords points="1121,3942 2321,3969 2280,3914 1122,3908"/>
                <Baseline points="1131,3930 1190,3931 1249,3933 1308,3933 1367,3934 1426,3935 1485,3935 1544,3936 1603,3937 1662,3937 1721,3938 1780,3939 1839,3940 1898,3941 1957,3943 2016,3945 2075,3948 2134,3951 2193,3954 2252,3958 2312,3963"/>
                <TextEquiv>
                    <Unicode>Ich will nur nicht den ganzen Theaterzettel abschreiben. M. 2</Unicode>
                </TextEquiv>
            </TextLine>
            <TextEquiv>
                <Unicode>wesen ist, eine „Girfährtin“. Oder wird er eine solche
doch noch leibbaftig finden in der ganz verschwommen ge¬
zeichneten Frau Olga, der Gattin irgend eines anderen, der
ihr ebelich angetranter Mann, aber nicht ihr „Gefährte“ ist?
Der Dichter läßt das Verhältniß der Frau Olga Merholm zu
dem Professor Pilgram ganz im Unklaren, vielleicht mit Absicht:
es soll wohl so eine dunkle Ahnung hervorgerufen werden von
dem seltsamen Spiel des Lebens, das für einander geschaffene
„Gefährten“ auseinanderhält und an Geschöpfe kettet, die zu
manchem andren, aber nicht zu gemeinsamer „Fahrt“ durch ein
ganzes langes Leben geschaffen sind. Gefährtin und Geliebte
Für
zugleich, das wäre ein Ideal! Wo findet sich das Weib, jann
100
das solche Gegensätze in sich zu vereinigen wüßte! Frau #o.
200
(Justina in dem Versspiel „Paracelsus“ könnte es wohl bar
500 sein, wenn ihr stattlicher, biederer und wohlbabender Gemahl oraus
1000 der Waffenschmied Cyrrian nicht im Laufe der Jahre ein bischen #
 zu sehr Gatte und ein bischen zu wenig Geliebter geworden st das
Tbonne wäre. Kann man es da einem warmen, blühenden, reifen Frauen= es den
Abonne herzen verdenken, wenn es sich nach Liebe, nach kräftiger, wärmender k.
Mannesliebe sehnt, wenn es träumt: ach möchte doch, dieser oder
“ jener .. . . Dech der Traum wird von dem keuschen Herzen gar
nicht zu Ende geträumt, der Gedanke gar nicht zu Ende gedacht.
Er kame Frau Justina wehl kaum zum Bewußtsein, wenn
nicht der kluge „Zauberer“ Paracelsus dieses Bewußtsein
weckte, er,
der in Wahrheit ein glänzender Kenner der
Menschenfeelen und besonders der Frauenherzen ist. Durch
das Mittel der Hypnosé zwingt er Frau Justina, nachdem er vor¬
her noch einen boshaften Scherz mit dem allzu lau gewordenen
Gatten getrieben hatte, die Wahrheit über ihr innerstes Fühlen,
ihre geheimsten Herzensregungen preiszugeben. Und nun enthüllt
sich in anmuthigen Versen — die Frl. Dumont ganz reizend
sprach — eine Frauenfeeke mit ihrem Wunsche, treu zu
bleiben, aber auch geliebt zu werden. Treue um Liebe!
So klar und hell führt Frau Justina ihr tiefgeheimstes
Fühlen aus Licht, daß selbst der Frauenkenner Parecelsus tiefern
Einblick in des Weibes Wesen gewinnt und seinen eigenen Zauber;
vor dem dem Weibe angeborenen Zauber der Liebesmacht und
Liebesbedürftigkeit erliegen sieht. Dem durch Gewohnheit allzu!
lau gewordenen Ehegemahl aber geht ein Lichtchen auf, das ihm
nicht nur die im Geheimen drohende Gefahr beleuchtet, sondern
ihn auch in neuer Liehe frisch erglühen läßt. So löst sich dieses
anmuthige und geistreiche Versspiel in Wohlgefallen auf. Zu
biutigem Schluß dagegen kommt der mit so sprühender Heiterkeit
einsetzende „Geüne Kakadn“. Es ist das der Name einer ganz
sonderbaren Kellerkneipe, in der Schmierenschauspieler niedrigster
Sorte vor hohen Adligen und reichen Lebemännern Komödie!
spielen. Und zwar ist der Gegenstand der Komödien immer
ein Verbrechen, daß der eine oder der andere Darsteller
begangen zu haben vorgiebt und wovon er ausführlich
erzählt. Es hat gar keinen Zweck, den Inhalt dieses
ganz außerordentlich geistreichen Werkchens näher anzugeben.
Denn der Reiz liegt nicht in dem Geschehniß, sondern in dem
meisterhaft durchgeführten Spiel der Gegensätze. Dekadente Lebe¬
männer verkehren in einer Spelunke. Sie lassen ihre Nerven
kitzeln durch die Erzählung von scheußlichsten Verbrechen. Sie
lassen sich
müde des vornehmen Gesellschaftstones — als
Schweine, Lumpen, Gesindel aureden. Sie geben ihren Degen
muntern Dirnchen zum Spiel. Sie führen ihre vornehmen Frauen
in dieses Lokal, und die finden die Vorgänge noch nicht einmal
kasterhaft genug. Hinter all dem Spiel aber lauert blutiger
Ernst Alles ist zweidentig. Was soll aus dem Staate werder,
wenn #ie zu seinem Schutze bestimmten Degen nur gerade gut!
genug zum Spielzeug in schmutzigen Dirnenhänden sind! Wenn
der Wirth Prospère vor seinen Gästen ausspuckt, ist es ihm
innerlich ernst damit. Denn das niedere Volk verabschent den laster¬
haften Adel. Wenn Mordthaten fingirt werden, von Brandstiftungen
eizählt wird, so lauern Mord und Brand bereits draußen,
das entartete Land zu vernichten. Wenn die Darstellung eines
Schauspielers, der „Gewissensbisse“ mimt, als „abgeschmackt“ be¬
funden wird, so deutet das den moratischen Sumpf an, in dem
die Gefellschaft dem Untergang entgegenwatet. Kurzum: Jedes
Wort, jede Bemerkung hat einen Doppelsinn und eine
versteckte Beziehung auf das drohende,
schon un¬
mittelbar vor der Thür stehende Ereigniß, die große,
furchtbare Revolution. Es ist ein gewagter, aber berechtigter Tric
Schnitzlers, das Ganze in die Zeit der französischen Revolu¬
tion zu legen, auf den Tag, an dem die Bastille gestürmt wird.
Das soll natürlich gar nicht bedeuten, daß der Dichter eine histo¬
rische Szeue schreiben wollte. Er hat denn auch mit seinem
„historischen Gewissen“ gar nichts abzumachen. Das Werkchen
ist durchaus nur psychologischen Charakters. Die Verlegung in
die Revolution ist ein berechtigtes Mittel, gewisse Gedanken= bezw.
Gefühlsassociationen anzuregen. Diese Groteske“ ist nicht nur
technisch meisterhaft gearbeitet, psychologisch, trotz der Uebertreibung,
von vieler Wahrheit; sie erweckt sogar in ihrer Gesammtheit ein
echt ethisches Pathos, eine „befreiende“ Wirkung, wie ein
Schauspiel allerbester Art. Man könnte eine ganze Reihe
ästhetischer Betrachtungen aus diesem seltsam interessanten
Einakter herleiten. Die Darstellung war in allen drei Stücken
nahezu vollkommen.
Fräul. Dumont hätte ich mir als
Séverine etwas leichter, selbstverständlicher in ihrer Lasterhaftig¬
keit gewünscht, etwa nach Art der „tollen Marquise“ in einem
Roman des Abel Hermant. Das Groteske liegt schon in der
Situation. Meisterhaft war Kainz als Schauspieler Heuri und!
noch meisterhafter vielleicht als Paracelsns. Hellen Jubel erregte
Rudolf Ritter als der Strolch Grain. Wenn ich die andeu
Darsteller nicht neune, so sollen sie damit nicht zurückgesetzt sein.
Ich will nur nicht den ganzen Theaterzettel abschreiben. M. 2</Unicode>
            </TextEquiv>
        </TextRegion>
    </Page>
</PcGts>
