3484 4256
2113 200 2597 292 box 15/5
345 195 1988 300 9.4. Der gruene kakadu ZykLus
330 1496 3405 1553 Zuhörerschaft. Herr Robert gab dem Paracelsus Stillen schon vor einem Jahre stattgefunden. Und seine geschrieben. Das sind die Register, die er beherrscht.
338 1541 3402 1627 jenes düstere Kolorit, mit dem er Gestalten dieser Braut lernte der junge Mann bereits vor zwei Jahren Die Accente des Fuhrmanns Henschel werden ihm
343 1586 997 1655 Art wirksam auszustatten pflegt.
1355 1591 2377 1652 kennen und lieben. Ein unerhörter Grimm erfaßt den
2376 1600 2814 1670 immer fremd bleiben.
449 1623 1365 1693 Vielleicht noch tieferen Eindruck machte das
1361 1639 2388 1698 Professor bei den stoßweise vorgebrachten Eröff¬
2469 1627 3393 1715 Das dritte Stück, das Schnitzler eine „Gro¬
334 1655 1376 1741 zweite kleine Schauspiel: „Die Gefährtin“. Ein
1370 1678 3400 1739 nungen. Er reißt den Mann nach dem dunklen teske“ nennt, „Der grüne Kakadu“, ist ein eigen¬
332 1695 1381 1784 Witwer, der alte Professor Robert Pilgram, kehrt
1369 1724 2384 1788 Fenster, weist auf den finstern Weg, der zum Fried¬
2373 1731 3407 1797 artiges Bild aus der Sturmzeit der großen Revolu¬
329 1744 1371 1834 am Abend vom Begräbnisse seiner jungen Frau
1359 1771 2378 1836 hofe führt, und fragt mit schrecklicher Stimme:
2372 1775 3402 1836 tion. „Zum grünen Kakadu“ ist eine Schänke be¬
337 1805 1367 1862 zurück, die plötzlich, an einem Herzschlag, gestorben
1356 1803 2383 1882 „Und Jene dort?“ Der Verführer weiß keine Ent¬
2375 1821 3401 1883 nannt, wo der Wirth den Gästen durch seine
333 1839 1379 1915 war. Eine Freundin des Hauses erscheint in später
1368 1857 2387 1911 schuldigung und wird schimpflich aus dem Hause
2379 1858 3406 1928 Grobheit Unterhaltung bietet und eine gemiethete
335 1888 1369 1942 Stunde, um den Mann zu bitten, daß er ihr ge¬
1368 1900 2371 1960 gejagt. Der alte Professor bleibt zurück, die Beute
2366 1897 3403 1965 Schauspielertruppe scheinbare Verbrecher darstellt, die
337 1929 2375 2003 statte, aus dem Schreibtisch der Verstorbenen einige furchtbarer Aufregung. Bricht eine nur mühsam zu¬
2375 1950 3398 2023 erdichtete Schauerthaten erzählen. Die vornehmen
330 1963 3397 2055 Briefe zurückzunehmen, welche eine Frau an die rückgehaltene oder schlummernde und wiederauflebende Herren und Damen vom Hofe kommen hierher, um
323 2017 1372 2080 andere geschrieben und die Dinge enthalten sollen,
1363 2028 2370 2091 Liebe zur Gattin hervor oder ist es ein väterliches
2367 2036 3401 2093 durch die Anhörung der Geschichten von wüsten
323 2052 1376 2124 die ein Dritter nicht zu wissen braucht. Der Witwer
1367 2072 2382 2143 Gefühl, welches sich darüber empört, daß die Ver¬
2372 2077 3395 2150 Gräuelthaten ihre abgestumpften Nerven anzuregen.
322 2108 1363 2165 weiß wohl, daß es nicht die eigenen Briefe sind,
1354 2113 2384 2173 storbene zur Dirne gemacht worden war von einem
2365 2117 3395 2180 Ein junger Schauspieler erzählt so lebhaft, wie er
322 2142 1367 2208 welche die Freundin sucht. Es sind die Briefe eines
1357 2155 3405 2218 unwürdigen Mann? Er weiß sich wohl nicht seine Frau auf einer Untreue ertappt und ihren
324 2203 3399 2269 Mannes, eines Liebhabers, die sie aus dem Wege Rechenschaft darüber zu geben, aber die Freundin Liebhaber ermordet hat, daß alle Anwesenden die
331 2237 2369 2312 räumen will. Er sagt es ihr ruhia, denn ihm ist sieht schärfer: es ist Liebe. Und sie heilt ihn ent¬
2367 2238 3405 2303 Geschichte für wahr halten und sich in ihrer Auf¬
329 2275 2367 2350 nichts entgangen. Als alternder Mann hatte er das schlossen von seiner Liebe. Sie sagt ihm, die Ver¬
2374 2293 3393 2355 regung mittheilen, wie sie den Betrug des Weibes
321 2324 1374 2400 junge Mädchen geheirathet im Bewußtsein, wohl nur
1363 2329 2371 2394 storbene, deren Vertraute sie gewesen, habe Alles ge¬
2366 2339 3396 2393 schon lange gekannt. Der schrecklich aufgeklärte
330 2358 1368 2432 ein, zwei glückliche Jahre an ihrer Seite zu finden.
1367 2369 2366 2433 wußt. Sie wäre auf die Heirath ihres Liebhabers
2361 2386 3392 2446 Schauspieler ermordet nun den Liebhaber seiner
320 2407 1370 2470 Es war, wie er es vorausgesehen. Nach dem Liebes¬
1363 2414 3400 2479 vorbereitet gewesen. Sie hätte die Sachs aber nicht Frau, der zufällig in der Spelunke erscheint, wirklich.
330 2442 1367 2510 taumel kehrte er zur Arbeit, in seinen Beruf zurück.
1351 2460 2377 2524 tragisch genommen. Ein leichtblütiges Geschöpf mit
2373 2456 3392 2528 Der Lärm des Bastillensturms hallt in die Schluß¬
332 2492 1362 2562 Sie ging ihrer Wege. Sie war zur Geliebten, nicht
1360 2505 2375 2564 leichtfertiger Lebensauffassung, ohne Skrupel und
2360 2510 3394 2572 szene hinein. Das Stück ist viel äußerlicher als die
330 2529 1360 2611 zur Gefährtin geschaffen. Und da sie ihm nichts
1355 2551 2370 2610 ohne große Empfindungen — es wird nicht aus¬
2362 2556 3400 2621 beiden anderen, und litt auch dadurch, daß Sonnen¬
325 2576 1363 2645 mehr sein konnte, war sie ihm wie eine Fremde.
1357 2589 2372 2655 drücklich gesagt, aber der Professor begreift endlich,
2360 2605 3394 2658 thal, der für den eifersüchtigen Akteur viel zu alt
338 2633 1357 2697 Gleichmüthig sah er zu, wie sie sich einem Anderen
1362 2628 2362 2690 wen er geliebt hatte. Eine Gefährtin? Nein. Eine
2372 2646 3402 2709 ist, diesen nicht glaubhaft darzustellen wußte. Aber
335 2665 1362 2731 zuwandte, bei dem ihre innerste Bestimmung wieder
1352 2674 2367 2745 Geliebte? Auch das nicht, auch darin hat er sich
2374 2678 3396 2750 es ist lebendig genug, um trotz alledem zu interessiren,
328 2693 1369 2768 auflebte. Er würde sie freigegeben haben, wenn sie
1355 2725 2370 2798 getäuscht. Nur eine Diene, würdig des Liebhabers,
2370 2719 3392 2791 und so ließ die Aufnahme nichts zu wünschen übrig.
326 2752 1371 2818 es verlangt hätte, er klagt ihre und seine Feigheit
1354 2759 2373 2826 dem sie sich hingegeben. Die Kur war hart, aber
2363 2760 3401 2844 Schnitzler hat sich unserer neuesten Vereinigung
324 2791 1369 2857 an, daß es nicht zur vollen Klarheit zwischen ihnen
1353 2808 2376 2869 gründlich. Noch einmal blickt der Professor im Ge¬
2371 2821 3401 2886 „nichterscheinender" Bühnendichter nicht angeschlossen.
329 2842 1367 2901 gekommen. Nach diesem Geständnisse erscheint der
1360 2850 2363 2908 mach der Todten um sich, dann geht er mit einem
2358 2838 3399 2908 Er dankte für den Beifall persönlich und wurde
330 2898 1372 2952 Mann, den die Verstorbene liebte, ein Assistent des
1361 2887 2365 2956 Seufzer der Erleichterung von dannen. Man fühlt,
2360 2902 3394 2971 herzlich begrüßt. Wird ein Dramatiker ehrlich gerufen,
326 2925 1360 2990 Professors, er hat einen Urlaub in Scheveningen
1353 2923 2364 2998 er wird überwinden, der Alp seines Lebens ist von
2369 2951 3399 3009 so macht es auch immer Vergnügen, ihn zu sehen
322 2955 1360 3040 abgebrochen, um in das Trauerhaus zu eilen. Und
1357 2972 2361 3043 ihm genommen. Sonnenthal bot in der Rolle des
2359 2987 2941 3062 und auszeichnen zu können.
326 3020 1379 3085 dann spricht er davon, nach Scheveningen zurück¬
1355 3026 2370 3087 Professors eine tiesergreifende Leistung. Halb Rai¬
2461 3033 2868 3117 Wien, 2. März.
3241 3032 3363 3116 K
324 3065 2387 3147 zukehren, er hat sich dort verlobt. Oder eigentlich, sonneur, halb Gefühlsmensch, ein vornehmer Welt¬
330 3116 2383 3194 es wurde dort eine Verlobung bekanntgemacht, die im mann durch und durch, ist die Rolle wie für ihr
