3484 4480
1990 130 2447 212 box 16/1
237 153 1848 251 9.4. Der gruene Kakadu —Zykius
520 424 3014 489 vorgelegen habe Oskar Wilde zu einer Schaustellung nach seinem Kneipe, in der unter der Maske des Spiels die gräßliche Wahrheit
532 474 3017 528 Tode zu verhelfen bestreite ich, soweit die öffentliche Bühne dafür inschon erschienen. Wirkliche Verbrecher erscheinen im Cabaret, erzählen
529 518 3017 546 Betracht kommt. Eine Privatgesellschaft, der die Bühne nur ein Mittel ihre Mordgeschichten, fallen aber damit ab. Desto mehr Erfolg hat ein
523 543 3007 608 sein will, alles kennen zu lernen, ist an ästhetische oder moralische! Schauspieler, der eben verheiratet mit einer leichtsertigen Schauspielerin,
523 597 1786 658 Rücksichten nicht gebunden. Schreibt sie auch die Pflege moderner dra¬
1768 597 3018 647 sich dadurch einen glänzenden Abschied verschaffen will, daß er aus
524 634 1777 686 matischer Kunst auf die Vereinsfahne, so wird man doch keine anderen
1766 633 3019 687 Momenten der Ahnung sich eine Geschichte konstruiert, wie er einen
533 673 1777 723 Pflichten daraus folgern wollen, als ihre Vereinsmitglieder zu orien¬
1770 674 3014 723 Aristokraten in der Garderobe seiner Frau in Magranti ertappt. Ungeheurer
536 710 1771 760 tieren und zu unterhalten. Unter dem Gesichtspunkte der „Wissenschaft
1781 718 3022 761 Beifall, dem das Entsetzen folgt, als der Schauspieler aufgeklärt, er habe eben
530 756 1768 803 halber“ kann man die Wahl Oskar Wildes sogar nur billigen; denn
1784 751 3016 813 unbewußt erzählt, daß in Wahrheit sich seine Frau einem Herzog hinge¬
1778 796 3012 850 geben hat, den eben in die Spelunke eintretenden Herzog ermordet.
532 795 1775 843 gehört dieser Dichter auch nicht zu den größten der modernen Er¬
1774 835 3009 882 Die Idee ist grausig und grotesk. Das Stückchen wurde besser gespielt als
534 828 1778 871 scheinungen, so ist er doch unstreitig eine der interessantesten des Deka¬
523 873 1776 922 dententums. Eine Betrachtung Wildes nach der persönlichen, wie nach
1771 878 3003 927 „Salome“. Am besten waren Herr Peschel, als der unbewußt ein
525 906 1765 962 der geistigen Erscheinung hin liefert keine eine Zukunft befrüchtende
1769 909 3013 964 Doppelspiel treibende Schauspieler, und Herr Corge als der Philosoph,
523 949 1770 999 Momente, sondern nir eine Sammlung von Früchten einer überreifen
1771 940 3009 1017 der zum bluttriesenden Revolutionär geworden ist. Das waren lebens¬
1779 986 2998 1048 volle Charakiere, in glaubhafte Wirklichkeit gestellt. Hübsche Leistungen
530 987 1765 1040 halbangefanlten Kultur, denen glänzende Farbe, aber auch muldriger
528 1023 1772 1083 Geruch eigen ist. Die Dichtkunst hat an Oskar Wilde nichts gewonnen,
1777 1031 3014 1092 haben ferner Fräulein Felsegg, Herr Graumann und Herr Stoll
1778 1070 2034 1125 noch geboten.
516 1066 1763 1137 wohl hat er aber dem Menschenbeobachter, dem Psychinter reichen
532 1104 831 1169 Stoff geliesert.
1806 1091 3022 1158 Auch diesem Stücke folgte Schweigen. Der auf dem Theaterzettel
571 1138 1765 1199 Oskar Wilde ist in Dublin in Irland als der Sohn eines Privat
1759 1141 3012 1206 vermerkte Ukas: „Es ist den Darstellern in der heutigen Vorstellung
530 1191 3011 1256 gekehrten William Wilde und dessen Frau, die unter dem Namen! nicht gestattet, nach den Aktschlüssen vor der Rampe zu erscheinen“,
1773 1226 2681 1269 konnte nicht auf seine Disziplinkrast erprobt werden.
537 1231 1774 1275 „Speranza“ literarisch für die irische Sache eingetreten ist, am 15. Ok¬
529 1255 1782 1319 tober 1850 geboren worden. Früh schon machte sich bei dem Jüngling,
528 1292 1772 1354 der eine sorgfältige Erziehung genoß, dichterisches Talent geltend; im
516 1343 1775 1401 Gynnasium erhielt er einen Preis für ein Gedicht. Kaum der Schule
512 1379 1781 1425 entwachsen, löst er sich vom Elternhause und beginnt ein tolles Leben.
528 1421 1775 1477 Er gebärdet sich als Sonderling, ahmt die absonderlichen Aeußerlichkei¬
514 1453 1788 1524 ten französischer Dichter wie Balzac uns Gautier nach, kleidet sich so
513 1500 1788 1556 verrückt, daß er eine ständige Figur der Londoner Witzblätter wird,
513 1528 1773 1590 trägt eine Frisur à la Nero und spielt überall den Poseur. Er er¬
511 1573 1773 1645 scheint aus lauter Widersprüchen zusammengesetzt. Er schreibt demo¬
517 1619 1773 1675 kratische Oden, redet seine Freunde in Frankreich mit „Citoyen“ an,
518 1647 1786 1714 findet ein Vergnügen daran, bei Vorstellung adeliger Personen auf dem
520 1705 1786 1764 klangvollen Namen zu verweilen, stellt in der Theorie die Achtung vor
511 1735 1774 1802 der Frau als lächerlich hin, wird aber, als er kein Geld hat, Heraus¬
520 1772 1792 1844 geber einer Frauenzeitung. Er stellt theoretisch die Forderung „lart
528 1818 1787 1877 pour larl“ auf, verschmäht es aber nicht, für das leidige Geld eine
524 1854 1771 1902 Reihe von Stücken zu schreiben, die nichts von Kunst an sich haben,
512 1887 1787 1954 sondern für den Massenbedarf der englischen Bühne zugeschnitten sind.
521 1944 1784 1996 In den Gesellschaftsdramen „Lady Windermeres Fan“, „A Woman
520 1967 1786 2021 of no Importance“, „An Ideal Husband“ arbeitet er mit den erprob¬
507 2015 1775 2074 ten Mitteln der Sentimentalität, Bürgermoral und Ernst in Dingen,
1230 2058 1790 2107 „The Importance of Being
517 2057 1148 2109 die er nie ernst genommen hat.
514 2098 1779 2161 Earnest“ hat er eine tolle Farce geschrieben, in der jede Person über
516 2133 862 2202 sich selbst spottet.
559 2163 1790 2234 Mit diesen Theaterstücken hat Wilde sehr viel Geld verdient, das ihm
521 2213 1780 2272 aber doch nie zur Bewältigung seiner Ausgaben gereicht hat. Andere
524 2250 1786 2309 als in diesen Kassenstücken zeigt sich Oskar Wilde in seinem Schaffen,
523 2295 1782 2342 für das er theoretisch das bekannte Wort „l’art pour l’art“ aufgestelle!
516 2333 1794 2389 hat. Er gibt sich darin als Vertreter einer neuen Aesthetik, deren
519 2362 1790 2439 Grundzüge er in dem Buche „Intentions“ (Fingerzeige) niedergelegt
515 2411 1781 2477 hat. Ihre Wurzeln finden sich in dem englischen Präraphaelitismus,
516 2442 1775 2501 und Wilde war das letzte Glied der Vertreter dieser Richtung in seinen
509 2498 1777 2549 künstlerisch zu nehmenden Werken. Nach Wildes Theorie ist die Auf¬
514 2526 1777 2586 gabe der Kunst das Schaffen des Schönen, und das Schaffensgebiet
527 2568 1783 2624 des Künstlers ist unbegrenzt. Er hat der Wirklichkeit eine zweite Welt
524 2607 1780 2666 der Schönheit gegenüber zu stellen. Wenn dem Künstler das gelungen
521 2641 1789 2700 ist, so steht sein Werk außer aller Ethik. Die Kunst zu offenbaren, den
515 2678 1778 2740 Künstler zu verbergen, das ist das Ziel der Kunst. Alle Kunst ist:
518 2709 1799 2786 zwecklos, daher unmoralisch. Er erscheint in diesen Paradoxen nicht
521 2752 1786 2824 original, denn hinter Oskar Wilde steht der Franzose Baudelaire. Er¬
526 2794 1788 2866 füllt von diesen Theorien sind die Gedichte „Die Sphynx“ ein Hymnus
519 2834 1788 2890 auf estschwundene Götter, und die Gefängnisballade“, in der er das
530 2878 1777 2936 dichterisch Größte geschaffen. Entzückt in der „Sphyux“ die wunderbare
514 2911 1783 2982 Sprache, so erstannt man in der „Gefängnisballade“ über die vollendete
516 2962 1775 3018 Technik. Er schildert darin die letzten Tage eines Mannes, der seine
521 3003 1777 3057 Geliebte ermordet hat und deshalb zum Tode verurteilt worden ist.
510 3040 1791 3090 In seinen Novellen zeigt Wilde sich von zwingender Lebendigkeit und
517 3080 1770 3138 sprudelndem Witz. Sein Hauptprosawerk „Dorlau Grays Bildnis“ ist
513 3130 1788 3181 ungleich gearbeitet. Meisterhaft darin sind die Gespräche, die Idee ab¬
521 3162 1783 3227 geschmackt. Oskar Wilde spielte in seinem Leben mit allen mög¬
524 3187 1789 3256 lichen und unmöglichen Gedanken. Seine in „Dorian Grays Bild¬
512 3236 1787 3297 nis“ versochtene Theorie setzte er aber auch in die Praxis um. Kerker,
518 3268 1793 3342 gesellschaftliche Aechtung, elender Tod in der Verbannung waren seine
530 3327 714 3385 Strafe.
558 3340 1790 3420 Das Größte was Wilde im Drama geschaffen hat, ist der Einakter
532 3391 776 3459 „Salome“.
770 3398 1783 3460 Bei der Behandlung des Stoffes dürfen wir weder uns
513 3434 1779 3501 der christlichen Darstellung erinnern, noch der geschichtlichen Tatsachen:
527 3471 1780 3533 Als Vorlage diente dem Dichter die Erzählung „Herodias“ von Flau¬
533 3502 1783 3564 bert; der historische Stoff erscheint bei Wilde vollkommen verzerrt. Jul
525 3545 1784 3609 der Stimmung einer Mondnacht wird unter den schwülsten äußerei
532 3593 1761 3640 Ausdrucksformen der bekannte Vorgang geschildert, den Wilde aus
524 3635 1756 3688 perverser Sinnlichkeit zu erklären sucht. Herodes Antipas erscheint als
533 3672 1768 3725 ein ausgesprochener Neuropathiker, als ein schwachsinniger, lüsterne
533 3706 1756 3751 Kerl, die Herodias als ein geiferndes Welb, deren Schandtaten durs
531 3745 1753 3799 Johannes des öfteren verkündet werden, und die Salome ist als ein
534 3783 1759 3853 mannstolle Dirne als eine Lustmörderin dargestellt, die dem Sadi
524 3818 1762 3877 uis nicht ferne steht. Ueber dem Ganzen liegt ein Dunst von Pervei
524 3875 1762 3918 sität. So abstoßend Jnhalt und Vehandlung des Stückes, so rühmens
533 3905 1762 3955 wert ist die Form. Die Prosa ist bis zum Aeußersten durchgearbeite
535 3945 1773 3991 das Ganze zeigt eine wundervolle Geschlossenheit. Der Eindruck eines
524 3983 1774 4038 solchen Stückes kann natürlich kein erhebender sein; man ist Beobachter
525 4024 1782 4079 der Aeußerungen eines überspannten Gehirnes, einer überhitzten Phan¬
523 4044 1816 4127 tasie geworden und hat Proben einer glänzenden Stilkunst empfangen.]
1050 4105 1325 4164 W
921 4106 1001 4148 Ei 3
649 4106 824 4167 — Ue
811 4103 911 4158 B
