3484 4480
1964 226 2411 315 box 16/1
214 235 1829 338 9.4. Der gruehe Kakadn Zykius
939 1057 1334 1122 Telefon 12801.
629 1152 1650 1233 Unternehmen für Zeitungs-Ausschnitte.
1518 1212 1702 1277 Ausschnilt
388 1177 603 1319 2 10
794 1232 1812 1365 „OBSERVER“ Nr. 58
398 1370 1869 1428 I. österr. behördl. conc. Bureau für Zeitungsberichte u. Personalnachrichten
593 1440 1680 1522 Wien, IX/1. Türkenstrasse 17.
1774 1451 2976 1531 Neu war in diesem gefesteten Ensemble erstlich Riza Folkner, die man
1784 1508 2970 1556 längere Zeit wegen Erkrankung auf der Bühne nicht mehr gesehen
813 1505 1585 1595 Flliale in Budapest: „Figyelé“ —.—
1780 1544 2984 1608 Ihr Spiel gefiel uns recht gut und würde unsern vollen Beifall
1783 1589 2991 1632 haben, wenn sie ihrem zu kindlich klingenden Stimmchen etwas mehr
498 1572 1752 1657 Vertretungen in Berlin, Chicago, London, Newyork, Paris, Stockholm.
1786 1630 2986 1676 Gehalt zu geben vermöchte. Recht beherzt sekundierte sie Tom Farecht
1792 1662 2986 1707 in dem improvisierten Duett, das beide im Stile des unbegleiteten
1787 1707 3001 1763 Recitativs behandelten. Mit der drolligen Darstellung des lustigen
406 1711 949 1803 Ausschnitt aus:
1797 1746 2989 1787 Dienstmädchens, das früher Else Ottmar so nett spielte, gewann sich
1792 1779 2990 1826 ihre Nachfolgerin Anka Maurer einen Stein im Brett bei unserem
1789 1824 2985 1866 lachlustigen Publikum. Sie besitzt zwar nicht die Anmut ihrer Vor¬
1781 1864 2989 1918 gängerin, dafür aber eine größere Dosis Drolerie. Jedoch sind gerade
413 1851 768 1952 vom 31
1795 1902 2993 1956 die Annmt und Liebenswürdigkeit bei Molière nicht zu entbehren.
1789 1943 2999 1991 In den Gesprächen Goethes mit Eckermann äußert dieser: „Es ist
1238 1933 1686 2048 NO
1782 1980 2994 2026 nicht bloß das vollendete künstlerische Verfahren, was mich an Mo¬
1790 2021 2988 2071 liere entzückt, sondern vorzüglich auch das liebenswürdige Naturell,
1791 2057 2999 2107 das hochgebildete Innere des Dichters. Es ist in ihm eine Grazie
1794 2098 2992 2142 und ein Takt für das Schickliche und ein Ton des feinen Umgangs,
1796 2138 2980 2178 wie es seine schöne Natur nur im täglichen Verkehr mit den vorzüg¬
785 2098 1549 2231 Welt und Wissen.
1792 2176 2758 2228 lichsten Menschen seines Jahrhunderts erreichen konnte.“
1813 2196 2987 2263 Ob der Geheimrat, wenn er die drei Schnitzlerschen Ein¬
847 2234 1484 2304 * Stadttheater in Köln.
1791 2260 2985 2298 akter erlebt, Aehnliches Eckermann in die Feder diktiert hatte,
1784 2295 2988 2344 könnte man bezweifeln. Ihrer vornehmen Natur gemäß würde sich
574 2280 1752 2348 Von den Meiningern hat man die Gepflogenheit angenomm# mit
1787 2328 2995 2375 die Excellenz, wie Lonis Speidel in seinem Berichte über
537 2328 1762 2384 Grillparzers unvollendetem Drama Esther und Molières Lustspiel
1784 2368 2992 2423 die Erstaufführung des Schnitzlerschen litterarischen Triptychons
533 2383 1749 2433 Der eingebildete Kranke einen Theaterabend auszufüllen.
1786 2404 2996 2460 im Hofburg=Theater in Wien wohlweislich ausgeschwiegen haben.
537 2417 1754 2475 Schroffere Gegensätze als sie die beiden Stücke bilden, welche am
1775 2444 2999 2510 Der ausgezeichnete Kritiker erzählt in sechs Feuilletonspalten
533 2468 1761 2512 klassischen Montage, unter Leitung von Oberregisseur Karl Dalmonico,
1786 2489 2993 2538 ausführlich den Inhalt der Stücke und fertigt dann Die
540 2499 1758 2548 neu einstudiert, gegeben wurden, sind kaum denkbar, denn die alt¬
1797 2524 2985 2580 Gefährtin kurzer Hand ab, indem er sagt: „Man schweigt
537 2546 1757 2592 testamentarische Dichtung des österreichischen Schiller und das reali¬
1782 2570 2994 2618 mit dem Professor und lächelt gleichfalls befreit“. Und ferner:
542 2580 1762 2626 stische Lustspiel des ehemaligen Hoftapezierers verhalten sich zueinander
1796 2606 3000 2652 Sonnenthals vornehme Spielweise war es auch zu danken, daß nicht
536 2617 1754 2669 wie Feuer und Wasser. Die Meininger gaben die beiden Stücke auch
1789 2646 2997 2696 gelacht wurde; ein einziger Lachversuch — und das Stück liegt in
545 2662 1753 2706 gerade des schneidenden Kontrastes halber, und die anderen Bühnen
1799 2680 2990 2735 Scherben. F. Mauthner äußerte sich über die Première der Einakter
538 2689 1768 2743 machten ihnen dieses Kunststück später nach. Im Besitz der
1786 2716 3011 2766 im Deutschen Theater: das kleine Schauspiel Die Gefährtin gefiel
547 2739 1765 2783 herrlichen Dekorationen und der stilvollen Kostüme zur Königin
1783 2760 3002 2817 gut. Der Erfolg des Abends war Der grüne Karadu wcen
539 2775 1759 2823 von Saba kann unsere Bühne es sich gestatten, des Orients
1786 2813 2996 2861 ja auch ein wieder zurückgenommenes Polizeiverbot die Neuiger recht
541 2812 1759 2859 üppige Pracht in dem Drama Esther dem Zuschauer vorzuzaubern.
1791 2844 3007 2886 gespannt hätteEbenso unhistorisch wie der grüne Kakadn ist das¬
544 2849 1754 2898 Da wir ferner in Oskar Bohnée (König), Josefine Rottmann
1788 2877 2994 2929 Versspiel= Paracellus. Die gute Darstellung könnte diese graziose
551 2891 1765 2946 (Esther), L. Zimmermann (Mardochai), Dr. Kaiser (Haman) und
1786 2916 2988 2964 Kreinigkeit nicht retten, wenn auch Frl. Dumont und Hr. Kainz ihr
546 2930 1747 2978 Emma Teller=Habelmann (Hamans Gattin) die geeigneten Kräfte für
1787 2958 3003 3008 bestes thaten. Es wäre traurig, denken zu müssen, der Paracelsus sei
547 2974 1757 3018 die Hauptrollen besitzen, so übte die wertvolle Dichtung auch diesmal
1788 2999 3005 3059 die letzte Gestalt, die Kainz in Berlin neu geschaffen hat. Indem wir
546 3006 1758 3064 eine fesselnde Wirkung aus. Diese wurde noch erhöht dadurch, daß
1780 3037 3000 3095 selbst das Wort wieder ergreifen, bemerken wir, daß wir die scharfe
549 3062 1755 3103 man auch für die Rollen zweiter Gattung in den Herren Neumann¬
1785 3070 2995 3122 Beobachtungsgabe und die schriftstellerische Begabung des Wiener
543 3086 1757 3132 Hoditz (Theres), Rossath (Bightan), Hecken, Rogall und Ulbrich (Räte
1777 3115 2997 3167 Arztes anerkennen. Wir möchten nur wünschen, daß er dieses Talent
543 3120 1757 3184 des Königs) und Danegger (Hauptmann) tüchtige Kräfte zur Hand
1786 3158 3004 3202 anderen Problemen zuwendete. Daß man die Einakter wie das Mo¬
549 3171 681 3239 hatte.
423 3190 527 3250 Für
1786 3189 3002 3231 liersche Stücknoch nach Hunderten von Jahren geben wird, das wird nie¬
592 3182 1756 3252 In dem Molièreschen Meisterlustspiel sah man in den führenden
1793 3221 3006 3285 mand behaupten wollen, sie werden nach den kontraktlichen Pflicht¬
507 3243 1767 3310 5 Rollen, wie bei der letzten Vorstellung 1896/97: L. Zimmermann
1790 3267 3016 3345 vorstellungen bald vom Spielplan verschwinden. Damit ist die Sache
544 3284 1754 3357 als Argan, Emma Teller=Habelmann als Belinde, Tom Farecht als
1754 3311 2118 3376 für uns erledigt.
548 3322 1760 3395 Cleanthe, Neumann=Hoditz als Dr. Diafori 18, W. Benthien als Thomas
455 3345 542 3413 „ 1
550 3359 1766 3416 und R. Rogall als Dr. Purgon, die sich auch jetzt wieder trefflich bewährten?
1777 3400 1839 3443 6 4
555 3407 1779 3456 Im egensatze zu undeten Bateaurdar Leitungeansschiftete Ia
439 3439 1867 3506 Abonnement durch keine bestimmte Zeitdauer begrenzt; — auch steht es den
432 3482 1734 3535 Abonnenten frei die aufgegebenen Themen zu ergänzen oder zu ändern.
