3436 4256
2083 179 2555 282 box 15/5
309 175 1934 288 9.4. Der gruene Kakadu  zukIus
2330 936 2686 1017 Telefon 12801.
818 953 1163 1011 Telefon 12801.
3017 1035 3251 1106 Ausschnitt
1774 1011 2963 1108 Unternehmen für Zeitungs-Ausschnitte.
1502 1056 1727 1132 Ausschnitt #
510 1044 1448 1114 Unternehmen für Zeitungs-Ausschnitte
2180 1086 3227 1209 „OBSERVER“ Nr. 18
1423 1125 1554 1214 Nr.
1638 1113 1714 1225 3
657 1104 1279 1240 „OBSERVER
1773 1196 3240 1259 I. österr. behördl. concess. Bureau für Zeitungsberichte und Personalnachrichten
248 1217 1728 1304 I. österr. behördl. concess. Bureau für Zeitungsberichte und Personalnachrichten
2072 1264 2939 1358 Wien, IX/1 Türkenstrasse 17.
549 1282 1426 1383 Wien, IX/1 Türkenstrasse 17.
2009 1341 3040 1429 — Filiale in Budapest: „Figyelö“, VIII. Josefsring 31a. —
496 1382 1495 1449 — Filiale in Budapest: „Figyelö“, VIII. Josefsring 31a. —
2328 1473 3031 1568 Htamburger Nachrichten
1763 1483 2247 1577 Ausschnitt aus:
247 1509 729 1603 Ausschnitt aus:
889 1515 1520 1621 Prager Tagblatt
1774 1594 2132 1717 vom 2½.99:
251 1618 662 1738 von ½ 77.
653 1789 1563 1856 —— Drei Einacter von Arthur Schnitzler.
2199 1817 3066 1903 Im Wiener Burgtheater gelangten gestern
557 1855 1558 1935 Aus Wien wird uns vom Gestrigen telephonirt: Arthur
2085 1846 3060 1942 dbei Einacter von Arthur Schnitzler: „Para¬
2091 1912 2264 1966 celsus“
560 1905 1545 1958 Schnitzler hatte mit den drei einactigen Stücken,
2337 1919 2709 1972 „Die Gefährtin“
2764 1927 3050 1981 „Der grüne
2094 1949 3060 2034 Kakadu“ zur ersten Aufführung und erzielten nach
559 1950 1552 2028 die heute zum erstenmale im Burgtheater gegeben
2090 1992 2339 2050 dem „B. B.
2384 1997 2865 2051 einen glänzenden Erfolg.
566 2000 1551 2078 wurden, einen ausgesprochenen Erfolg. Er
2120 2024 3051 2089 In „Paracelsus“ versetzt uns der Dichter in das
569 2050 1549 2114 wurde nach den ersten zwei Schauspielen gerufen, nach
2090 2069 3047 2123 Basel des sechszehnten Jahrhunderts. In dieser Dra¬
2081 2107 3056 2167 matisirung des erst spät anerkannten und gewürdigten
558 2098 1546 2162 dem zweiten erschien er ungeachtet des bekannten Circu¬
2084 2150 3057 2195 zu seiner Zeit lange als Kurpfuscher und Charlatan
566 2145 1537 2198 lars der dramatischen Autoren doch wieder auf der
2083 2186 3054 2245 verschrienen Arztes macht sich der Dichter nach dem
565 2192 1542 2266 Bühne, um zu danken, indeß für das erste Stück
2089 2218 2815 2273 berühmten Molière'schen Vorbilde
2812 2223 3051 2281 über die
558 2245 1548 2303 Regisseur Hartmann den Dank aussprach. Alle drei
2083 2258 2981 2303 Aerzte der damaligen Tage weidlich lustig.
2086 2292 3049 2346 Feiner geartet und von selten einheitlicher Stimmung
573 2290 1535 2354 Stücke bekunden einen Fortschritt Schnitzler's über das
2080 2330 3048 2375 getragen, ist das psychologische Schauspiel „Die
572 2346 1540 2408 „Auatol“=Thema hinaus, der nur mit Lob und Anee¬
2078 2367 3052 2428 Gefährtin“, in dem es sich um die Schuld einer
2082 2399 2505 2448 Verstorbenen handelt.
565 2392 1537 2459 keunung zu begrüßen ist. Im „Paracelsus“ feiert
2121 2434 3044 2494 „Der grüne Kakadu“ ist eine kühne Schilderung
569 2442 1538 2502 er die Uebermacht des Genies über die Philister. Para¬
2089 2471 3054 2546 aus der sturmbewegtesten Periode der—französischen
561 2490 1548 2553 celius wirkt Wundercuren durch Hypnose, die seine Zeit¬
2070 2510 2319 2582 Revolution.
565 2535 1547 2607 genossen und eigentlich auch er selbst nicht recht verstehen.
559 2591 1541 2651 Er ist einer jener kühnen Lebenskünstler, die das ganze
566 2625 1540 2691 Leben als ein Spiel im höchsten Sinne betrachten. Frau
560 2687 1535 2748 Schrott und Frl. Haeberle, die Herren Robert, Krastel
562 2740 1537 2795 und Thimig gaben die Hauptrollen, Robert nicht gerade
558 2793 1530 2843 glücklich — Das zweite Stück „Die Gefährtin“
563 2813 1540 2897 ist seyr ernst. Die kleine Scene stellt den Moment un¬
554 2870 1549 2952 mittelbar nach dem Tode einer kreulosen Mondaine dar,
555 2929 1533 2986 deren Gatte ein 20 Jahre älterer Gelehrter ihre ganze
2150 2957 2842 3037 Bezugs-Bedingungen.
559 2980 1536 3040 Frivolität noch gar nicht kennt; jetzt erst wird sie ihm
2781 3011 2980 3091 fl. 7.50
563 3014 1542 3086 enthüllt. Sonnenthal, Zeska und Frl. Bleibtren spielten
1775 3000 2739 3089 Für 50 Zeitungsausschnitte (Artikel odel Notizen)
2995 3043 3041 3122 1
3112 3029 3188 3112 v.
2844 3063 2983 3135 14.—
1858 3069 1964 3119 100
261 3063 1650 3162 Far 50 Zeitung diesen Einacter vortrefflich. — Auf das dritte Stück ei#eire
3015 3100 3158 3136 Porto.
341 3109 457 3158 100
2842 3105 2962 3158 25.—
1810 3110 1963 3170 " 200
3002 3120 3170 3166 Zahlbar
554 3126 1633 3177 „Der grüne Kakadu“, das am Tage der Er=Porto.
2838 3146 2957 3201 55.—
2995 3147 3193 3219 im Voraus
304 3145 452 3204 " 200
1867 3151 1974 3197 500
1518 3170 1641 3208 Zahlbar
560 3166 1677 3227 stürmung der Bastille, 14. Juni 1789 in einer Spelunke voraus
2809 3166 2945 3246 „ 100.—
333 3186 457 3231 500
1792 3186 1977 3250 „ 1000
551 3217 1544 3285 spielt, werden wir erst in einem ausführlichen Berichte
292 3224 449 3290 " 1000
1903 3239 3227 3287 Im Gegensatze zu anderen Bureaux für Zeitungsausschnitte ist das
2868 3273 3223 3320 auch steht es den
387 3270 1698 3314 Im Gege näher eingeheu können. Das Urtheil darüber war recht ist la¬
1792 3265 2799 3325 Abonnement durch keine bestimmte Zeitdauer begrenzt:
1776 3316 3126 3372 Abonnenten frei die aufgegebenen Themen zu ergänzen oder zu ändern.
261 3291 1704 3354 Abonnement du getheilt. Beschäftigt waren in diesem Stücke die hervor=#de
1519 3356 1615 3406 ern.
268 3348 1260 3443 Abonnenten fre ragendsten Mitglieber des Burgtheaters.
1267 3403 1499 3490 Dr. M. N.
