3436 4320
795 805 1140 857 Telefon 12801.
495 889 1425 987 Unternehmen für Zeitungs-Ausschnitte.
1495 888 1708 980 Ausschnitt
350 892 503 1014 10
1433 942 1689 1077 Nr. 27
648 951 1267 1084 „OBSERVER“
248 1050 1706 1157 I. österr. behördl. concess. Bureau für Zeitungsberichte und Personalnachrichten
532 1148 1400 1240 Wien, IX/1 Türkenstrasse 17.
480 1208 1462 1315 — Filiale in Budapest: „Figyelö“, VIII. Josefsring 31 a.—
238 1366 747 1456 Ausschnitt aus:
752 1394 1444 1513 Neue Freie Presse
247 1500 570 1594 vom-/.#
524 1650 1357 1749 „ Theater= und Kunstnachrichten.
1076 1690 1535 1765 Wien, 30. November.
434 1744 1550 1839 [Burgtheater.] Heute zum erstenmale: Das Ver¬
366 1780 1560 1865 mächtniß“, Schauspiel in drei Aufzügen von Arthur Schnitzler.
1507 1839 1558 1871 A
375 1839 1546 1921 Das Vermächtniß ist ein Kind, das einem „ledigen Verhältniß
363 1897 1557 1964 entsprossen. Der sterbende Vaier bittet seine Eltern, das Kind mit
367 1925 1552 1995 der Mutter in ihr Haus aufzunehmen. Es geschieht. Allein das
370 1964 1557 2051 Kind stirbt, und gegen die unvermälte Schwiegertochter bildet sich
371 2014 1557 2088 eine gewisse Fremdheit heraus, die man das arme Geschöpf so hart
371 2065 1562 2127 empfinden läßt, daß sie sich in ihrer Verlassenheit entschließt in
369 2089 1564 2171 den Tod zu gehen. Das Schauspiel schließt mit einem von Frau
381 2138 1557 2219 Hohenfels glänzend gesprochenen Plaidoyer für die — wie
370 2173 1567 2266 sollen wir sagen? — nun am Ende doch für die freie Liebe.
387 2222 1556 2300 Frau Schratt spielte die weibliche Hauptrolle in sympathischer
375 2263 1564 2351 Weise. Der erste und dritte Act hatten einen kriftigen Erfolg, der
376 2309 1552 2392 zweite blieb dagegen zurück. Vielen schien die vom Dichter auf¬
382 2333 1568 2440 geworfene Frage zu gewagt, aber gerade für das Bedenkliche des
379 2386 1580 2474 Problems nahm der jüngere Theil des Publicums leidenschaftlich
383 2465 601 2541 Partei,
641 2809 1342 2900 Bezugs-Bedingungen.
1294 2863 1491 2951 fl. 7.50
262 2874 1212 2962 Für 50 Zeitungsausschnitte (Artikel oder Notizen)
1505 2889 1684 2962 inclusive
1355 2917 1467 2964 14.—
1525 2945 1658 2983 Porto.
373 2945 460 2989 100
1347 2961 1468 3008 25.—
1517 2965 1677 3014 Zahlbar
332 2984 478 3036 „ 200
1498 2988 1714 3065 im Voraus
1345 3000 1454 3043 55.—
1313 3035 1472 3097 „100.—
298 3060 487 3118 " 1000
477 3067 1737 3152 Gegensat#e zn anderen Bureaux für Zeitungsausschnitte ist das
276 3118 1738 3192 Abonnen durch keine bestimmte Zeibdlauer begrenzt; — auch steht es den
278 3158 1638 3258 Abonnenten frei die aufgegebenen The##en zu ergänzen oder zu ändern.
2101 128 2929 213 Wien, IX/ Türkenstrasse 17.
2022 186 2989 287 — Filiale in Budapest: „Figyelö“, VIII. Josefsring 31 a.
1784 330 2944 438 Ausschnitt aus: üstr. Wiener Extrabiatt
1784 457 2162 552 vom 7/2.08.
2291 711 2749 792 Theaterzeitung.
2122 773 3015 839 Hofburgtheater. Die Aerzte jubelten. Ih
2021 828 3015 883 College Arthur Schnitzler brachte gestern dre
2016 860 3017 924 Menschen unter dieErde. In setnem neuesten Schauspie
2022 915 3029 960 „Das Vermächtniß“ kommen drei Todesfällt
2026 957 3033 1009 vor. Bei jedem Actschluß stolpern wir über eine Leiche.
2014 997 3032 1047 Und trotzdem gab es einen starken Erfolg, denn so an:
2022 1036 3023 1088 fechtbar auch das Stück ist, wir haben es mit einem Werke
2019 1065 3037 1127 von künstlerischem Werthe zu thun. Schon nach dem
2023 1122 3036 1166 ersten Acte konnte Herr Lewinsky für den Dichter danken.
2025 1169 3028 1220 Er that dies „im Namen des Autors“. Die Dramatiker
2019 1208 3029 1253 des Burgtheaters werden von Regisseurs Gnaden zu
2018 1243 3039 1305 Dichtern erhoben oder von Regisseurs Ungnaden zu
2028 1291 3039 1345 Autoren degradirt. Mit dieser üblen Gepflogenheit sollte
2028 1332 3033 1388 endlich einmal aufgeräumt werden. Die Literaturgeschichte
2034 1385 3034 1434 wird ja doch nicht von den Herren Monatsregisseuren
2026 1414 3033 1463 gemacht! Arthur Schnitzler hat diesmal einen sehr inter¬
2028 1459 3041 1510 essanten Stoff, sagen wir einen Gesprächsstoff, in
2026 1499 3038 1562 dramatische Behandlung genommen. Ein junger
2033 1547 3042 1589 Mann aus gutem Hause nimmt in seiner Sterbe¬
2035 1585 3035 1647 stunde der Mutter das Versprechen ab, seine Geliebte
2030 1633 3033 1695 und sein Kind in den Schoß der Familie aufzunehmen.
2039 1675 3029 1726 Die Eltern ehren das Vermächtniß des Sohnes, so lange
2043 1727 3034 1772 das Kind am Leben bleibt. Doch als es stirbt, handeln
2040 1759 3045 1827 sie im Sinne des orientalischen Spruches: „Das Kind ist
2048 1799 3050 1865 todt, die Gevatterschaft ist aus.“ Die Geliebte
1923 1850 3047 1904 50 Zei des Sohnes wird nur noch als Maitresse an¬
1793 1844 1903 1909 Für
3048 1877 3207 1935 inchusive
2044 1895 3033 1948 gesehen und zum Verlassen des Hauses gezvungen.
1892 1898 2001 1947 100
3056 1916 3179 1950 Porto.
3056 1935 3195 1984 Zahlbar
1893 1940 1998 1986 200
2070 1938 3038 1983 Sie geht in's Wasser, wie ihre Leidensgefährtin in der
2056 1975 3213 2029 „Liebelei“. Sie hat den Tod des Geliebten ertragen, im Voraus
1889 1976 1989 2026 500
2059 2029 3042 2069 sie hat den Tod des theuren Kindes überwunden, aber
1822 2016 2011 2075 " 1000
1933 2041 3262 2115 Im G die Lieblosigkeit der Familie kann sie nicht überleben1 ie ist das
1810 2081 3269 2165 Abonnement Man wird zugeben, daß das Wiener Mädel von pht es den
1819 2148 2045 2202 Abonnenten
2061 2131 3162 2195 drei Selbstmordmotiven just das schwächste erwählte. stern.
2051 2189 3051 2236 In Sachen der freien Liebe weiß sie besser Bescheid.
2043 2226 3057 2286 Vier Jahre hat sie mit ihrem Geliebten ein Verhältniß
2043 2272 3050 2335 gehabt, einen herzigen Buben dankt sie seiner Liebe,
2047 2309 3049 2370 und da sagen die Leut', daß sie nicht seine Frau war! Ja, sie
2054 2350 3067 2408 ist so frei von den Vorurtheilen unserer sbäbigen Gesell¬
2049 2404 3061 2467 schaft, daß sie ihr folgenschweres Verhältniß als eine
2048 2440 3052 2496 höchst ehrenvolle Sache betrachtet. Wer hätte gedacht,
2059 2486 3055 2541 daß ein einfaches Wiener Mädel mit so kräftigen
2049 2521 3060 2568 Händen an den Pfeilern unserer Gesellschaftsordnung rütteln
2052 2561 3053 2632 werde? Das Mädel findet eine warme Fürsprecherin in
2044 2603 3058 2673 der jungfräulichen Schwester des Geliebten, die das ge¬
2044 2652 3060 2719 fallene Weib mit dem von der Galerie demonstrativ
2058 2686 3059 2748 applandirten Satz entschuldigt: „Was einen guten Mann
2052 2739 3059 2788 so glücklich macht, kann nicht die Sünde sein.“ Wir möchten
2062 2784 3067 2832 nur wissen, ob das Fräulein einen guten Mann auf dieselbe
2065 2816 3067 2873 Weise glücklich machen wollte? Im Verlaufe des Schau¬
2065 2856 3071 2915 spieles wird für und gegen die Fremde Partei genommen,
2057 2903 3073 2965 aber objectiv ist der Dichter nicht. Er läßt nämlich
2066 2943 3071 3004 einzelne triftige Einwendungen gegen das Ver¬
2062 2981 3070 3067 bleiben des Mädchens im Hause durch einen Poseur
2072 3031 3083 3087 vorbringen, den man nicht ernst nehmen darf.
2060 3074 3094 3139 Seine Vernunftgründe verpuffen wirkungslos. Und gerade
2060 3117 3086 3206 dieser Poseur ist die beste Figur des Stückes, ein
2082 3165 3108 3230 meisterlich gezeichneter Wiener Hjalmar. Das starle
2096 3214 3085 3280 Talent Schnitzler's nahm svielend alle Hindernisse. Er
2097 3260 3089 3320 rührte die Leute zu Thränen. Nach dem zweiten und dritten
2095 3297 3089 3356 Aete konnte er wiederholt vor der Rampe erscheinen.
2096 3336 3091 3407 Die beste Leistung des Abends war das Spiel des Herrn
2102 3380 3093 3435 Hartmann, der sich nunmehr ein Anrecht auf den
2096 3420 3087 3488 Original=Hjalmar erwarb. Ergreifend in ihrem Schmerze
2094 3466 3090 3528 und anheimelnd im Tone war Frau Schratt in der
2098 3506 3092 3563 Rolle der Wiener Heldin. Frau Hohenfels überraschte im
2108 3551 3093 3607 letzten Acte durch heftige tragische Accente. Hat sie den
2108 3591 3098 3646 Wolter=Schrei geerbi? Einen dreizehnjährigen Gymna¬
2107 3628 3088 3688 siasten spielte Fräulein Metzl mit treffsicherem
2102 3666 3103 3732 Humor. Die Damen Medelsky und Bleibtren
2106 3718 3100 3779 thaten ihre Schuldigkeit. Herr Treßler starb mit
2382 3755 3098 3818 als lebendiger Junge ist er uns
2099 3770 2280 3834 Anstand,
2766 3803 3088 3856 war undeutlich
2105 3798 2641 3872 lieber. Herr Devri
2100 3844 3089 3896 und Herr Paulsen hölzern. Die Handlung
2103 3891 3090 3957 des Stückes spielt in Wien, im Hause eines Wiener
2100 3929 3099 3993 Professors. Ist es also ein Regiefehler, wenn der Pro¬
2103 3967 3092 4023 fessor eine bekannte Berliner Zeitung in der Hand
2091 4012 3092 4083 hält? Nein! Den Darsteller kostet es Nichts und dem
2081 4057 3054 4132 Director Schlenther macht es vielleicht ein Vergnügen.
