3484 4256
1453 157 1885 250 box 15/3
786 165 1309 239 uene Kakadu
246 182 1305 285 9.3. Der f
779 1131 1447 1217 Vennische Zeltung Berlis
965 1170 1708 1294 Lellingtheatere“
598 1231 909 1347 Z—A 1e/9
737 1270 1841 1370 „Fräulein Julie.“ — „Der grüne Kakadu.“
734 1360 1890 1424 Der Zufall fügt es, daß Viktor Barnowoky gerade jetzt, da er
692 1408 1893 1472 Brahms Erbe verteidigen muß, nach Brahms Kränzen greift. Denn
692 1450 1890 1533 gestern koppelte er, mit Theaterglück, ein Wagnis der Freien
699 1515 1891 1554 Bühne, Strindbergs „Fräulein Julie“ mit einem Reper¬
687 1532 1921 1627 toirestück aus den Tagen Kainz' und Rittners, mit Schnitzlers
701 1597 1255 1665 „Grünem akadu“ zusammen.
727 1643 1893 1685 Man könnte tiefsinnig Fäden von Stockholm nach Wien, von
694 1679 1896 1733 Strindberg zu Schnitzler spinnen. Aber ich bescheide mich bei der
702 1735 1899 1786 Einsicht, die zweifellos auch für die Bühnenleute maßgebend war,
695 1759 1907 1823 daß nämlich beide Einakter zusammen einen Theaterabend füllen.
705 1814 1909 1872 In der Stimmung der Zuschauer führte dieser Abend aufwärts,
691 1857 1319 1925 vom Naßkalten zum Lauwarmen.
734 1869 1907 1957 Denn Strindbergs Trauerspiel wollte gestern nicht seine letzten
694 1946 1894 2007 Wirkungen hergeben. „Comtesse Julie“ ist nun schon ein
697 1977 1906 2043 historisches Werk geworden. Mindestens sieben verschiedene
709 2020 1910 2093 Tragödien lassen sich aus diesem gewaltigen Einakter gewinnen.
694 2068 1903 2121 Barnowskys Regie war so klug beraten, das soziale Drama
695 2120 1913 2191 herauszugreifen. Sie sammelie das Licht stärker auf dem steigen¬
702 2156 1908 2228 den Lakaien, als auf der sinkenden Grafentochter, die das Er¬
701 2198 1909 2262 lebnis der Johannisnacht büßen muß. Kein Moment wirkte
720 2239 1914 2305 stärker als die Phantasie des Dienere Jean vom Auf¬
716 2279 1900 2350 stieg seiner Zukunft. Dem interessanten Darsteller Eugen
699 2328 1915 2396 Klöpfer funkelte es infernalisch aus den Augen,
704 2371 1909 2442 als er, blaß und zuckend. die Vision künftigen Glanzes heraus¬
701 2417 1912 2481 krächzte. Dieser Augenblick entschädigte für die Proletarierlast, die
711 2481 1914 2522 dem „Aristokraten“ in der Livree allzu schwer aufgebürdet war,
712 2499 1912 2574 die seinen Rücken beugte und seinen Schritt schleppen ließ. Klöpfer
717 2546 1902 2604 weiß, wie man maskuline Brutalität wirken läßt, aber sein In¬
721 2596 1915 2650 strument hat, im Tragischen, offenbar nur eine Saite. Als seine
711 2622 1917 2692 Komtesse betrat Tilla Durieux zum erstenmal wieder eine
710 2677 1924 2738 Berliner Bühne. Sie braucht ihre Strindbergreife gewiß nicht
722 2713 1916 2783 mehr zu erweisen und als Herrin beim Spiel mit dem Feuer
717 2774 1916 2828 schüttelt sie auch die Fessel einer Indisposition ab. Später aber,
722 2797 1930 2873 wenn das Inferno sich auftut, so knisterte es, aber das Sprühen
715 2848 1912 2905 blieb aus. Diesem Paar fehlte untereinander der Kontakt und
720 2891 1724 2956 deshalb werlagte auch die Fühlung mit dem Publikum.
750 2926 1921 2998 Im „Grünen Kakndu“ war beiden Künstlern die Ernte
713 2993 1928 3046 reicher zugemessen. Niemand kann souveräner als eine Marquise
713 3041 1931 3087 von Tilla Durieux Gnaden am Schaurigen schnuppern, und
719 3070 1922 3135 Klöpfer erwies aufs neue sein Komödientalent in Rittners Rolle,
722 3122 1929 3179 als der Tantenmörder unter den Talmiverbrechern. In dieser
726 3159 1919 3222 Figur triumphiert der ironische Charakter des Stücks, den Bar¬
708 3210 1945 3282 ##wsky schärfer als, Brahm herausgearbeitet hat. Ein Verlust an
1043 3261 1620 3383 Grtr
1533 3305 1897 3405 eg
1874 3355 1924 3392 450
1898 1117 3103 1206 Wärme wird dabei durch allersei farbige Bewegung ersetzt und
1904 1187 3099 1244 die Revolution dröhnt wirksam ins Spiel der Spelunke hinein.
1910 1230 3102 1289 Als Kellerwirt knüpfte Hann Fischer in seiner knurrigen
1915 1270 3098 1334 Trockenheit an die besten Draditsonen des Hauses an und Konrad
1914 1324 3089 1382 Beidt, als Henri, mag an seinem Beispiel die Sicherheit stu¬
1914 1360 3103 1417 dieren, die seinem Temperament noch fehlt. Dem „Grünen
1911 1418 3096 1470 Kakadu“ bleibt über alle Direktionswechsel hinaus die Wirkung
1908 1448 3115 1520 eines nachdenklichen Kunstverstandes. Arrangiertes Theater, ohne
2913 1492 3077 1562 M. J.
1902 1491 2487 1565 Zweifel. Aber gutes Theater!
