3436 4256
1930 166 2395 261 box 16/1
172 182 1776 282 9. 4. Der gruene Kakaqu zyklus
1532 821 1784 900 Rundschau.
835 839 967 900 398
1669 973 2512 1034 bische Gedichte von Baudelaire und Pierre
801 959 1654 1034 Not des Mannes, der „ein Weib erkannt“
1664 1030 2517 1077 Louis (elend) vorgetragen und eine erotische
802 1029 1649 1083 hat im Sinne der Bibel und daran ver¬
1668 1081 2524 1123 Phantasie „Das Kissen der Astarte“ panto¬
813 1065 1654 1117 zweifelt, es je wahrhaft zu erkennen. Viel
1679 1107 2527 1166 mimt. Berlin mit drei W! In solcher
813 1114 1658 1169 Geist ist aufgewendet, fast zu viel; des
1665 1142 2564 1219 Krippe glimmt nicht das junge Licht der #
805 1147 1660 1223 Lebens grüner Baum ist angegraut von
1674 1199 1900 1263 Kunst
805 1202 1006 1260 Theorie.
2095 1189 2521 1270 Hermann Kienzs.
891 1239 1665 1300 Die dem Ende zuneigende Spielzeit
1724 1282 2511 1338 31. März. Im ungarischen Amtsblatt erscheint
814 1287 1653 1340 warf noch rasch einige Kuriositäten aus. Da
1672 1325 2507 1375 ein allerhöchstes Handschreiben über das Recht der Krone
811 1343 1652 1393 gab es (im Neuen Schauspielhaus) eine
1669 1359 2505 1414 auf Einberufung der Reserven. — Neuernennung des
802 1374 1655 1432 dunkle Tragödie „Der Turm des Schwei¬
1673 1397 2028 1452 ungarischen Kabinetts.
1735 1432 2515 1472 1. April. Stürmische Sitzung des ungarischen
809 1430 1652 1472 gens“ (Verfasser ist ein junger Schwede:
1664 1464 2505 1513 Abgeordnetenhauses, in welcher die verschiedenen Parteien
806 1469 1652 1522 Gustav Colliin). Ja: ein dunkles Stück!
1671 1500 2417 1552 zum allerhöchsten Handschreiben Stellung nehmen.
816 1513 1653 1564 Dunkel das Zeitalter (2000 Jahre vor Christi
1735 1529 2509 1577 2. Fürst Albert von Monaco hält in Wien einen
802 1556 1653 1604 Geburt), dunkel die Bühne. Alle drei Akte
1665 1557 2194 1612 Vortrag über die Ozeanographie.
1734 1591 2505 1641 3. Das ungarische Abgeordnetenhaus nimmt das
811 1600 1645 1661 spielen in finsterer Nacht, im Lager der Kö¬
1668 1624 2512 1682 königliche Handschreiben zur Kenntnis. — Sistierung der
815 1639 1658 1714 nigin Semiramis. Am dunkelsten der Sinn
1670 1669 2505 1713 Verfassung in Kroatien. Banus v. Cuvaj wird zum
805 1686 1251 1747 und Zusammenhang.
1663 1707 2514 1755 königlichen Kommissär ernannt. — Erster österreichischer
1659 1739 2511 1790 Kindergärtnerinnentag in Wien. — Eröffnung der Allge¬
896 1726 1646 1777 Veranstaltet von der Berliner Richard
1670 1778 2288 1819 meinen Luftfahrzeugausstellung in Berlin.
805 1780 1649 1835 Wagner=Gesellschaft, vollzog sich die Auf¬
1728 1817 2506 1859 4. Die tschechisch=radikale Partei beschließt, die Si¬
806 1816 1652 1872 führung einer Nietzsche=Tragödie im Friedrich
1663 1848 2507 1902 stierung der Verfassung in Kroatien im österreichischen
811 1870 1655 1927 Wilhelmstädtischen Schauspielhaus. Friedrich
1676 1880 2314 1930 Abgeordnetenhaus zur Sprache zu bringen.
1721 1913 2505 1961 5. Auf Grund einer kaiserlichen Entschließung werden
800 1912 1650 1967 Nietzsche in eigener Person ist der mißhan¬
1668 1950 2510 1994 neue Bestimmungen über die Verwaltung von Bosnien,
809 1955 1641 2000 delte Held des Dramas „Das dritte Reich“
1667 1980 2506 2029 sowie über die Stellung des Landeschefs veröffentlicht. —
799 2001 1647 2046 von Paul Friedrich. Neben ihm treten auch
1668 2021 2504 2060 Das Ministerium des Innern verfügt, daß die Vorsetzung
1662 2045 2502 2101 des Wortes „Reichs=“ vor den Adelstiteln unzulässig sei.
803 2040 1645 2101 Richard Wagner, Frau Cosima, Frau Förster¬
1735 2080 2343 2127 6. XVI. Orientalistenkongreß in Athen.
800 2090 1657 2134 Nietzsche in Fregoli=Masken auf. Die noch
1722 2109 2498 2166 7. (Ostersonntag.) Der Kaiser begibt sich zu
810 2132 1648 2178 leben, hätten es sich verbieten sollen! Herr
1664 2157 2506 2198 kurzem Aufenthalt nach Wallsee. — 25jähriges Jubiläum
811 2171 1659 2233 Friedrich, dem man, weil er wohl nicht
1658 2194 2494 2231 des Grafen Paar als Generaladjutant des Kaisers. —
1670 2218 2492 2270 In Wallsee findet die Verlobung der Erzherzogin Elisa¬
810 2219 1650 2268 wußte, was er tat, verzeihen muß, ließ eine
1669 2260 2497 2304 beth Franziska mit dem Grafen Georg Waldburg¬
804 2268 1654 2323 Spukgestalt des Zarathustra auftreten, die
1658 2290 2233 2343 Zeil=Lustenau=Hohenems statt.
802 2311 1618 2362 zugleich den Wahnsinn repräsenüierte..
1723 2318 2491 2371 8. Kongreß der tschechischen Staatsrechtler in Prag:
1671 2362 2503 2401 Es wird der Überzeugung Ausdruck gegeben, daß der
809 2362 1647 2417 Das Stück ist übrigens ein Wiersal ohne
1670 2393 2498 2436 nationale Kampf der Tschechen und der Serbokroaten in
806 2400 980 2459 Gnade.
1662 2430 2490 2474 Zukunft zur Errichtung eines selbständigen tschechischen
883 2422 1639 2499 Gesellschaftlich, nicht künstlerisch be¬
1664 2463 2499 2500 Königreiches im Norden und zur absoluten Unabhängig¬
800 2483 1648 2545 merkenswert war die erste Veranstaltung der
1662 2494 2490 2545 keit Kroatiens im Süden der Monarchie führen werde.
1727 2531 2362 2578 9. Deutscher Chirurgenkongreß in Berlin.
800 2536 1658 2588 „Werkstatt der Werdenden“. Der Kampf
1720 2563 2508 2611 10. Die k. k. Gesellschaft der Musikfreunde in Wien
808 2578 1655 2624 gegen jegliche Polizeizensur in Dingen der
1665 2587 2489 2659 wählt den Minister a. D. Dr. Marchet zu ihrem Präsi¬
799 2616 1645 2675 Kunst ist ja eine sittliche Pflicht. Auf das
1680 2637 1811 2682 denten.
1717 2659 2500 2713 11. Oberlandesgerichtspräsident Vinzenz Freiherr
811 2667 1637 2725 Schuldkonto der Zensur ist es im Grunde
1666 2703 2191 2751 v. Maly (geb. 1842) in Lussin †.
796 2695 1645 2764 zu schreiben, wenn die Sensation sich dieses
1721 2715 2495 2779 12. Das ungarische Abgeordnetenhaus tritt wieder
799 2750 1640 2802 Kampfes bemächtigt. Was sich als geladene
1658 2771 2502 2809 zusammen: die Opposition verhindert durch Wiederauf¬
805 2795 1643 2844 Gäste zu der Aufführung der verbotenen
1660 2808 2504 2854 nahme der technischen Obstruktion die Fortführung der
1657 2842 2509 2892 Wehrdebatte. — Kongreß für Familienforschung in Gießen.
797 2841 1652 2901 Wedekindschen Tragikomödie „Tod und
1715 2879 2503 2923 13. Im ungarischen Abgeordnetenhaus finden stür¬
796 2888 1650 2939 Teufel“ drängte, stand der Börse und dem
1661 2907 2508 2970 mische Szenen statt. — Hofrat Dr. Josef Wach (geb. 1852)
808 2935 1640 2981 Tattersall unvergleichlich näher als der Kunst.
1659 2947 1862 2996 in Wien †.
1725 2963 2501 3017 14. Gemeinsamer Ministerrat in Wien. — VII. Inter¬
804 2975 1640 3026 Das war Berlin mit drei W! Und das
1659 3015 2328 3057 nationaler Antituberkulosenkongreß in Rom.
799 3026 1639 3071 Auditorium gab der Veranstaltung ein Ge¬
1713 3040 2496 3085 15. Im ungarischen Abgeordnetenhaus kommen die
792 3060 1640 3112 präge, das nur noch des krassen Dilettan¬
1664 3081 2491 3132 Verhältnisse in Kroatien zur Sprache. — Hofrat Prof.
807 3105 1638 3156 tismus dieser Darstellung bedurfte, um voll¬
1657 3119 2492 3153 Dr. Alfred Przibram (geb. 1841) in Prag †. — Kon¬
1662 3149 2491 3202 ferenz der mitteleuropäischen Wirtschaftsvereine in Brüssel.
802 3153 1646 3206 kommen zu sein. Die genial=bizarre Philo¬
1721 3188 2491 3224 16. Das neue Gaswerk der Gemeinde Wien in
804 3198 1642 3250 sophie des Mädchenhändlers, der der trost¬
1663 3209 2499 3260 Leopoldau wird in feierlicher Weise eröffnet. — Unter
805 3245 1641 3289 losen Welt mit der Erleichterung des Sinnen¬
1662 3255 2500 3293 dem Vorsitz des Ministers des Innern findet in Wien
1663 3291 2499 3350 eine Enquete über die Regelung des Kinematographen¬
793 3275 1639 3335 genusses ein Narkotikum verschaffen will
1659 3327 1871 3375 wesens statt.
803 3326 1637 3381 und katastrophal zusammenbricht, ist in aller
1719 3347 2495 3405 17. Graf Khuen überreicht dem Monarchen die
811 3372 1639 3429 grotesken Komik dichterisch ernst genug für
1661 3391 2491 3436 Demission des Kabinetts, die angenommen wird. — Im
805 3417 1641 3472 eine würdige Behandlung. In der „Werk¬
1657 3427 2487 3472 ungarischen Abgeordnetenhaus geben die Vertreter der
1659 3463 2488 3505 Kroaten Protestresolutionen gegen die Ernennung des
809 3456 1639 3511 statt der Werdenden“ diente die sensationelle
1651 3499 2493 3543 königl. Kommissärs ab. — Die kroatischen Abgeordneten
803 3503 1641 3566 Aufführung, wie man sich erzählte, als Fest¬
1661 3531 2495 3577 des österreichischen Reichsrates beschlossen, mit den schärfsten
808 3551 1640 3600 schmuck bei der Verlobung einer jungen
1654 3566 2498 3627 Mitteln gegen die Suspendierung der Verfassung in Kroatien
799 3595 1894 3662 Dame der Gesellschaft. Dazu wurden les= zu protestieren.
