3392 4352
222 191 439 269 9.3.
698 180 1292 258 ruene Kakadu
480 195 625 257 Der
450 241 1288 293 e e ee ete e eeene.
1437 174 1839 258 box 15/3
2036 210 2452 270 Ausschmet aus:
2550 206 3009 288 Landurd, Londen)
2476 278 2773 362 240K1 2913
2025 314 2185 365 vom:
2084 418 2899 504 BETWEEN SUNSET
2213 503 2705 579 AND DAWN.“
2042 636 2922 722 POWERFUL ACTING AT THE
2278 712 2698 795 VAUDEVILLE,
2069 818 2917 882 Some particularly fine acting and some that
2044 868 2912 932 was particularly noisy marked the performance
2047 911 2926 970 at the Vaudeville Theatre last night, when
2047 949 2927 1023 Messrs. Norman MeKinnel and Frederick
2046 1001 2915 1049 Whelen presented a double bill that had the
2043 1050 2935 1117 supreme merit of being something off the
2039 1091 2330 1152 beaten track.
2065 1117 2916 1206 The very fine acting came in the first piece,
2063 1176 2922 1243 Between Sunset and Dawn,? by Hermon
2033 1238 2917 1280 Ould—a play in four scenes of life in and
2042 1272 2913 1326 around a“ doss house in South London.
2035 1317 2915 1380 Low life on the stage seldom rings sincerely,
2048 1359 2920 1415 but in this case the crapulous atmosphere of
2040 1405 2917 1457 sordid misery came right across the footlights,
2035 1454 2926 1512 just as it was said once of Sir Arthur Pinero
2046 1488 2918 1555 that lie brought the scent of new-mown hay
2036 1524 2919 1601 into the theatre. The story is really that of
2033 1577 2911 1641 * The Fugitive? translated into miserable
2041 1616 2921 1690 surroundings. Tothe“ doss house,’ which big
2033 1672 2914 1723 Jim Harris looks after at night for his simian
2028 1717 2919 1791 old möther comes Liz Higgins, seeking shelter.
2035 1766 2913 1824 She has run away from Bill Higgins, a
2051 1805 2916 1858 pal“ of Jim, because he knocks her about
2026 1847 2829 1904 and treats her generally in a brutal way.
2061 1884 2912 1928 Jim has never seen Liz Higgins before,
2030 1916 2845 1991 though he has heard about her as being
2038 1963 2916 2007 bit of class. He is a big, slow, lumbering
2038 2009 2916 2055 man who has never had anything to do with
2038 2043 2910 2084 women, but he takes an immediate fancy to
2031 2082 2912 2127 Liz. To him, in her shawl and battered hat,
2041 2116 2913 2159 her face is the sudden revelation of woman.
2040 2162 2918 2204 So that when Higgins comes in furious search
2037 2195 2912 2237 of his wife big Jim knocks him about a bit
2027 2233 2918 2279 for a change. Then when the husband is out
2031 2265 2921 2325 of the way he proposes that they shall live to¬
2029 2310 2915 2362 gether, and is almost eloquent in his new¬
2031 2358 2916 2401 found passion. She consents, but the pride
2039 2389 2924 2450 of being a +respectable woman is strong
2039 2416 2915 2480 upon her, and she steals back to Bill Higgins.
2032 2461 2920 2508 That individual, although he wants her back
2037 2498 2911 2555 badly, is inflamed now by jealousy, and she
2034 2544 2741 2593 flies from him again and back to Jim.
2197 2592 2741 2663 SIGNIFICANT ACTING.
2057 2645 2907 2718 It is here that we have a magnificant pfece
2841 2704 2900 2748 si¬
2024 2698 2783 2746 of acting. They discuss their miserable
2031 2749 2735 2792 tion, and we see that Jim## imm
2034 2780 2725 2827 ##alowe and distmstfel-that she wen
2040 2813 2739 2861 her husband at all. There have bei
2036 2849 2764 2903 before that Jim is alqueer fellow. Now
2039 2882 2897 2953 thie stress of his first emotion we seem to see
2038 2923 2366 2973 his mind snap.
2378 2924 2900 2980 He realises the miserable
2025 2969 2903 3011 position of the woman, thrown out again by
2036 2989 2908 3051 her drunken brute of a husband, and now sus¬
2032 3051 2906 3095 pected a little, against his will, by himself,
2038 3079 2898 3132 the man who wanted to pretect her. One can
2034 3122 2899 3173 see the craziness working in his face. There
2028 3147 2893 3213 is ouly one way out with a woman with her
2026 3179 2903 3254 back to the wall, and he supplies it. He picks
2017 3223 2902 3293 up a knife from the table and stabs her as
2020 3270 2839 3325 she gives him his first caress from woman.
2052 3308 2906 3367 Mr. Norman McKinnel was splendid as the
2024 3338 2889 3406 bemused Jim, and Miss May Blayney as Liz
2015 3377 2899 3436 Higgins gave a piece of restrained, perfect
2018 3414 2889 3469 character acting, with every little point made,
2027 3465 2889 3514 such as is rarely seen on the stage. In the
2022 3496 2888 3553 final scene the madness gradually creeping
2021 3539 2890 3590 over Jim's face andthe bewilderment and then
2016 3568 2887 3622 terror over hers were very finely rendered.
2015 3607 2890 3674 Mrs. Ada King as a sort of female Caliban,
2017 3637 2888 3706 keeper of the doss-house,“ and Mr. Edmond
2009 3679 2885 3731 Breon as the cowardly and blustering Bill
2011 3720 2882 3777 Higgins, were both excellent. The piece itself
2009 3759 2884 3812 was very warmly received. It secmed a pity
2015 3789 2894 3847 that the author could find no way out except
2017 3830 2887 3894 the table knife, but that was how poor Jim
2015 3873 2881 3925 saw the situation. In a way, it is too much
2009 3903 2876 3968 to ask us to believe that the situation would
2014 3941 2886 4019 have turnell Jim’s head, but Mr. MeKinnel
2012 3974 2664 4033 certainly realised it on the stage.
2032 4022 2885 4083 The sccond piece was Arthur Schnitzler’s
2006 4056 2868 4116 brilliant“ grotesque““ The Green Cockutoo,
1998 4101 2891 4153 and from low life in Lomton“tödäy Ve Vers¬
2012 4133 2277 4172 taken to low
