3436 4256
-15 1629 83 1736 85
-3 1728 85 1787 ber
-5 1820 94 1887 tent
-8 1876 88 1934 eilt
-12 1929 77 1991 lich
-20 2029 79 2094 ssor
-5 2077 86 2143 ene
-16 2168 91 2250 dich
3 2280 89 2332 den
-9 2381 85 2495 s1.
0 2529 79 2598 int,
2 2623 83 2685 em
-8 2671 88 2743 zler
-16 2722 84 2793 hen
-6 2774 86 2835 rne
-7 2830 80 2890 auf¬
33 2870 90 2937 m
37 2927 92 2987 8
-15 2978 76 3042 ers
-14 3031 83 3095 wir
-17 3081 88 3149 ber,
2261 162 2511 223 — —
2146 203 2610 308 box 15/5
375 221 1997 314 9.4. Der gruche kakadu— Zukins
2700 1379 3427 1440 Das ungarische Abgeord
569 1416 2652 1470 m # lunge werde ich kanntlich die Anwendung des § 2, Al. 5 des Gesetzes vom
2665 1430 3428 1505 hat heute den ehemaligen Minister des
560 1452 1609 1511 liehen, wie man den Arzt fragt: „Wie lange werde
1608 1453 2654 1515 27. Juli 1871 (R. G. Bl. Nr. 88) gegen fremde Staats¬
2665 1489 3414 1547 heimen Rath Désider von Perczel
566 1496 1615 1563 ich leben?“, dürfte denn doch selbst in blasirten,
1611 1514 2652 1574 angehörige, welche auf österreichischem Staatsgebiete in Ver¬
2662 1543 3430 1600 sidenten gewählt. Von 319 abgegeb
559 1557 1610 1614 cynisch angehauchten Naturforscher=Kreisen ziemlich
1612 1558 2656 1622 sammlungen auftreten oder aufzutreten beabsichtigen, insbe¬
2665 1587 3430 1646 entfielen auf Perczel 244. Der früh
563 1605 1601 1682 selter sein. Man giebt Fiebernden Eisumschläge, wel¬
1620 1610 2651 1678 sondere wenn zu besorgen ist, daß durch ihre Theilnahme die
2667 1628 3445 1705 Dr. von Szilägyi erhielt 74 Stin
570 1645 1613 1711 ches Mittel soll man aber bei so hochgradiger Kälte
1615 1659 2656 1729 nationale Erregung gesteigert und hiedurch das öffentliche
2715 1680 2815 1747 —
556 1697 1618 1773 #des Herzens anwenden? Da kann kein Arzt helfen
1616 1720 2045 1789 Wohl gefährdet würde.
2704 1707 3446 1811 Obwohl der Zeitpunkt, zu welch
561 1752 960 1830 ##nd kein Dichter.
2664 1764 3448 1857 rüstungs=Conferenz im Ha
1653 1762 2665 1854 Mehrere böhmische Blätter urgiren die Einberufung des
611 1775 1616 1875 „Der grüne Kakadu“ spielt am Tage der
2665 1827 3415 1904 treten soll, noch nicht bestimmt is
1616 1842 2659 1902 böhmischen Landtages. „Hlasy od Blanika“ vermögen
571 1841 1619 1921 Erstüriung der Bastille in einer Taverne, in welcher
2680 1891 3424 1956 Nikolaus, auf dessen Anregung
1616 1893 2667 1959 sich das Zögern der Regierung in dieser Sache nicht zu
560 1907 1613 1964 die vornehme Welt im Kreise von verkommenen Komö¬
2671 1915 3444 1995 einberufen wird, schon die Vertreter
1625 1944 2673 2006 erklären. So lange ein Funke Hoffnung vorhanden war,
563 1944 1617 2031 dianten, welche glauben machen wollen, daß sie Ver¬
1618 1986 3439 2062 daß die Deutschen im Landtage erscheinen werden, derselben designirt. Als Hauptbevollmä
570 1999 1613 2057 brecher sind, ihre Sinne aufstachelt. Hier steht die
1631 2037 3434 2097 konnte man das Zaudern begreifen, jetzt aber sei russische Botschafter in London Georg
577 2058 1623 2123 Strafe knapp neben dem Laster. Die kleine Tragödie,
1623 2081 3436 2146 diesfalls jede Illusion geschwunden, und ein weiteres Aussicht genommen, dem als Fachn
568 2109 1613 2171 ein Schauspieler, der wirklich tödtet, ist nur Ver¬
1621 2136 3424 2221 Zögern könnte nur eine Erschwerung der Position völkerrechtliche Fragen der bekannte V
571 2155 1619 2212 anlassung, um eine Niedergangszeit zu schildern und
1627 2179 3446 2257 der czechischen Abgeordneten zur Folge haben. Auch Dr. Friedrich von Martens beigegeben ist
573 2200 1627 2278 Gedanken zu lesen. Und welches Sinnwort leuchtet
1624 2238 3417 2315 die „Närodni Listy“ führen Klage über den land schon zu wiederholten Malen auf
562 2245 1621 2315 aus dem Entsetzen der blutigen Spelunken=Komödie
2678 2293 3446 2362 Conferenzen vertreten hat; außerdem
1622 2289 2675 2362 Aufschub der Session des böhmischen Landtages, der wahr¬
576 2304 1627 2384 hervor? Schnitzler läßt eine der Personen sagen:
2674 2347 3444 2405 der betheiligten russischen Ministerien
1627 2348 2668 2412 scheinlich erst nach Ostern zusammentreten werde und zur
572 2344 1628 2421 „Was ich hier so eigenthämlich finde, ist, daß alle
2674 2384 3424 2452 delegirte ernannt werden. Die Wahl d
1637 2392 2673 2458 Bewältigung seiner dringenden Aufgaben koum genügend
573 2407 1621 2464 scheinbaren Unterschiede so zu sagen aufgehoben sind,
2682 2428 3444 2506 von Staal, des ältesten russischen D
1632 2437 2675 2513 Zeit haben werde. Wenn auch in letzter Zeit Manches im
569 2455 1625 2520 Wirklichkeit geht in Spiel über — Spiel in Wirk¬
2677 2499 3435 2553 diese wichtige Mission beweise, wie die
1634 2491 2667 2562 Interesse der nationalen Gleichberechtigung geschehen sei, so
567 2491 1626 2557 lichkeit.“ Das heißt: Um im Leben und in der
2674 2529 3387 2613 graphen=Agentur hervorhebt, das
1625 2546 2671 2611 warnt das Blatt doch vor jedem Optimismus in Bezug auf
571 2552 1635 2612 Komödie Glück zu machen, muß man es zur Fertigkeit
2681 2588 3438 2663 Interesse, welches Kaiser Nikolaus den
1625 2598 2674 2663 die Revision der bestehenden Einrichtungen, denn dagegen
569 2600 1620 2659 gebracht haben, sich umzugestalten, sich zu verstellen.
2683 2633 3301 2717 großen Werkes entgegenbringe.
1627 2658 2678 2717 würde sich gewiß starker Widerstand erheben. Auch die
636 2653 1633 2717 Also auch hier wie im „Paracelsus“: „Was ist
2711 2660 3445 2752 Das englische Unterhaus hat ge
1625 2696 2679 2753 „Neue Freie Presse“ meint, der Grund, warum die
583 2698 1634 2770 nicht Spiel, das wir auf Erden treiben, und schien
2676 2744 3438 2811 bedeutenden Majorität die Verlängern
1635 2753 2681 2812 Regierung die böhmische Landtagssession so weit hinausschiebe,
574 2744 1627 2826 es noch so groß und tief zu sein!“ Also Symbolis¬
2671 2785 3416 2857 pflicht beschlossen. In zweiter Lesung
1635 2801 2055 2868 liege nicht klar zutage.
580 2801 1629 2869 mus im Realismus. Wir haben außer den nur leicht
2684 2835 3425 2912 mit 317 gegen 59 Stimmen der vom
1674 2845 2679 2910 Die „Edinost“ (Triest) reflectirt auf die angeblichen
577 2854 1638 2910 angedeuteten Fragen eine offene an den begabten
2694 2886 3439 2943 eingebrachte Gesetzentwurf angenommen
1633 2887 2682 2954 Verhandlungen mit den Süd=Tirolern und begrüßt eine
576 2909 1627 2979 pessimistischen Doctor Schnitzler: „Fängt denn der
2682 2941 3447 3000 das Alter, in welchem Kinder die Sch
1626 2952 2677 3027 Lösung der Tiroler Frage auf Grundlage des Zugeständnisses
580 2956 1443 3041 Mensch immer erst beim Kranken an?"
2681 2989 3446 3070 zu besuchen brauchen, von 11 auf 12
1123 3006 1270 3063 —
1634 2996 2677 3066 nationaler Curien mit großer Lebhaftigkeit. Solche nationale
