3436 4256
1127 203 1367 277 Kaka
2063 204 2541 292 box 15/5
295 215 2027 314 9.4. per pruche Kaaaun ZykIns
2350 520 2718 616 Telefon 12801.
3047 584 3283 677 Ausschnitt
2050 591 3014 708 Unternehmen für Zeitungs-Ausschnitte.
2973 651 3290 776 Nr. 36
2211 682 2933 810 „OBSERVER
1794 758 3282 905 I. österr. behördl. concess. Bureau für Zeitungsberichte und Personalnachrichten
2101 845 2994 966 Wien, IX/1 Türkenstrasse 17.
2043 919 3044 1041 — Filiale in Budapest: „Figyelö“, VIII. Josefsring 31a. —
914 1008 1289 1102 Telefon 12801.
623 1096 3274 1214 Unternehmen für Zeitungs-Ausschuitte, aum Ausschmitt aus: Tette 2onttgondertetzc
1533 1199 1790 1296 N. 3
775 1164 1415 1302 „OBSERVER“
1804 1210 2302 1323 „ 0/300
368 1281 1825 1344 I. österr. behördl. concess. Bureau für Zeitungsbericht“ und Personalnachricht
656 1354 1547 1447 Wien, IX/1 Türkenstrasse 17.
2185 1288 2942 1456 Theater und Kunst.
2021 1394 2227 1480 1
595 1417 1604 1515 — Filiale in Budapest: „Figyelö“. VIII. Josefsring 31a. —
2376 1430 2764 1520 Burgtheater.
1982 1480 3148 1586 [„Paracelsus“ — „Die Gefährtin“ — Der grüne Kakadu“. Drei
2230 1532 2911 1614 Einacter von Arthur Schnitzler1
352 1554 846 1649 Ausschnitt aus:
2064 1557 3148 1641 Weil Sudermann seiner Einacter-Trilogie einen
1980 1623 3152 1676 gemeinsamen Titel gegeben und einen gemeinsamen Grund¬
1986 1656 3158 1725 gedanken darin zum Ausdrucke gebracht, werden krampfhafte
1980 1710 3159 1783 kritische Versuche gemacht, bei Schnitzler ein gleiches Leit¬
349 1698 810 1816 a# 6½.00
1981 1757 3166 1818 motiv zu entdecken. Können wir uns denn wirklich nicht von
1978 1802 3147 1852 der ewigen Suche nach Anempfindungen emancipiren? Stehen
1979 1850 3154 1906 wir heute vor einem neuen Werke, so fragen wir zunächst
1985 1898 3163 1961 nicht, wie es ist, sondern welchem anderen ist es nachgemacht?
954 1912 1337 1995 Burgtheater.
1981 1946 3159 1996 Ist es denn wirklich ein so reines Vergnügen, derlei Detec¬
1983 1967 3155 2048 tivedienste zu besorgen? Ueberdies sollte man den Willen
653 1949 1766 2057 Die drei Einacter Schnitzters reiht eine Grundstimmung
529 2012 1766 2099 an einander. Das souveräne Spiel der Phantasie wird zur Wirklich¬
2291 2029 3155 2092 den er doch dadurch documentirte,
1976 2024 2307 2085 des Dichters,
534 2063 1758 2108 keit. Der Mensch geht unwissend und verständnißlos durch das ver¬
1984 2071 3156 2136 daß er keinen gemeinsamen Titel zur Anwendung brachte,
530 2089 1758 2168 worrene Leben, dessen Sinn ihm in einer tiefen Stunde zur demüthi¬
1984 2113 3162 2178 auch einigermaßen respectiren. So liegt denn weder ein
526 2135 1766 2192 genden Erkenntniß wird. Paracelsus suggerirt einer Bürgersfrau
1985 2160 3157 2212 äußerer, noch ein innerer Grund vor, die drei Stücke
514 2171 1772 2254 „den sündhaften Traum, in den Armen eines Junkers geruht zu haben.
1988 2197 3150 2256 Schnitzler's anders als auf ihren absoluten Werth zu
513 2213 1767 2278 (Aber die Frau sagt in ihrem hypnotischen Traum viel mehr, als
1983 2251 3158 2322 prüfen, der allerdings recht ungleichartig ist. Er steigt genau
504 2251 1758 2323 PParacelsus ihr in die Seele legte. Aus dem Spiel ist Ernst geworden.
1992 2293 2741 2343 nach der Anordnung am Theaterzettel.
521 2281 1758 2372 In der „Gefährtin“ erjährt ein Mann, der Jahre lang die
2079 2318 3165 2387 „Paracelsus“ bedeutet nicht mehr als die Dramatifirung
522 2322 1753 2381 Liebesbeziehungen zwischen seiner Gittin und einem jungen Manne
526 2379 1767 2445 schweigend geduldet, daß es eine erbärmliche Tändelei gewesen, die
1976 2363 3155 2426 eines hübschen Anekdoteneinfalles, der stark mit psychologischem
518 2408 1752 2475 seine Gattin in die Arme des anderen geführt — er, der Jahre lang
1982 2421 3160 2476 Einschlage versetzt ist. Die Ausführung ist in die Breite
527 2451 1762 2517 den Nichtsahnenden gespielt, muß erkennen, daß er wirklich seine
1987 2461 3159 2512 gerathen, die Verdoppelung der vorgeführten Hypnose schmälert
528 2495 1756 2564 Frau und deren Lieben niemals verstanden habe. Im „grünen
1985 2511 3163 2570 die ohnedies mehr äußerliche Wirkung. Der ganze dumme Be¬
518 2539 1749 2587 Kakadu“ wird die Revolution in einer Wirthsstube gespielt,
1979 2555 3163 2615 sitzerstolz des Waffenschmiedes Cyprian scheint uns des com¬
524 2569 1762 2637 während sie sich draußen wirklich ereignet. Aus diesem Gegensatz
1981 2581 3303 2669 plicirten Apparates nicht werth zu sein, der aufgeboten wird, gelusie
516 2622 1754 2681 zwischen Spiel und Wirklichkeit gewinnen die drei Stücke ihre künst¬
1915 2625 3286 2697 Far um ihn zu brechen. Auch sein Ehegesponsens, das sich durch Ponto.
521 2654 1753 2712 lerische Kraft. Das rundeste, faltenloseste ist das erste; aber es ist
1993 2663 3292 2742 Jahre hindurch begnügt, rein platonisch zu sündigen und Zahlbar
516 2698 1760 2759 trotzdem das wenigst bedeutende. Das zweite spürt den zartesten
3126 2679 3328 2771 im Voraus
1985 2723 3157 2781 deren schließliche Läuterung nicht weiter reicht als bis zu der
517 2723 1757 2798 seelischen Wirrnissen nach, aber es gewinnt nicht den täuschenden Schein
521 2756 1752 2840 des Lebens. Das dritte ist ein grotesker Gedanke, der in einem
1995 2765 3370 2837 Selbsterkenntniß: „Wenn Du mich hütest, kannst Du mirs#e ist dus
513 2814 1760 2881 glänzenden Truc gipfelt; aber man wünschte ihm mehr Verwegenheit!
1975 2809 3366 2882 vertrauen“ vermag uns nicht theaterwarm zu machen. Ueber=sieht es den
511 2848 1745 2910 in der Gestaltung, mehr bunte Fülle und freche Lustigkeit. Die Vor¬
1982 2848 3261 2914 dies sind die Verse des Stückes bis auf die wirklich schönenydern.
512 2892 1750 2956 züge der Stücke lie#en in den Qualitäten, die Schnitzler bisher stets
1994 2906 3153 2956 Gedankenreihen des „Paracelsus“ über das Leben als Spiel
508 2925 1755 2989 dankenswerth bekundete: in der seinen Grazie des Dialoges, in der
1986 2942 3164 2988 in Form und Inhalt etwas stark alltäglich. Sie klingen nicht
523 2966 1744 3034 edlen Wä me der Empfindung, in der Vornehmheit und Klarheit seines
1992 2988 3154 3053 nach in uns, sie haben kaum die Musik einer guten Prosa.
520 3005 1744 3076 Denkens und in der unablässigen Gewissenhaftigkeit der technischen
1988 3035 3153 3101 Auch die Darstellung verdarb Vieles. Einzig Frau Schratt
505 3038 1742 3115 Gestaltung. Gespielt wurde vortrefflich. Sonnenthal fand in
1987 3072 3162 3137 traf den rechten, spießbürgerlich=lieben Ton. Herr Krastell
505 3080 1745 3147 dem zweiten und dritten Act ergreifende Töne; Rober: gab dem
1981 3119 3140 3180 polterte sich wieder einmal aus. Fräulein Häberle und
455 3098 1748 3181 30 Paracelsus seine dämonische Ueberlegenheit; wenn ihm der Künstler
439 3144 1752 3229 100 noch die behagliche Lustigkeit des Quacksalbers liehe, der sich an seinen
1989 3152 3155 3213 Herr Frank erschöpfen ihre ganze Kunst darin — hübschi
434 3189 1744 3270 200 Streichen herzlich freut, wäre das Bild vollkommen. Fein und ange¬
1982 3202 3130 3268 auszusehen. Was soll man schließlich zu dem „Paracelsus“
432 3228 1747 3298 500 nehm war Frau Schratt, voll graziöser Bosheit Frau Mitter=
1997 3236 3155 3305 des Herrn Robert sagen, der über eine hohle Mephisto¬
418 3255 1806 3366 1000 wurzer. Die Herren Hartmann, Krastel, Zeska, Thimig sas
1991 3292 3156 3351 Variante nicht hinauskam und nicht einmal die äußersten
471 3306 1731 3392 inund Treßler durchwärmten ihre Seenen mit ihrem liebenswürdigen
1990 3322 3159 3413 ontouren des überlegenen Humors, der in diesem Großmeister
370 3333 685 3407 honne Humor.
1244 3356 1388 3405 · R .
1434 3356 1808 3422 tt iher- Jan
1991 3388 2735 3443 der Boheme steckt festhalten konnte?
365 3380 1727 3463 boiinenten trei die aufgegebenen Themen zu ergänzen #ller zu ändern.
2084 3413 3171 3483 „Die Gefährtin“ hinterläßt in uns sehr gemischte Ge¬
1986 3457 3151 3522 fühle. Wir können die Bewunderung über die virtuose
1980 3498 3162 3583 Technik des Stückes nicht los werden, so sehr wir uns auch
1979 3539 3158 3617 von den Vorgängen selbst und den Menschen, die sie erleben,
1980 3582 3155 3655 abgestoßen fühlen. Die Scenenführung aber, die Art, in
1987 3635 3159 3683 welcher aus jedem Effecte zwingend der nächst höhere heraus¬
1985 3673 3150 3726 wächst, wird nicht leicht in einem zweiten Stücke gleich treff¬
1983 3711 3155 3764 lich nachzuweisen sein. Wie die ohnedies stark wurmstichigen
1975 3764 3150 3808 Illusionen dieses unglaublichen Herrn Professors über seine
1977 3808 3149 3852 todte Gattin in wenigen Minuten mit stark pointirten Ab¬
1985 3851 3143 3917 sätzen abwärts führen, das ist meisterhaft gemacht. Frau
1995 3895 3147 3941 Eveline betrügt ihn mit seinem eigenen Assistenten, den sie
1984 3925 3146 3998 liebt in ihrer Art. Frau Eveline weiß, daß ihr Geliebter
1994 3979 3147 4042 sich mit einer anderen verlobt hat, ohne daran weiter Anstoß
1981 4023 3153 4077 zu nehmen. Frau Eveline wird nur durch einen vorzeitigen
1987 4051 3162 4119 Tod daran gehindert, doppelten Ehebruch zu begehen. Frei¬
1983 4095 3279 4170 lich kann nur ein so erschrecklich bornirter Edelmüthiger,
2008 4135 2509 4183 mie Siaten Grnfafur auft an
2693 4159 2864 4204 EE
2924 4157 2987 4203 Sa
2571 4159 2636 4206 1
2491 4160 2579 4207 W
