3484 4480
1910 144 2382 230 box 16/1
159 156 1781 266 9. 4. Der gruene kakadu Zyklus
1613 598 2894 665 nur auf der Berger Sommerbühne mit seinem Erstlingswerk „Liebelei“
1447 618 1615 678 l hin¬
1605 639 2908 727 bekannt geworden: schon hier hatte er sich als ein starkes und eigen¬
1458 662 1618 716 umor
1611 682 2916 745 artiges Talent erwiesen, das aber noch nicht ganz ausgereift erschien.
1451 691 1609 758 uspiel
1619 733 2902 780 Diese Unfertigkeit hat der hter in seinem neuesten Werke abgestreift;
1467 741 1610 794 akter¬
1607 766 2903 823 diese Einakter sind abgerundete Kunstwerke, die sich dem Besten, was
1457 773 1622 833 bens¬
1609 796 2905 862 man im letzten Theaterjahr von den Koryphäen des neuen Dramas
1467 823 1610 877 arten,
1611 844 2904 916 gesehen und gelesen hat, kecklich an die Seite stellen dürfen. — Obwohl
1465 861 1618 912 nizstil,
1624 880 2910 942 nicht durch eine gemeinsame Ueberschrift verbunden, wie die bekannten
1452 895 1607 957 afalls
1620 925 2907 980 Einakter Sudermanns. der damit diese Art von Trilogien in Aufschwung
1482 933 1620 989 h an¬
1614 967 2907 1035 gebracht hat, sind auch Schnitzlers Dichtungen durch einen einheitlichen.
1465 977 1614 1027 enden
1619 991 2921 1059 geistlich variirten Grundgedanken zusammengehalten. Es ist der Gegen¬
1449 1014 1615 1069 tilien¬
1629 1030 2915 1102 satz zwischen den Oberflächen und Tiefen menschlichen Seelenlebens, der
1620 1078 2912 1134 in allen drei Stücken wiederkehrt. Das Schauspiel „Die Gefährtin“
1622 1121 2911 1183 zeigt an der Ehestandsgeschichte eines Gelehrten, wie leicht hoher Sinn
1626 1150 2913 1216 sich Tiefen vorsviegelt, wo nur seichteste Oberfläche ist. In dem Vers¬
1625 1190 2908 1249 spiel „Paracelsus“ muß ein Basler Waßenschmied und Rathsherr,
1621 1232 2914 1285 der Typus des platten „gesunden Menschenverstands“ sich überzeugen,
1616 1269 2915 1336 wie auch unter der glattesten Oberfläche oft ungeahnte Tiefen ruhen.
1473 1284 1622 1340 einer
1616 1314 2915 1369 Die Groteske „Der grüne Kakadu“ endlich zeigt an der entarteten
1472 1315 1623 1382 bens¬
1618 1347 2920 1418 Aristokratie der großen französischen Revolution, die ihren blasirten
1469 1363 1613 1415 einen
1628 1384 2908 1449 Geist an den Schauern eines fingirten Verbrecherkellers ergötzt, die Leute,
1478 1405 1622 1462 er“
1613 1414 2916 1505 die, bis der Strudel sie verschlingt, selbst das Grollen der Tiefe nicht
1484 1429 1616 1514 itzen,
1631 1462 2917 1526 anders denn für lustiges Gekräusel der Oberfläche nehmen können.
1632 1501 2922 1563 Alle drei Stücke sind geistreich und tiefsinnig und dramatisch wirksam
1622 1535 2921 1605 gearbeitet. Erst schleppt sich die Handlung ziemlich hin, so das der Zu¬
1622 1565 2927 1644 schauer fast schon ungeduldig wird; dann kommt plötzlich die über¬
1489 1593 1622 1663 enen
1632 1618 2927 1688 raschende Wendung, die bald von einer noch verblüffenderen überholt
1501 1640 1625 1710 yer
1628 1661 2924 1724 wird. Welchem der drei Stücke man den Vorzug geben soll, ist schwer
1628 1700 2927 1759 zu sagen. „Die Gefährtin“ befremdet auf den ersten Augenblick
1501 1654 1612 1781 925
1628 1744 2921 1803 durch den eigenartigen Schluß, der erst nach einigem Nachdenken in
1636 1774 2919 1837 seiner Nothwendigkeit und Folgerichtigkeit erfaßt wird. Das Stück
1496 1794 1620 1866 theit
1630 1822 2919 1876 lehnt sich an und setzt sich zugleich in Gegensatz zu gewissen Ibsenschen
1629 1869 2922 1930 Ideen über die Ehe und kleidet sich dabei in meisterhafter Nachahmung
1638 1896 2918 1963 ganz in die gedämpfte, drückende Stimmung Ibsenscher Stücke. In
1636 1938 2935 1997 glücklichem Kontrast dazu steht „Paracelsus“ mit seinem heiteren
1640 1981 2920 2033 Grundton, seinem versöhnenden Ausgang, seiner feinen Characteristik
1487 1904 1601 2070 dal.
1631 1995 2933 2072 und seinen tiefsinnigen Versen. Von allen drei Stücken spricht dieses
1640 2066 2933 2114 am leichtesten an und fand auch gestern Abend den stärksten Beifall.
1630 2095 2925 2156 Die größte Kunst möchte aber doch in dem Schlußstück stecken, dem
1638 2120 2931 2192 „Grünen Kakadu“. Wie hier in rücksichtsloser Realistik die Fermente
1508 2147 1625 2218 s er¬
1634 2168 2924 2240 geschildert werden, aus denen die Greuel der Revolution sich erzeugen
1503 2204 1627 2255 Das
1640 2212 2939 2278 mußten, wie die ganze Wucht des hereinbrechenden Unyeils in einer
1474 2241 1623 2304 aus“
1640 2249 2929 2311 einzigen Seene zusammengefaßt ist, daß ist in der That bewunderungs¬
1510 2279 1635 2343 Hier
1642 2292 2932 2349 würdig. Inscenirung und Darstellung brachte bei allen drei Stücken
1499 2329 1630 2379 und
1647 2325 2931 2387 voll die Stimmung heraus, die jedem eigenthümlich ist; die schwierige
1643 2376 2939 2426 Aufgabe der Massenscenen im dritten Stück wurde glücklich bewältigt.
1455 2362 1634 2463 führen
1639 2400 2948 2466 Die Novität wurde mit lebhaftem Beifall ausgenommen. Sie verdient
1461 2440 1636 2500 ung zu
1649 2442 2939 2516 daß jeder, der sich für die Entwicklung unserer Litteratur interessirt, sie
1448 2468 1638 2541 Es zeigt
1640 2485 2043 2557 nicht unbeachtet lasse.
1261 2504 1641 2595 ist se. und an¬
2048 2536 2507 2624 „Neues Tageblatt“:
1720 2595 2924 2655 Aus einem tüchtigen Specialarzt für Halsleiden hat sich Dr. med.
1650 2634 2939 2697 Arthur Schnitzler, Wien IX, Frankgasse 1, zu einem gewandten Specialisten
763 2638 1239 2713 „Berliner Courier,
1648 2681 2937 2742 für dramatische Seelenschilderung entwickelt Er ist jetzt auf der Bühne,
420 2687 1640 2752 Max Dreyer's „Hans“ wurde vom hiesigen Publikum freundlich
1645 2723 2931 2771 was er im ärztlichen Sprechzimmer war: ein eleganter Operateur, ein
341 2724 1643 2791 aufgenommen. Zwar war die Stimmung nach dem ersten Akt etwas
1658 2766 2934 2824 geschickter, sicherer Arbeiter. Er beobachtet mit scharfem Auge, untersucht
354 2767 1530 2833 reservirt, dann machte sich aber warme Antheilnahme bemerkbar.
1653 2796 2939 2859 genau und gründlich, notiert das leifeste Zucken, operiert mit leichter
1651 2840 2940 2898 und fester Hand und führt seine klinischen Seelendemonstrationen den
1655 2878 2942 2935 Zuschauern mit geistreichen Erläuterungen vor. Schon vor drei Jahren
1654 2914 2947 2993 hatten wir ihn im Berger Kurtheater kennen gelernt; da deckte er in
1653 2953 2949 3016 „Liebelei“ allerlei krankhafte Zustände und Irrtümer unseres modernen
565 2890 1440 3047 Die Gefährtin.
1661 2999 2944 3047 Gesellschaftslebens mit keckem Griffe auf. Gestern hat er nun im Hof¬
1658 3038 2931 3101 theater neuere Proben seines Könnens gegeben. Die drei kleinen Dramen:
727 3047 1291 3138 Schauspiel in einem Akt
1654 3054 2937 3140 „Die Gefährtin" „Paracelsus“ und „Der grüne Kakadu“
1652 3111 2942 3172 tragen äußerlich kein Zeichen des Zusammenhanges an sich. Sie sind
1652 3145 2954 3208 verschieden in den Motiven und im Gange der Handlung und spielen
1654 3188 2950 3254 in weit auseinanderliegenden Zeiten und Orten. Gemeinsam ist ihnen
681 3100 1351 3284 Paracelsus.
1670 3222 2944 3290 aber der Zug zu den Nachtseiten des Seelenlebens, das Spiel an der
1665 3263 2939 3330 unsicheren Grenze zwischen Traum und Leben, Schein und Sein, Komödie
761 3278 1277 3364 Groteske in einem Akt
1664 3315 2950 3371 und Wirklichkeit. Gemeinsam ist ihnen eine gewisse Dämmerstimmung
1666 3338 2946 3405 und die ungünstige Schilderung des Weibes. Originell und spannend
1674 3383 2947 3448 sind alle drei Stücke. Das erste Stück — „Die Gefährtin“ — ist
1660 3422 2940 3478 eine eigenartige Studie aus dem modernen Eheleben. (Folgt Inhalts¬
436 3341 1576 3514 Der grüne Kakadu.
1665 3467 2939 3534 angabe.) Mit raffinierter Kunst hat Schnitzler den einfachen Stoff zu
1664 3515 2938 3556 einem interessanten Stimmungsbilde gestaltet. Das Halbdunkel, das
472 3507 1546 3603 Groteske in einem Akt von Arthur Schnitzler.
1673 3540 2947 3597 über den Seelen der drei Menschen liegt, die sich hier, am Abend nach
1670 3580 2956 3645 dem Begräbnis der Frau, zum erstenmal rückhaltlos aussprechen, ist
1670 3630 2947 3678 mit all seinen schwankenden Lichtern und Schatten virtuos gemalt. Die
364 3627 1654 3720 Aufführung am Königlichen Hof=Theater in Stuttgart.
1670 3654 2953 3720 wechselnden Stimmungen und Empfindungen in der Seele des Professors
1671 3707 2954 3761 sind fein geschildert. Schlicht und natürlich vollzieht sich allmählich die
1667 3737 2957 3790 Enthüllung der peinlichen Wahrheit. Von den drei Einaktern wirkt
461 3724 1655 3804 Den drei Einaktern ward ein voller unbestrittener Erfolg zu Theil,
1673 3772 2931 3828 dieser erste entschieden am besten. Das zweite Stückchen, „Paracelsus“,
361 3779 1442 3843 über welchen wir die Berichte auszugsweise folgen lassen:
1676 3817 2940 3872 ist durch den Vers über die nackte Wirklichkeitsmalerei herausgehoben.
1680 3847 2960 3915 In keckem Scherz werden darin die zur Kunst ausgebildeten modernen
619 3838 1428 3920 „Staatsanzeiger für Württemberg“.
1682 3894 2953 3951 Versuche mit Hypnose und Suggestion benutzt, um die Thore einer
462 3884 1663 3962 Der gestrige Premieren=Abend mit den drei Einaktern Arthur
1676 3929 2947 3990 Frauenseele weit aufzuschließen. Das originelle Vorspiel versetzt uns in
381 3939 1673 3997 Schnitzlers hat in den Spielplan einen Autor eingeführt, der zu den
1670 3975 2962 4029 die Zeit des Theophrastus Paracelsus Bombastus, des berühmten Ge¬
389 3977 1666 4037 hoffnungsvollsten Erscheinungen der neueren Richtung im Drama ge¬
393 4013 2959 4101 hört. Bisher war der junge Wiener Dichter dem Stuttgarter Publikum] lehrten und Charlatans des 16. Jahrhunderts. Dem anspruchslosen, in
