3436 4256
2093 217 2552 313 box 15/5
1133 233 1206 299 K
314 227 1941 320 9.4. Der Brueneakadu Zyklus
2309 903 2677 988 Telefon 12801.
2996 982 3228 1059 Ausschnitt
2003 973 2950 1072 Unternehmen für Zeitungs-Ausschnitte,
341 1047 971 1147 #nmmmmmmmu
2923 1058 3036 1149 Nr.
3086 1053 3232 1163 38
1787 1075 1883 1169 10
2175 1048 2881 1176 „OBSERVER
842 1134 1184 1233 Telefon 12801.
1757 1171 3220 1237 I. österr. behördl. concess. Bureau für Zeitungsberichte und Personalnachrichten
1538 1227 1709 1306 Ausschi
533 1224 1472 1326 Unternehmen für Zeitungs-Ausschnitte.
2065 1241 2936 1322 Wien, IX/1 Türkenstrasse 17.
318 1241 419 1330 10
2024 1303 2990 1386 Filiale in Budapest: „Figyelö“, VIII. Josefsring 31 a. —
1442 1312 1708 1416 Nr. 9
684 1301 1311 1433 „OBSERVER“
2401 1382 2914 1497 Estrapost, Wis
285 1412 1709 1494 I. österr. behördl. concess. Bureau für Zeitungsberichte und Persogelnachricht
1770 1456 2254 1554 Ausschnitt aus:
582 1495 1460 1567 Wien, IX/1 Türkenstrasse 17.
498 1577 1511 1653 — Filiale in Budapest: „Figyelö“, VIII. Josefsring 31a. —
1778 1589 2231 1695 /3.50
273 1714 753 1804 Ausschnitt aus:
801 1708 1490 1831 Mientager Tuncian, Wien
2283 1749 2768 1853 Bungthealer.
2010 1822 3031 1908 [Drei Einaeter von Arthur Schnitzler.]
280 1836 657 1932 vom 0./ 00
2022 1897 3147 1968 Parazelsus, der berühmte Arzt, welcher die
1894 1957 3134 2004 anderen in Erstannen setzte durch sein Wissen, ist nichts
1908 1986 3136 2056 anderes als der vorgeschrittene, dem stupiden bürgerlichen
1897 2036 3136 2110 Dasein entwachsene Mann, welcher, über den Dingen des
871 1969 1304 2118 Theater.
1910 2107 3139 2149 Lebens und der Seele stehend und außerhalb, in
819 2116 1344 2207 Hof=Burgtheater.
1912 2125 3144 2192 Folge dessen ein sicherer Erkenner, ein milder gütiger
1902 2173 3137 2244 Beurtheiler, ein Arzt der kranken Seelen werden kann.
583 2188 1690 2245 Arthur Schnitzler kennt die Frauen, darum läßt er kein
462 2237 1689 2296 gutes Haar an ihnen. Vorige Woche hat er uns an einem Abende
1901 2228 3146 2307 Er sieht im Hause seines Gastgebers in Basel die Frau
473 2279 1693 2336 gleich drei Exemplare von Ehebrecherinnen aus verschiedenen Zeiten
1911 2273 3158 2353 desselben und einen schönen ritterlichen Jüngling. Im:
476 2322 1686 2373 vorgeführt. Die erste bricht die Ehe blos in Gedanken. Das
1917 2325 3154 2390 Augenblicke spürt er das Natur=Nothwendige und Unent¬
464 2343 1700 2410 ist Jnstina, die Gattin des Waffenschmieds Cyprian, welcher
1909 2378 3158 2466 rinnbare der Seele, das ungeborene Sein der Liebe
463 2398 1693 2459 der bekannte Theophrastus Paracelsus mit Hypnose und Suggestion
468 2437 1703 2489 ihr sündhaftes Gedankengeheimniß entlockt. Von dem nur sehr mäßig
1912 2429 2742 2499 zwischen dem Jüngling und der Frau.
473 2477 1697 2526 beklatschten Einacter „Paracelsus“ geht Herr Schnitzler zu der
2033 2483 3160 2542 In feiner ansprechender Art wird nun dem in
475 2511 1707 2565 „Gefährtin“ über, welche bei dem bloßen Gedanken nicht stehen
1908 2502 3162 2606 Sicherheiten dahinprotzenden Gatten durch Parazelsus ein
472 2556 1690 2610 geblieben ist und als Gemalin des schon bejahrten medicinischen
1911 2590 3197 2647 Einblick in das complicirte, vielfältige und überzartesg
467 2585 1703 2649 Professors Pilgram zugleich die Geliebte seines Assistenren war, uns
472 2630 1698 2681 aber durch ihren Tod den Anblick ihres niederträchtigen Ichs erspart
1911 2622 3198 2682 Seelen=Weben einer Frau gewährt, welches nicht mit deri##
463 2673 1701 2721 hat. Den alten Professor ärgern nicht so sehr die Hörner, die sie
1908 2668 3185 2736 Gatten=Liebe anzufangen pflegt und nicht zu enden, wolg
466 2721 1702 2763 ihm aufgesetzt, als der jetzt hervorgekommene Umstand, daß ihr die
1921 2714 3195 2792 aber durch einen weisen, gütigen und milde beobachtendeno
471 2747 1697 2805 anderweitige Verlobung des jungen Ehebrechers bekannt war, weß¬
1921 2771 3198 2836 Herren sanft geleitet und zu festerem Frieden gebrachts#
468 2779 1692 2842 halb er den Schandbuben aus seinem Hause jagt, was er aber frei¬
469 2825 1702 2881 lich schon viel früher hätte thun sollen. Die dritte Ehebrecherin fühlt
1925 2826 3175 2904 werden könnte. Das Ganze ist ein hübscher feiner Vor=(
476 2868 1698 2916 sich durch ihre Heirat mit einem Schauspieler so wenig genirt, daß
1925 2879 3171 2940 wurf, ansprechend durchgeführt. Gespielt wurde er ziem=
471 2907 1702 2970 sie sich ohneweiters dem Herzog von Cadignan hingibt, worauf der
1926 2916 3189 2985 lich uninteressant. Herr Krastel war gut. Frln. Häberlei(
462 2947 1691 3002 Komödiant ohne viel Umstände Seine Gnaden den Herzog nieder¬
1928 2965 3165 3032 war sehr lieb. Sie ist immer sehr lieb und anziehend.
469 2996 1690 3043 sticht. Diese rächende That begibt sich im Grünen Kakadu“
1840 3008 1926 3075 Für
2034 3015 3218 3084 Ueberhaupt, zu diesem zarten Stücke: Paracelsuslge
470 3026 1690 3095 wo das elendeste Schauspielergesindel dem bohen Adel die unter¬
468 3059 1095 3137 haltendsten Verbrecher vorspielt.
1902 3053 3237 3144 kkönnte man noch folgende Bemerkung machen: Männer, pr.
591 3103 1697 3170 Ueber die Aufführung läßt sich nur Gutes sagen. Im „Para¬
1920 3114 3189 3177 Brutale, wachet auf! Werdet Hell=Sichtige! Nicht um die
472 3144 1712 3206 celsus“ waren die Herren Robert und Krastel, dann Frau
1927 3165 3148 3229 („äußeren Dramen“ handelt es sich im Leben der
480 3199 1710 3247 Schratt die köstlichen Interpreten der Schnitzler'schen Ehebruch¬
1934 3224 3277 3276 edlen Frauen, sondern um die „inneren ver=# den¬
480 3232 1706 3280 Phantasie. Herr Robert war ein wahrhaft klassischer Paracelsus,
1839 3226 1943 3309 Abor
327 3248 424 3311 Für
424 3257 1715 3332 50 dem wohl Niemand diese Rolle nachspielt. In der „Gefährtin“ schlug,
1946 3263 3142 3332 schwiegenen Dramen“ ihrer süßen milden Seelen.
1853 3298 1950 3365 Abo.
414 3303 1713 3373 100 Herr Sonnenthal so rührende Töne an, daß er den gehörnten,
1937 3309 3146 3379 Nicht das „Geschehnis“, welchem Ihr beikommen
404 3348 1730 3419 200 Professor vor dem Schicksale der Lächerlichkeit glücklich bewahrte, u“
1941 3353 3144 3439 könnt, das „Ungeschehnis“ dieser Seelen ermordet
395 3387 1702 3424 500 während Herr Zeska durch seine Nichtigkeit die Schuld der ver¬
1936 3414 2453 3489 Euer Glück, Männer!
356 3429 1771 3482 „ 1000 storbenen Frau noch um ein Ansehnliches vergrößerte. „Der grüne ##
2044 3432 3146 3516 Ihr aber sagt: „Entschuldigen Sie vielmals,
452 3473 1776 3532 iKakadu“ vermochte sich nicht ganz vor der Opposition zu retten, den
338 3502 1693 3553 Abonneldie zuletzt schon recht vernehmlich wurde. Herr Sonnenthal war
1924 3505 3097 3570 Parazelsus, die „inneren Tragödieen“ meiner Frau genir
331 3548 1700 3598 Abonnetals Henri der Retter des Stückes, das Herrn Schnitzler wie hätte
1935 3565 2820 3646 mich nicht; wenn sie nur nach außen hin
473 3586 1699 3632 einfallen sollen. Herrn Reimers gönnte man es, daß er jählings
2045 3610 2850 3674 Die Gefährtin. Ein einfaches
465 3629 867 3693 todtgestochen wurde.
1924 3650 3136 3724 Gatte steht an der Bahre einer Gattin, welche er längst
586 3649 1708 3734 Immerhin scheint das Burgtheater an den drei Einacterns
1929 3701 3139 3783 verloren hatte, an einen Anderen. Der „Weisheits=reiche“.
476 3714 1694 3770 eine Erwerbung gemacht zu haben, die über einige Abende hinweg¬
466 3753 1700 3799 helfen wird. Große dichterische Begabung aber hat der Autor durch
2199 3743 2985 3822 rechtet nicht, er erkennt, erspart
463 3786 1277 3866 diese drei Ehebruchs=Komödien nicht gezeigt.
2438 3803 3180 3866 ##nen die Unabwendbarkeiten der¬
2265 4139 2373 4207 T
