3436 4256
-22 1216 56 1265 b
1982 141 2445 246 box 16/1
225 162 474 257 9. 4
460 140 1847 279 ber gruene Kakadu  Zuklus
190 592 3258 667 von be-sieht nicht alle Tage einen wirklichen Herzog wirklichkeit von ihr zu fordern, als sie je geflegt. Und das Herrn Horvath, und die Inscenirung war ihm gus
188 648 3233 716 erliefung,ermorden.“ Inzwischen ist die Bastille erstürmt, und erzählt sie denn dem Gatten, daß sie Paracelius einst gelungen; was den „Grünen Kakadu“ aubelangt, so
186 694 3243 752 d gewal= das Volk, von dem neue Schaaren auch in Prospère's geliebt, daß nun sie Junker Anselm zugethan war, war das angeschlagene Tempo außerordentlich lebhaft,
198 739 3243 801 Gemüth! Keller stürzen, rufen begeisterungentflammt: „Es aber ihm doch widerstanden habe; daß Cyprian sie aber gerade so dürfte Schnitzler sich die Aufführung
185 774 1329 834 Darlegung lebe die Freiheit!“ Die Marquise aber bestellt sich
1316 787 2278 842 gut bewachen solle, um sie als sein braves Weib zu
2268 787 3235 852 seiner Groteske, wie er diesen Einacter bezeichnet,
184 812 1335 876 it seinen ihren Liebhaber: „Rollin, warten sie heut' Nacht
1319 834 2274 886 halten. Paracelsus macht sich nunmehr auf den
2267 835 3244 882 selbst gedacht haben. Die Arrangements für die
179 859 389 939 em Ent¬
369 868 1320 925 vor meinem Fenster; ich werfe den Schlüssel hinunter,
1320 874 2278 927 Weg; der Bann, von dem Justina umfangen ist,
2257 874 3242 940 Massenwirkungen ließen eine außerordentlich kundige
184 904 397 976 hen Ver¬
375 916 1337 976 wie neulich.“..... Es ist ein Stück von außerordent¬
1325 913 2261 974 weicht; erstannt fragt man den Zauberer noch, ob es
2263 923 3237 984 und geschickte Hand erkennen, die im „Grünen
220 963 1330 1024 grüne licher Echtheit in Ton und Farbe, und darin besteht sein
2262 965 3232 1039 Kakadu“ mit besonderer Lust und Liebe zu walten
1325 962 2260 1019 Ernst, ob's Spiel war, was er that, der aber sagt,
180 997 382 1059 les Bild
2256 1008 2423 1083 schien.
378 1001 1336 1058 unzweifelhafter künstlerischer Werth, viel weniger oder
1324 1008 2267 1080 wie folgt, und giebt damit die Quintessenz des Stückes,
197 1050 1330 1114 stürmung gar nicht in dem Effect, den es durch rohe Massen¬
1325 1049 1966 1117 das in Versspielform gehalten ist:
2285 1024 3243 1111 Das Haus war sehr gut besetzt; das Gros des
363 1080 1340 1148 wirkungen und stärkste Arzneien hervorbringt, abgesehen
1349 1079 2232 1154 Es war ein Spiel! Was sollt' es anders sein?
2231 1078 3228 1150 Publicums nahm die Stücke mit starkem Beifall auf;
190 1122 1334 1201 gen, wasdavon, daß z. B. die Figur des Henry ungemein ver¬
1335 1128 2240 1212 Was ist nicht Spiel, das wir auf Erden treiben,
2231 1143 3235 1200 einige Wenige schienen durch die einigermaßen sensa¬
192 1180 387 1244 icht über
369 1180 1327 1240 innerlicht ist, und in ihren Grundzügen, speciell in ihrer
2247 1172 3243 1248 tionelle Wirkung der Einacter, namutlich des letzten,
1324 1169 2192 1246 *Und schien es noch so groß und tief zu sein!
281 1232 1331 1285 als Zusammenstellung mit Leöcadie und dem Herzog,
1336 1229 2174 1290 Mit wilden Söldnerschaaren spielt der Eine,
2252 1220 3252 1305 so überrascht zu sein, daß sie glaubten zischen zu
200 1266 1344 1319 und als denselben Charakter trägt, wie fast alle Hauptfiguren
2272 1269 2431 1341 müssen.
1345 1275 2213 1347 Ein And'rer spielt mit tollen Abergläub'schen;
195 1297 1347 1376 tets von der Schnitzler'schen Comödien, — den Charakter, der
1346 1321 2199 1390 Vielleicht mit Sonnen, Sternen irgendwer, —
189 1351 380 1417 en höchst
372 1359 1337 1436 sich aus der Collision legitimer und illegitimer Ver¬
1333 1352 2133 1424 Mit Menschenseelen spiele ich. Ein Sinn
207 1400 382 1461 „Para¬
363 1394 712 1464 hältnisse ergiebt.
1344 1405 2174 1474 Wird nur von dem gefunden, der ihn sucht.
200 1442 383 1506 auf der
396 1433 1335 1509 Dieses letztere Thema wird durch Schnitzler
1350 1443 2161 1514 Es fließen in einander Traum und Wachen,
193 1487 371 1553 en Seite,
371 1492 1334 1552 auch in der „Gefährtin“ vartirt. Hier stellt der Ver¬
1347 1485 2195 1564 Wahrheit und Lüge. Sicherheit ist uirgends.
197 1538 1341 1606 hervorge=fasser einen Professor auf die Scene, dem seine Frau
1344 1530 2235 1613 Wir wissen nichts von Andern, nichts von uns.
342 1583 1338 1644 gestorben ist, von der er seit Langem gewußt hat, daß
1340 1585 2166 1634 Wir spielen immer; wer es weiß, ist klug.
183 1625 1334 1684 rmaligen sie in seinem Assistenten einen Liebhaber hatte, ohne
1334 1630 2293 1706 Den Sinn des Stückes zu finden, war nicht schwer,
194 1678 1327 1741 geführt; daß er sie deshalb von sich zu stoßen den Drang
1317 1681 2291 1750 auch ohne Paracelsus' Deutung; aber er hätte durch
182 1714 1333 1768 eriebener verspürte. Nein, er wartete vielmehr darauf, daß
1313 1720 2290 1788 die Aufführung noch klarer zu Tage treten können,
194 1763 1327 1816 iedrigsten Beide vor ihn treten und die Freigabe der Frau
1324 1764 2294 1832 wenn dieselbe in Einzelheiten characteristischer
186 1806 1330 1867 Aumoral. verlangen sollten, damit sie ihrer Liebe leben könnten,
1329 1805 2291 1870 gewesen wäre. So hätte Herr Otto, als Waffen¬
188 1864 2294 1898 vorstand, da das junge Weib ihm, dem alternden Manne, doch schmied Cypriau im Allgemeinen eine vortreffliche
183 1897 2281 1950 in eigen-keine innere Neigung mehr entgegenzubringen ver= Erscheinung, die jedoch den Fehler hatte, zu sympa¬
189 1926 2295 1997 fieiren, möchte. Nun muß er erfahren, daß die Verstorbenethisch zu sein, unseres Erachtens mehr die Beschränkt¬
193 1974 2295 2053 en, nein, nicht nur ihm untreu gewesen, sonhern daß sie auch heit des engherzigen behäbigen Philisters unterstreichen
191 2026 2304 2101 chern jeg= dem Assistenten ihres Mannes so wenig treu dürfen, dem erst durch Paracelsus' Werk die Augen
187 2073 1907 2130 ehung zu zu sein gedachte, wie sie von demselben, der aufgeh'n, wie er selbst gesteht:
188 2107 1343 2171 ung der sich jetzt eben verlobt hat, Liebe und Treue
1390 2098 2167 2181 Das, was ich heut geseh'n, für alle Zeit
187 2154 1331 2216 er; und verlangte. Sie stand also noch Anendlich tiefer als
1391 2154 2221 2215 Soll's mich vor allzu großem Stolze hüten;
200 2207 1336 2263 Mörder der Professor geglaubt und geduldet hatte, ohne ihr
1386 2208 2223 2273 Es war ein Spiel, doch fand ich seinen Sinn
200 2249 1340 2302 ts beför- zürnen zu können, da er sich keinen Illusionen
1386 2249 2170 2296 Und weiß, daß ich auf rechtem Wege bin.
196 2289 1340 2361 ssen hat, hingab und schon bei seiner Verheirathung
1330 2268 2304 2351 Dieser rechte Weg aber soll im Gegensatz stehen zu
199 2341 2301 2394 wonne= überzeugt war, nur ein, höchstens zwei Jahre ehe-dem bisher beschrittenen unrichtigen, und diesen
209 2381 2296 2439 Locale lichen Glückes erhoffen zu dürfen. — Es ist ein Wandel ließ das Spiel des Künstlers uns vermissen.
211 2425 2291 2481 anderen ergreifendes Seelengemälde, dem Schnitzler überaus Auch Herr Kirch als Paracelsus war nicht völlig ein¬
207 2474 2313 2535 ie über=feinsiunig Gestalt gegeben, weitaus gedankenreicher wandsfrei;wiewohler in Gestalt und Maske ausgezeichnet
205 2511 2307 2575 en nach= noch aber ist der „Paracelsus“. Der also genannte wirkte, meinen wir, hätte entweder der Charakter des
201 2553 2295 2617 eben, ist Zauberer und Medicus Theophrastus Bombastus tragischen Liebhobers mit einem Stich ins
208 2594 2307 2670 n fin de Hohenheim, modellirt nach dem bekannten Mephistophelische oder aber der des Intriguanten
186 2643 1338 2715 ich ihnen Schwyzer Arzt und Naturforscher, ist nach
1318 2647 2288 2698 mit einem Auflug von Tragik, einer
193 2681 2299 2757 auch nicht seiner Heimathstadt Basel zurückgekehrt (das dieser Züge aber auf das Deutlichste in die Erscheinung
187 2727 2292 2805 nes jeuer Stück spielt zu Beginn des 16. Jahrhunderts) treten müssen, während Herr Kirch uns zu schabionen¬
192 2777 2286 2849 Dirne ge= und kommt in's Haus des biedern Waffen= haft dünkte und scheinbar auch den Text nicht ganz
223 2836 2303 2893 sie ge=schmiedes Cyprian und seiner Gattin, die Paracelsus beherrschte, sodaß der Souffleur zu sehr in Thätigkeit
206 2867 1328 2927 sich hat, einst geliebt, ohn' selbst zu wissen, wie sehr er in
1327 2872 2293 2924 zu treten hatte. Brillant war der Doctor Copus des
200 2912 1336 2961 auf dem das Herz des schönen Mädchens eingedrungen war.
1317 2911 2302 2971 Herrn Mylius, gut, aber nicht ganz einheitlich im
197 2958 2300 3017 ich seinen Der protzigen Behäbigkeit des Cyprian spielt nun Styl die Justina Frl. Bauers, sehr anmuthig und ge¬
200 3000 2291 3064 père noch Paracelsus einen argen Streich. Zuvörderst sagt wandt Frl. Saugora als Cäcilia und recht ansprechend
288 3035 576 3117 tritt er ihm:
1316 3042 2297 3099 der Junker Anselm des Herrn Alving. Was die
190 3044 257 3112 se
439 3067 1242 3157 Von Neuem immer, seh' ich solche Frauen,
278 3087 396 3150 h der
200 3094 268 3154 na
1317 3081 2294 3160 Aufführung der „Gefährtin“ anbelangt, so zeichnete
448 3142 1221 3192 Geschaffen, hohen Menschen Glück zu sein,
1325 3141 2299 3186 Herr Otto sich hier als Professor Pilgram durch
213 3141 388 3201 bGenug¬
1326 3182 2295 3243 seelenvolles Sviel von reicher Innerlichkeit aus, und
198 3184 394 3253 hr Herzog
440 3171 1281 3236 An einen Gauch, wie Ihr seid, weggeworsen,
203 3228 385 3286 die ver¬
457 3228 1306 3285 Erbittert mich's auf's Neu! Und nun gar die,
1295 3206 2295 3290 in Frau Otto=Körner als Olga hatte er eine hervor¬
1308 3263 2290 3334 ragende Partnerin, die ausgezeichnet auch nachher
442 3270 1196 3319 Die einst von Paracelsus ward geliebt,
204 3268 394 3340 packt ist.
1312 3316 2293 3385 im „Grünes Kakadu“ die von der vorgenannten so
443 3300 1314 3380 Und die man — wohlberathen — Euch gegeben,
246 3317 391 3385 heute
437 3362 1221 3407 Als wär' ein Mädchenloos damit erfüllt.
1304 3345 2293 3428 grundverschiedene Rolle der Marquise von Lausac
182 3355 391 3418 Mhrt, mnt
408 3377 1333 3464 Und Cyprlau erwidert höchst verächtlich: „Ja,
203 3403 400 3464 während
1318 3400 2287 3462 spielte. Im Uebrigen gab hier Herr Horvath als
195 3440 2286 3504 zu lassen mir; nicht einem Habenichts, wie Euch! Dergleichen Heury eine Glanzrolle, die das große Können dieses
206 3482 2286 3558 von be- Mädchen sind für Unsereinen!“ Da führt nun Para=] reichveranlagten bedeutenden Künstlers von Neuem
194 3531 2292 3595 nenseize, celsus seinen Plan zu Ende; er hypnotisirt Justina ins hellste Licht setzte. Frl. Bauer###r eine sehr gut
231 3580 2299 3652 ersten und läßt sie ihrem Gatten sagen, daß sie mit Junker aussehende Lescadie und charakterisirte dieselbe auch
1327 3624 2289 3678 mit ziemlicher Naturwahrheit, wenn sie auch an Rea¬
188 3610 1336 3693 eisterlich, Anselm sich gegen ihn vergangen, und soweit führt
197 3671 2284 3732 b's nicht der Zauberer deu Streich, daß Cyprian an Justina listik z. V. durch Frau Sorma wohl noch übertroffen
1314 3718 2288 3771 worden wäre. Sehr gut war der Prospère des Herrn
194 3715 1326 3780 hrt. Das ernstlich zweifelt, wiewohl er wissen müßte, daß
197 3763 2288 3820 nd nun Alles Paracelsus' Werk, der badurch für das ihm ge= Scholz, ein veristisches Cabinetstück der Strolch Grain
204 3802 2284 3870 Gast den thane Unrecht sich rächen will, daß er dem Cyprian des Herrn Auspitz, Frl. Sangora als Michette eine
1313 3832 2290 3911 auschmiegliche kleine Katze, Herr Kirch ein eleganter
188 3847 1336 3919 men, der dem Glauben an die Treue der Gemahlin nimmt.
203 3888 2233 3942 Worte Schtießlich jedoch läßt er sich erweichen, hebt den und temperamentvoller Herzog von Cardignan 2c.
183 3909 2312 4008 ar; man Baun, in dem Justina liegt, um größere Wahrhaftig= Die Regie aller drei Stücke lag in den Händen des
