3484 4352
749 160 1308 235 ruene Kakadu
515 175 636 239 er
241 174 1295 270 9. 3  eeechenecee
1469 152 1878 236 box 15/3
2255 103 3101 148 her fuce is the sudden revelation of woman.
2235 142 3106 182 So that when Higgins comes in furious search
2225 179 3105 216 of his wife big Jim knocks him about a bit
2236 214 3115 265 loi a change. Then whien the husband is out
2230 258 3107 304 of the way he proposes that they shall live to¬
2228 303 3105 348 gether, and is almost eloquent in his new¬
2236 333 3105 380 found passion. She consents, but the pride
2958 373 3110 416 strong
2234 371 2890 417 of being a Prespectable voman“
2220 396 3109 448 upon her, and she steals back to Bill Higgins.
2229 441 3110 480 That individual, although he wants her back
2227 479 3108 538 badly, is inflamed now by jealousy, and she
2226 521 2942 582 flies from him again and back t0 Jim.
2386 568 2932 653 SIGNIFICANT ACTING.
2267 630 3114 695 It is here that we have a magnificant piece
2235 681 3124 733 of acting. They discuss their miserable posi¬
2235 721 3103 770 tion, and we see that Jim is immediately
2228 759 3112 803 iealous and distrustful that she went back to
2236 787 3116 850 her husband at all. There have been hints
2229 822 3113 887 before that Jim is a queer fellow. Now under
2222 879 3105 919 the stress of his first emotion we secm to see
2236 898 3117 953 his mind snap. He realises the miserable
2221 947 3112 993 position of the woman, thrown out again by
2233 989 3118 1039 her drunken brute of a husband, and now sus¬
2230 1032 3115 1076 pected a little, against his will, by himself,
2226 1063 3106 1121 the man who wanted to protect her. One can
2233 1098 3108 1147 see the craziness working in his face. There
2220 1147 3110 1188 is only one way out with a woman with her
2229 1178 3116 1233 back to the wall, and he supplies it. He pieks
2233 1207 3115 1255 up a knife from the table and stabs her as
2227 1257 3062 1293 she gives him his first caress from woman.
2266 1277 3112 1340 Mr. Norman MeKinnel was splendid as the
2226 1332 3112 1382 bemused Jim, and Miss May Blayney as Liz
2230 1355 3117 1425 Higgins gave a piece of restrained, „perfect
2218 1403 3114 1461 character acting, with every little point made,
2228 1446 3114 1506 such, as is rarely seen on the stage. In the
2229 1476 3110 1534 tinal sceno the madness gradually ereeping
2235 1517 3119 1577 over Jim's face andthe bewilderment and then
2226 1554 3105 1617 terror over hers were very finely rendered.
2233 1591 3102 1662 Mrs. Ada King as a sort of female Caliban,
2227 1616 3110 1674 keeper of the“ doss-house, and Mr. Edmond
2230 1669 3109 1716 Breon as the cowardly and blustering Bill
2235 1704 3116 1759 Higgins, were bothexcellent. The piece itself
2226 1747 3113 1800 was very warmly received. It seemed a pity
2229 1782 3116 1823 that the author could find no way out except
2231 1822 3109 1867 the table knife, but that was how poor Jim
2220 1858 3116 1920 saw the situatien. In a way, it is too much
2224 1901 3106 1939 toask us to believe that thersituation would
2226 1936 3107 2003 have turned Jim’s head, but Mr. Mekinnel
2236 1975 2889 2028 certainly rcalised it on the stage.
2270 1999 3113 2065 The second piece was Arthur Schnitzler’s
2226 2030 3093 2092 brilliant“ grotesque?'“ The Green Cockatoo,
2225 2078 3119 2143 and from low life in London to-dav we were
2233 2123 3128 2170 taken to low life in the Paris of 1789. Thie
2232 2168 3126 2208 one-act play' of Selinitzler’s has already been
2226 2206 3113 2257 deseribed in 7he Standard, at the time of its
2226 2235 3110 2294 performance by the Incorporated Stage Society
2229 2279 3116 2323 nearly a year ago, but it will be as well to
2220 2317 3121 2374 record again its main outlines. The scene
2226 2354 3110 2396 passes in an underground den, half tavern,
2222 2393 3091 2440 half theatre, called“ The Green Cockntoo,“
2222 2422 3122 2473 wiiere amid realistie surroundings tbe
2224 2459 3115 2515 fashionables of the day come to quiz at
2220 2508 3109 2560 a tattered crew of actors who pretend to be
2223 2539 2447 2598 eriminals.
2472 2573 2861 2655 THE TRAGEDT.
2253 2639 3094 2699 The best ofthe barnstorming crew is Henry,
2256 2684 3124 2742 1 genius in bis way, who has just married
2218 2737 3107 2780 Léocadie, an actress of generous amours.
2228 2765 3114 2820 Henry comes in and recites, to the general
2222 2804 3129 2861 horror, how he has just killed the Duc de#
2225 2835 3110 2893 Cadignen because he discorsted him in his
2235 2879 3129 2949 wife's dressing-room at the Porte St. Martin
2219 2923 3105 2954 Theatre. The spell of horror is broken by
2228 2958 3097 3002 the entrance of the Duke, and everybody,
2222 2997 3112 3044 nobleinen, noble dames, and tatterdemalions,
2222 3030 3113 3082 rcalise that it was only Henry's little joke—
2232 3065 3114 3110 bat a brilliant one. But at the same moment
2231 3099 3125 3175 Heurg roalises that what he has heent joking“
2225 3147 3105 3183 about is true in fact, and he stabs the Duke
2233 3181 3106 3239 ##st as the rabble burst in from theitaking #f.
2225 3212 3105 3270 the Bastille. And the curtain comes down
2227 3258 3102 3308 on the nobles fighting their way öut of the
2227 3297 3107 3339 cellar, the whole big joke of the crew wlio
2216 3327 3108 3391 asactors have been wont to spit ät the amused
2218 3371 3081 3431 aristocrats suddenly turned to grim reality.
2256 3412 3130 3459 Unfortungtelcouldnot holpramur¬
2206 3445 3113 3498 ing last night’s performance with the previons
2221 3483 3095 3535 oue, and it suffered by that comparisen in all
2226 3523 3111 3580 points. Theremuch sheuting, sothat
2218 3560 3109 3611 the rather inverged action of the piece was
2228 3590 3104 3656 obscured. The stage also is hardly big enough.
2220 3632 3111 3700 for whet has to take place on it. But ihose
2220 3674 3086 3709 who did not see the firstsperformance will no
3013 3697 3105 3762 nan
2228 3707 2973 3748 doubt enjoy this oue very much Mr. N
2222 3750 2840 3805 Mekinnel played Henrebut
2227 3791 2898 3841 realise the quaint mixturesof
2222 3800 3027 3873 braggadocio in the part as Mr. Léon Quer
2224 3858 3114 3909 maine did. Mies Sarah Brocke, Mr. Maleolm
2219 3900 3104 3964 Cherry. and others werc very good as tie
2212 3942 2516 4012 aristocrats.
