<?xml version="1.0" encoding="UTF-8" standalone="yes"?>
<PcGts xmlns="http://schema.primaresearch.org/PAGE/gts/pagecontent/2013-07-15" xmlns:xsi="http://www.w3.org/2001/XMLSchema-instance" xsi:schemaLocation="http://schema.primaresearch.org/PAGE/gts/pagecontent/2013-07-15 http://schema.primaresearch.org/PAGE/gts/pagecontent/2013-07-15/pagecontent.xsd">
    <Metadata>
        <Creator>prov=University of Rostock/Institute of Mathematics/CITlab/Gundram Leifert/gundram.leifert@uni-rostock.de:name=ONB_Newseye_GT_M1+(htr_id=10810)::::v=2.4.2
prov=University of Rostock/Institute of Mathematics/CITlab/Tobias Gruening/tobias.gruening@uni-rostock.de:name=de.uros.citlab.module.baseline2polygon.B2PSeamMultiOriented:v=2.4.2
prov=University of Rostock/Institute of Mathematics/CITlab/Tobias Gruening/tobias.gruening@uni-rostock.de:name=/mnt/transkribus/LA/DEA/URO/LA_news_onb_att.pb:de.uros.citlab.segmentation.CITlab_LA_ML:v=2.4.2
Transkribus</Creator>
        <Created>2019-10-07T11:44:10.145+02:00</Created>
        <LastChange>2019-10-09T00:24:16.202+02:00</LastChange>
        <TranskribusMetadata docId="223987" pageId="9504774" pageNr="702" tsid="16617626" status="IN_PROGRESS" userId="40391" imgUrl="https://files.transkribus.eu/Get?id=HFGUGCUDWANIJAZETOJFJAXR&amp;fileType=view" xmlUrl="https://files.transkribus.eu/Get?id=CMBMHOOJAEVPCZDQHEYFDULH" imageId="6194988"/>
    </Metadata>
    <Page imageFilename="223987_0702.jpeg" imageWidth="3484" imageHeight="4480">
        <ReadingOrder>
            <OrderedGroup id="ro_1711447606660" caption="Regions reading order">
                <RegionRefIndexed index="0" regionRef="r1"/>
            </OrderedGroup>
        </ReadingOrder>
        <TextRegion orientation="0.0" id="r1" custom="readingOrder {index:0;}">
            <Coords points="719,88 719,3807 1984,3807 1984,88"/>
            <TextLine id="r1l1" custom="readingOrder {index:0;}">
                <Coords points="718,140 1824,128 1891,124 1891,83 718,100"/>
                <Baseline points="726,129 783,127 841,126 899,124 957,123 1015,122 1073,122 1131,121 1189,121 1247,120 1305,119 1362,119 1420,118 1478,118 1536,117 1594,116 1652,115 1710,114 1768,113 1826,112 1884,110"/>
                <TextEquiv>
                    <Unicode>nun, dass sie noch rein von Schuld, fürchtet aber, dem Liebes¬</Unicode>
                </TextEquiv>
            </TextLine>
            <TextLine id="r1l2" custom="readingOrder {index:1;}">
                <Coords points="721,170 1646,180 1862,166 1895,129 720,141"/>
                <Baseline points="729,175 790,174 851,172 912,171 973,170 1034,169 1095,168 1156,168 1217,167 1278,166 1339,166 1400,165 1461,164 1522,163 1583,162 1644,161 1705,159 1766,158 1827,156 1888,154"/>
                <TextEquiv>
                    <Unicode>werben des schmucken Junkers Anselm ebensowenig noch weiter¬</Unicode>
                </TextEquiv>
            </TextLine>
            <TextLine id="r1l3" custom="readingOrder {index:2;}">
                <Coords points="726,213 1888,219 1887,166 1837,164 725,187"/>
                <Baseline points="733,221 790,219 847,218 905,217 962,217 1020,216 1077,215 1134,214 1192,214 1249,213 1307,212 1364,212 1421,211 1479,210 1536,209 1594,208 1651,207 1708,206 1766,205 1823,204 1881,202"/>
                <TextEquiv>
                    <Unicode>hin widerstehen zu können, als sie einstens Paracelsus von sich</Unicode>
                </TextEquiv>
            </TextLine>
            <TextLine id="r1l4" custom="readingOrder {index:3;}">
                <Coords points="712,272 1860,262 1897,193 711,240"/>
                <Baseline points="719,269 777,266 836,265 894,264 953,262 1012,261 1070,260 1129,260 1187,259 1246,258 1305,258 1363,257 1422,257 1480,256 1539,255 1598,254 1656,253 1715,252 1773,251 1832,248 1891,246"/>
                <TextEquiv>
                    <Unicode>gewiesen hätte, wure er nur zur rechten Zeit in ihre Arme</Unicode>
                </TextEquiv>
            </TextLine>
            <TextLine id="r1l5" custom="readingOrder {index:4;}">
                <Coords points="723,317 1848,323 1887,316 1887,260 723,283"/>
                <Baseline points="731,311 788,309 845,307 903,306 960,305 1018,304 1075,304 1132,303 1190,303 1247,302 1305,302 1362,301 1419,301 1477,300 1534,300 1592,299 1649,298 1706,297 1764,296 1821,295 1879,293"/>
                <TextEquiv>
                    <Unicode>geeilt. Cyprian macht sich die unangenehme Lehre zunutze</Unicode>
                </TextEquiv>
            </TextLine>
            <TextLine id="r1l6" custom="readingOrder {index:5;}">
                <Coords points="714,369 1650,367 1873,323 713,330"/>
                <Baseline points="721,360 778,358 835,356 892,354 949,353 1007,352 1064,351 1121,350 1178,350 1235,349 1293,349 1350,349 1407,348 1464,348 1521,347 1579,346 1636,346 1693,345 1750,343 1807,341 1865,339"/>
                <TextEquiv>
                    <Unicode>und verspricht, sein Weib künftiger sorgsamer zu hüten. —</Unicode>
                </TextEquiv>
            </TextLine>
            <TextLine id="r1l7" custom="readingOrder {index:6;}">
                <Coords points="724,400 1902,402 1901,354 1857,344 724,365"/>
                <Baseline points="732,405 790,405 848,404 906,404 964,403 1022,403 1080,402 1138,401 1196,401 1254,400 1313,399 1371,398 1429,397 1487,397 1545,396 1603,395 1661,395 1719,394 1777,394 1835,394 1894,394"/>
                <TextEquiv>
                    <Unicode>Wandelt sich hier das scherzende Spiel in bittere, ernste</Unicode>
                </TextEquiv>
            </TextLine>
            <TextLine id="r1l8" custom="readingOrder {index:7;}">
                <Coords points="726,457 1864,453 1894,407 726,420"/>
                <Baseline points="734,452 791,452 849,452 906,451 964,451 1022,450 1079,449 1137,449 1195,448 1252,447 1310,446 1368,445 1425,444 1483,443 1541,442 1598,441 1656,441 1714,440 1771,439 1829,438 1887,437"/>
                <TextEquiv>
                    <Unicode>Lebenswahrheit, so hat „Die Gefährtin“ einen umgekehrten</Unicode>
                </TextEquiv>
            </TextLine>
            <TextLine id="r1l9" custom="readingOrder {index:8;}">
                <Coords points="713,511 1886,499 1897,432 758,459 713,490"/>
                <Baseline points="721,504 779,502 838,500 896,498 955,497 1013,495 1072,494 1130,494 1189,493 1247,493 1306,492 1364,492 1423,492 1481,492 1540,492 1598,491 1657,491 1715,490 1774,489 1832,488 1891,486"/>
                <TextEquiv>
                    <Unicode>Zug. Der treffliche, aber nicht mehr jugendliche Professor</Unicode>
                </TextEquiv>
            </TextLine>
            <TextLine id="r1l10" custom="readingOrder {index:9;}">
                <Coords points="735,563 1905,558 1904,477 734,510"/>
                <Baseline points="742,553 799,550 857,549 915,547 973,546 1030,545 1088,544 1146,543 1204,543 1261,542 1319,541 1377,541 1435,541 1492,540 1550,539 1608,539 1666,538 1723,537 1781,535 1839,534 1897,533"/>
                <TextEquiv>
                    <Unicode>Robert Pilgram hat sich Jahre hindurch hinter einer Hülle</Unicode>
                </TextEquiv>
            </TextLine>
            <TextLine id="r1l11" custom="readingOrder {index:10;}">
                <Coords points="719,602 1907,601 1863,538 718,566"/>
                <Baseline points="726,598 784,597 843,595 901,594 960,593 1019,592 1077,591 1136,590 1195,590 1253,589 1312,589 1371,589 1429,588 1488,588 1547,587 1605,587 1664,586 1723,585 1781,585 1840,584 1899,582"/>
                <TextEquiv>
                    <Unicode>von edler Resignation verkrochen; schon in der ersten Zeit</Unicode>
                </TextEquiv>
            </TextLine>
            <TextLine id="r1l12" custom="readingOrder {index:11;}">
                <Coords points="735,644 1904,646 1904,599 734,608"/>
                <Baseline points="742,646 799,644 857,643 915,641 972,640 1030,639 1088,638 1145,638 1203,637 1261,637 1319,636 1376,636 1434,635 1492,635 1549,634 1607,634 1665,633 1722,633 1780,632 1838,631 1896,630"/>
                <TextEquiv>
                    <Unicode>seiner wenig glücklichen Ehe hat er erkannt, dass seine junge</Unicode>
                </TextEquiv>
            </TextLine>
            <TextLine id="r1l13" custom="readingOrder {index:12;}">
                <Coords points="720,687 1759,700 1876,686 1902,644 720,658"/>
                <Baseline points="728,693 786,691 844,690 903,688 961,687 1019,686 1078,686 1136,685 1194,685 1253,684 1311,684 1369,683 1428,683 1486,683 1544,682 1603,681 1661,680 1719,679 1778,678 1836,677 1895,675"/>
                <TextEquiv>
                    <Unicode>Lebensgefährtin nicht ihn, sondern seinen jüngeren Freund</Unicode>
                </TextEquiv>
            </TextLine>
            <TextLine id="r1l14" custom="readingOrder {index:13;}">
                <Coords points="727,741 1736,750 1907,736 1907,693 727,714"/>
                <Baseline points="734,739 792,737 850,736 908,735 967,734 1025,734 1083,733 1141,733 1200,733 1258,733 1316,732 1374,732 1433,732 1491,732 1549,731 1607,730 1666,729 1724,728 1782,726 1840,725 1899,722"/>
                <TextEquiv>
                    <Unicode>Alfred liebt, dass diese Liebe nicht auf halbem Wege stehen</Unicode>
                </TextEquiv>
            </TextLine>
            <TextLine id="r1l15" custom="readingOrder {index:14;}">
                <Coords points="733,809 1346,769 1869,787 1899,738 732,757"/>
                <Baseline points="740,791 797,788 855,785 912,783 970,782 1027,780 1085,780 1142,779 1200,779 1257,779 1315,778 1373,778 1430,778 1488,778 1545,777 1603,777 1660,776 1718,775 1775,773 1833,771 1891,768"/>
                <TextEquiv>
                    <Unicode>geblieben. Er will dem Glücke der Liebenden nicht hinder¬</Unicode>
                </TextEquiv>
            </TextLine>
            <TextLine id="r1l16" custom="readingOrder {index:15;}">
                <Coords points="722,841 1903,840 1893,776 722,816"/>
                <Baseline points="730,839 788,837 846,835 904,833 963,832 1021,830 1079,829 1137,828 1196,828 1254,827 1312,826 1370,826 1429,825 1487,825 1545,824 1603,824 1662,823 1720,823 1778,822 1836,821 1895,820"/>
                <TextEquiv>
                    <Unicode>lich sein, ja er selbst möchte sie miteinander vereinigen,</Unicode>
                </TextEquiv>
            </TextLine>
            <TextLine id="r1l17" custom="readingOrder {index:16;}">
                <Coords points="722,882 1858,883 1911,878 1911,823 721,841"/>
                <Baseline points="729,883 787,881 846,878 905,877 964,876 1022,875 1081,874 1140,874 1199,874 1257,873 1316,873 1375,873 1434,873 1492,872 1551,872 1610,871 1669,869 1727,868 1786,866 1845,864 1904,861"/>
                <TextEquiv>
                    <Unicode>stände es in seiner Macht. Aber nun, da seine Frau plötz¬</Unicode>
                </TextEquiv>
            </TextLine>
            <TextLine id="r1l18" custom="readingOrder {index:17;}">
                <Coords points="724,922 1780,928 1759,878 724,886"/>
                <Baseline points="732,928 784,926 836,925 888,924 940,923 992,922 1044,921 1096,921 1148,920 1200,920 1252,920 1304,919 1356,919 1408,919 1460,919 1512,918 1564,918 1616,917 1668,916 1720,915 1772,914"/>
                <TextEquiv>
                    <Unicode>lich gestorben, erfährt er mit einemmale, dass d#e ver</Unicode>
                </TextEquiv>
            </TextLine>
            <TextLine id="r1l19" custom="readingOrder {index:18;}">
                <Coords points="739,975 1781,977 1780,928 1745,921 738,926"/>
                <Baseline points="747,976 798,975 849,973 900,972 952,971 1003,970 1054,970 1106,969 1157,969 1208,968 1260,968 1311,968 1362,967 1413,967 1465,967 1516,966 1567,966 1619,965 1670,965 1721,964 1773,962"/>
                <TextEquiv>
                    <Unicode>Angebetete auch Alfred nicht ge### habe, das¬</Unicode>
                </TextEquiv>
            </TextLine>
            <TextLine id="r1l20" custom="readingOrder {index:19;}">
                <Coords points="736,1021 1771,1018 1770,978 1706,969 736,979"/>
                <Baseline points="744,1026 797,1024 851,1023 904,1022 958,1020 1012,1020 1065,1019 1119,1019 1173,1018 1226,1018 1280,1018 1333,1017 1387,1017 1441,1016 1494,1016 1548,1015 1602,1014 1655,1013 1709,1012 1763,1010"/>
                <TextEquiv>
                    <Unicode>Alfreds Dirne gewesen Du fällt ## schwere Hülle de</Unicode>
                </TextEquiv>
            </TextLine>
            <TextLine id="r1l21" custom="readingOrder {index:20;}">
                <Coords points="725,1062 827,1096 1082,1061 1828,1063 1827,1025 1742,1018 724,1016"/>
                <Baseline points="733,1078 787,1075 841,1072 896,1070 950,1068 1004,1067 1059,1066 1113,1065 1167,1065 1222,1065 1276,1065 1330,1065 1385,1065 1439,1065 1493,1065 1548,1064 1602,1064 1656,1063 1711,1063 1765,1061 1820,1060"/>
                <TextEquiv>
                    <Unicode>herab, er athmet erleichter auf  ein leeres Phantom</Unicode>
                </TextEquiv>
            </TextLine>
            <TextLine id="r1l22" custom="readingOrder {index:21;}">
                <Coords points="728,1116 1779,1127 1916,1111 1915,1033 1861,1074 1631,1082 727,1068"/>
                <Baseline points="736,1123 794,1121 853,1119 911,1118 970,1117 1029,1115 1087,1114 1146,1114 1204,1113 1263,1112 1322,1111 1380,1111 1439,1110 1497,1110 1556,1109 1615,1108 1673,1107 1732,1107 1790,1106 1849,1105 1908,1104"/>
                <TextEquiv>
                    <Unicode>ihn genarrt, er durchschan die Lebenskomödie, deren Helden</Unicode>
                </TextEquiv>
            </TextLine>
            <TextLine id="r1l23" custom="readingOrder {index:22;}">
                <Coords points="733,1173 1912,1141 1732,1108 733,1136"/>
                <Baseline points="740,1171 798,1169 856,1167 914,1166 973,1164 1031,1163 1089,1162 1147,1162 1206,1161 1264,1160 1322,1160 1380,1159 1439,1159 1497,1159 1555,1158 1613,1157 1672,1157 1730,1156 1788,1155 1846,1154 1905,1152"/>
                <TextEquiv>
                    <Unicode>er solange gespielt. — „Die Gefährtin“ ist eine überfeine</Unicode>
                </TextEquiv>
            </TextLine>
            <TextLine id="r1l24" custom="readingOrder {index:23;}">
                <Coords points="732,1218 1725,1218 1906,1203 1906,1162 731,1174"/>
                <Baseline points="740,1221 801,1217 862,1214 923,1212 984,1210 1045,1209 1106,1208 1167,1207 1228,1207 1289,1206 1350,1206 1411,1206 1472,1206 1533,1206 1594,1205 1655,1204 1716,1203 1777,1201 1838,1199 1899,1197"/>
                <TextEquiv>
                    <Unicode>psychologische Studie; in kurzen, wenigen Rückblicken rollen</Unicode>
                </TextEquiv>
            </TextLine>
            <TextLine id="r1l25" custom="readingOrder {index:24;}">
                <Coords points="735,1263 1867,1266 1909,1203 734,1217"/>
                <Baseline points="743,1263 800,1262 858,1260 916,1259 974,1258 1032,1257 1090,1257 1148,1256 1206,1256 1264,1255 1322,1255 1379,1254 1437,1254 1495,1254 1553,1253 1611,1252 1669,1251 1727,1250 1785,1249 1843,1247 1901,1246"/>
                <TextEquiv>
                    <Unicode>sich uns Stück für Stück lange Jahre eines verfehlten</Unicode>
                </TextEquiv>
            </TextLine>
            <TextLine id="r1l26" custom="readingOrder {index:25;}">
                <Coords points="736,1318 1869,1305 1903,1252 735,1281"/>
                <Baseline points="743,1311 800,1310 858,1308 916,1307 973,1307 1031,1306 1089,1305 1146,1305 1204,1304 1262,1304 1320,1303 1377,1303 1435,1302 1493,1302 1550,1301 1608,1301 1666,1299 1723,1298 1781,1297 1839,1295 1897,1294"/>
                <TextEquiv>
                    <Unicode>Lebens auf. In seiner skizzenhaften Kürze stellt das Stück</Unicode>
                </TextEquiv>
            </TextLine>
            <TextLine id="r1l27" custom="readingOrder {index:26;}">
                <Coords points="728,1343 1398,1369 1872,1353 1904,1313 728,1322"/>
                <Baseline points="736,1360 794,1359 852,1357 910,1356 968,1355 1026,1354 1084,1353 1142,1353 1200,1352 1258,1351 1316,1350 1374,1349 1432,1349 1490,1348 1548,1347 1606,1346 1664,1345 1722,1344 1780,1343 1838,1342 1897,1341"/>
                <TextEquiv>
                    <Unicode>allzugroße Auforderungen an Regie und Darsteller. — Von</Unicode>
                </TextEquiv>
            </TextLine>
            <TextLine id="r1l28" custom="readingOrder {index:27;}">
                <Coords points="724,1419 1349,1385 1801,1414 1903,1405 1918,1367 724,1374"/>
                <Baseline points="732,1408 790,1406 849,1405 908,1403 967,1402 1026,1401 1085,1400 1144,1399 1203,1398 1262,1398 1321,1397 1379,1397 1438,1396 1497,1396 1556,1395 1615,1395 1674,1395 1733,1394 1792,1393 1851,1393 1910,1392"/>
                <TextEquiv>
                    <Unicode>kecker, frischer Conception ist die Grotesque „Der grüne</Unicode>
                </TextEquiv>
            </TextLine>
            <TextLine id="r1l29" custom="readingOrder {index:28;}">
                <Coords points="736,1453 1687,1461 1907,1449 1917,1394 735,1430"/>
                <Baseline points="744,1458 802,1455 860,1454 918,1452 977,1451 1035,1449 1093,1448 1152,1448 1210,1447 1268,1446 1327,1446 1385,1445 1443,1444 1501,1444 1560,1443 1618,1443 1676,1442 1735,1441 1793,1440 1851,1439 1910,1438"/>
                <TextEquiv>
                    <Unicode>Kakadu“. In einer verrufenen Pariser Gastwirtschaft — dem</Unicode>
                </TextEquiv>
            </TextLine>
            <TextLine id="r1l30" custom="readingOrder {index:29;}">
                <Coords points="735,1515 1696,1481 1905,1509 1904,1454 1813,1439 949,1450 735,1489"/>
                <Baseline points="742,1508 799,1503 857,1500 915,1497 973,1494 1030,1493 1088,1492 1146,1492 1204,1492 1261,1492 1319,1492 1377,1492 1435,1493 1492,1493 1550,1493 1608,1492 1666,1492 1723,1490 1781,1488 1839,1486 1897,1482"/>
                <TextEquiv>
                    <Unicode>„grünen Kakadu“ — finden sich verkleidete und unverklei¬</Unicode>
                </TextEquiv>
            </TextLine>
            <TextLine id="r1l31" custom="readingOrder {index:30;}">
                <Coords points="746,1557 1909,1555 1912,1489 745,1508"/>
                <Baseline points="753,1553 810,1551 868,1549 925,1547 983,1546 1041,1545 1098,1544 1156,1543 1213,1542 1271,1542 1329,1541 1386,1541 1444,1540 1501,1540 1559,1539 1617,1539 1674,1538 1732,1537 1789,1536 1847,1535 1905,1533"/>
                <TextEquiv>
                    <Unicode>dete Komödianten bunt zusammengewürfelt. Die einen er¬</Unicode>
                </TextEquiv>
            </TextLine>
            <TextLine id="r1l32" custom="readingOrder {index:31;}">
                <Coords points="738,1631 899,1583 1890,1598 1915,1555 737,1563"/>
                <Baseline points="745,1603 803,1600 861,1598 919,1596 977,1595 1035,1593 1093,1593 1152,1592 1210,1591 1268,1591 1326,1590 1384,1590 1442,1589 1500,1589 1559,1588 1617,1588 1675,1587 1733,1586 1791,1584 1849,1583 1908,1580"/>
                <TextEquiv>
                    <Unicode>zählen von haarsträubenden Verbrechen, die sie nie be¬</Unicode>
                </TextEquiv>
            </TextLine>
            <TextLine id="r1l33" custom="readingOrder {index:32;}">
                <Coords points="728,1651 1872,1650 1905,1591 992,1592 728,1630"/>
                <Baseline points="735,1650 793,1648 851,1645 909,1643 967,1642 1025,1641 1083,1640 1141,1639 1199,1639 1257,1638 1316,1638 1374,1638 1432,1638 1490,1637 1548,1637 1606,1637 1664,1636 1722,1635 1780,1634 1838,1633 1897,1631"/>
                <TextEquiv>
                    <Unicode>gangen, die anderen von Tugenden die sie nie besessen.</Unicode>
                </TextEquiv>
            </TextLine>
            <TextLine id="r1l34" custom="readingOrder {index:33;}">
                <Coords points="746,1685 1881,1697 1908,1650 746,1661"/>
                <Baseline points="754,1692 811,1691 868,1690 925,1689 983,1689 1040,1688 1097,1688 1155,1687 1212,1687 1269,1687 1327,1686 1384,1686 1441,1686 1498,1685 1556,1685 1613,1684 1670,1684 1728,1683 1785,1682 1842,1681 1900,1680"/>
                <TextEquiv>
                    <Unicode>Wahrheit und Verstellung sind hier oft kaum zu unterscheiden.</Unicode>
                </TextEquiv>
            </TextLine>
            <TextLine id="r1l35" custom="readingOrder {index:34;}">
                <Coords points="741,1738 1920,1757 1920,1687 741,1685"/>
                <Baseline points="748,1740 806,1739 864,1738 922,1737 980,1737 1039,1736 1097,1736 1155,1735 1213,1735 1271,1735 1330,1735 1388,1734 1446,1734 1504,1734 1562,1733 1621,1732 1679,1732 1737,1731 1795,1730 1853,1728 1912,1726"/>
                <TextEquiv>
                    <Unicode>Mit diabolischem Humor lässt Schnitzler den einzigen, echten</Unicode>
                </TextEquiv>
            </TextLine>
            <TextLine id="r1l36" custom="readingOrder {index:35;}">
                <Coords points="742,1800 1917,1773 1775,1733 742,1752"/>
                <Baseline points="750,1787 811,1786 872,1786 933,1785 994,1785 1055,1784 1116,1784 1177,1783 1238,1783 1299,1783 1360,1782 1421,1782 1482,1781 1543,1781 1604,1780 1665,1779 1726,1779 1787,1778 1848,1777 1909,1776"/>
                <TextEquiv>
                    <Unicode>Strolch für einen „Stümper von Komödianten“ erklären,</Unicode>
                </TextEquiv>
            </TextLine>
            <TextLine id="r1l37" custom="readingOrder {index:36;}">
                <Coords points="743,1831 1918,1844 1917,1772 743,1799"/>
                <Baseline points="751,1835 812,1834 873,1833 934,1832 995,1831 1056,1831 1117,1830 1178,1830 1239,1830 1300,1829 1361,1829 1422,1828 1483,1828 1544,1827 1605,1826 1666,1825 1727,1824 1788,1823 1849,1821 1910,1819"/>
                <TextEquiv>
                    <Unicode>wogegen die mit größtem Raffinement vorgetragene Mord¬</Unicode>
                </TextEquiv>
            </TextLine>
            <TextLine id="r1l38" custom="readingOrder {index:37;}">
                <Coords points="737,1878 1918,1885 1917,1844 1838,1827 737,1851"/>
                <Baseline points="745,1887 803,1884 861,1882 919,1880 977,1879 1036,1878 1094,1878 1152,1877 1210,1877 1268,1877 1327,1877 1385,1877 1443,1877 1501,1876 1559,1876 1618,1875 1676,1874 1734,1872 1792,1871 1850,1868 1909,1865"/>
                <TextEquiv>
                    <Unicode>geschichte des Schauspielers Henri selbst von seinen Mit¬</Unicode>
                </TextEquiv>
            </TextLine>
            <TextLine id="r1l39" custom="readingOrder {index:38;}">
                <Coords points="745,1950 1714,1946 1934,1919 1934,1878 744,1885"/>
                <Baseline points="753,1935 811,1933 870,1931 929,1929 987,1928 1046,1928 1105,1927 1163,1927 1222,1927 1281,1927 1340,1927 1398,1927 1457,1927 1516,1927 1574,1926 1633,1925 1692,1924 1750,1923 1809,1920 1868,1917 1927,1914"/>
                <TextEquiv>
                    <Unicode>spielern geglaubt wird. Plötzlich schlägt das freche Spiel</Unicode>
                </TextEquiv>
            </TextLine>
            <TextLine id="r1l40" custom="readingOrder {index:39;}">
                <Coords points="742,1991 1910,1986 1921,1922 742,1950"/>
                <Baseline points="749,1980 807,1978 865,1977 923,1976 981,1975 1040,1975 1098,1974 1156,1974 1214,1974 1272,1974 1331,1974 1389,1975 1447,1975 1505,1975 1563,1974 1622,1974 1680,1973 1738,1972 1796,1971 1854,1969 1913,1967"/>
                <TextEquiv>
                    <Unicode>in blutigen Ernst um; Heuri, der Schauspieler, ermordet</Unicode>
                </TextEquiv>
            </TextLine>
            <TextLine id="r1l41" custom="readingOrder {index:40;}">
                <Coords points="735,2022 1921,2048 1920,1984 1845,1972 735,1995"/>
                <Baseline points="743,2030 801,2027 860,2026 918,2024 977,2023 1035,2022 1094,2022 1152,2022 1211,2022 1269,2022 1328,2022 1386,2022 1445,2022 1503,2022 1562,2021 1620,2021 1679,2020 1737,2019 1796,2018 1854,2016 1913,2014"/>
                <TextEquiv>
                    <Unicode>nun wirklich den Herzog, dessen Ermordung er noch eben</Unicode>
                </TextEquiv>
            </TextLine>
            <TextLine id="r1l42" custom="readingOrder {index:41;}">
                <Coords points="738,2076 1864,2080 1924,2073 1924,2009 1734,2044 738,2045"/>
                <Baseline points="746,2076 804,2073 863,2071 921,2070 980,2069 1038,2068 1097,2068 1155,2068 1214,2069 1272,2069 1331,2069 1390,2070 1448,2070 1507,2070 1565,2069 1624,2069 1682,2067 1741,2066 1799,2063 1858,2061 1917,2057"/>
                <TextEquiv>
                    <Unicode>mit aller Dreistigkeit erzählt hatte. Das eigenartige, figuren¬</Unicode>
                </TextEquiv>
            </TextLine>
            <TextLine id="r1l43" custom="readingOrder {index:42;}">
                <Coords points="740,2121 1741,2135 1884,2124 1922,2077 740,2086"/>
                <Baseline points="747,2122 805,2121 863,2121 922,2120 980,2120 1038,2120 1097,2119 1155,2119 1213,2119 1272,2118 1330,2118 1388,2118 1447,2117 1505,2117 1563,2116 1622,2115 1680,2114 1738,2112 1797,2111 1855,2109 1914,2107"/>
                <TextEquiv>
                    <Unicode>reiche Gemälde hebt sich wirksam von dem blutigen Hinter¬</Unicode>
                </TextEquiv>
            </TextLine>
            <TextLine id="r1l44" custom="readingOrder {index:43;}">
                <Coords points="742,2175 1881,2182 1930,2159 1929,2099 1596,2144 741,2121"/>
                <Baseline points="749,2173 807,2172 866,2171 924,2169 983,2168 1042,2167 1100,2167 1159,2166 1218,2165 1276,2165 1335,2164 1394,2164 1452,2163 1511,2163 1570,2163 1628,2162 1687,2162 1746,2162 1804,2162 1863,2161 1922,2161"/>
                <TextEquiv>
                    <Unicode>grunde der französischen Revolution ab, deren mächtige</Unicode>
                </TextEquiv>
            </TextLine>
            <TextLine id="r1l45" custom="readingOrder {index:44;}">
                <Coords points="750,2228 1740,2226 1874,2181 750,2182"/>
                <Baseline points="758,2219 813,2217 868,2217 924,2216 979,2215 1035,2214 1090,2214 1146,2213 1201,2213 1257,2213 1312,2213 1367,2212 1423,2212 1478,2212 1534,2212 1589,2211 1645,2211 1700,2210 1756,2210 1811,2209 1867,2208"/>
                <TextEquiv>
                    <Unicode>Ausklänge die Schwüle dieser Kellerluft durchzittern. —</Unicode>
                </TextEquiv>
            </TextLine>
            <TextLine id="r1l46" custom="readingOrder {index:45;}">
                <Coords points="748,2273 1837,2270 1919,2254 1919,2217 747,2222"/>
                <Baseline points="755,2265 812,2264 870,2262 928,2262 986,2261 1044,2261 1102,2261 1159,2261 1217,2261 1275,2262 1333,2262 1391,2262 1449,2262 1507,2261 1564,2261 1622,2260 1680,2258 1738,2257 1796,2254 1854,2251 1912,2247"/>
                <TextEquiv>
                    <Unicode>Die Aufführung hat manches Gute; im „Paracelsus“</Unicode>
                </TextEquiv>
            </TextLine>
            <TextLine id="r1l47" custom="readingOrder {index:46;}">
                <Coords points="741,2319 1863,2319 1939,2264 740,2272"/>
                <Baseline points="749,2316 808,2315 867,2313 926,2312 985,2311 1044,2310 1103,2310 1162,2309 1221,2309 1280,2309 1340,2309 1399,2309 1458,2309 1517,2309 1576,2308 1635,2308 1694,2308 1753,2307 1812,2306 1871,2305 1931,2303"/>
                <TextEquiv>
                    <Unicode>sogar das Beste, was die oft gewürdigte Regiekunst des</Unicode>
                </TextEquiv>
            </TextLine>
            <TextLine id="r1l48" custom="readingOrder {index:47;}">
                <Coords points="754,2371 1893,2368 1920,2300 753,2330"/>
                <Baseline points="761,2366 818,2364 876,2362 933,2360 991,2359 1049,2358 1106,2357 1164,2356 1221,2356 1279,2355 1337,2355 1394,2355 1452,2355 1509,2355 1567,2355 1625,2355 1682,2355 1740,2355 1797,2355 1855,2355 1913,2354"/>
                <TextEquiv>
                    <Unicode>Herrn Directors Lechner in stimmungsvoller Inscenierung</Unicode>
                </TextEquiv>
            </TextLine>
            <TextLine id="r1l49" custom="readingOrder {index:48;}">
                <Coords points="752,2430 1628,2420 1801,2408 1801,2359 751,2372"/>
                <Baseline points="759,2413 810,2412 862,2410 914,2409 965,2408 1017,2407 1069,2406 1120,2406 1172,2405 1224,2405 1276,2405 1327,2404 1379,2404 1431,2404 1482,2403 1534,2403 1586,2403 1637,2403 1689,2402 1741,2402 1793,2401"/>
                <TextEquiv>
                    <Unicode>bisher geleistet hat. Als Paracelsus feierte Herr Ma</Unicode>
                </TextEquiv>
            </TextLine>
            <TextLine id="r1l50" custom="readingOrder {index:49;}">
                <Coords points="739,2439 861,2472 1709,2443 1825,2472 1825,2409 1781,2401 739,2410"/>
                <Baseline points="747,2457 800,2456 854,2456 907,2455 961,2455 1014,2454 1068,2454 1121,2454 1175,2454 1228,2454 1282,2453 1335,2453 1389,2453 1442,2453 1496,2452 1549,2452 1603,2451 1656,2450 1710,2449 1763,2448 1817,2447"/>
                <TextEquiv>
                    <Unicode>einen wohlverdienten Triumph; der talentvolle Da#</Unicode>
                </TextEquiv>
            </TextLine>
            <TextLine id="r1l51" custom="readingOrder {index:50;}">
                <Coords points="746,2503 1931,2511 1931,2467 1710,2443 746,2472"/>
                <Baseline points="754,2502 812,2502 870,2502 929,2501 987,2501 1046,2501 1104,2500 1163,2500 1221,2500 1280,2500 1338,2500 1396,2500 1455,2500 1513,2500 1572,2499 1630,2499 1689,2499 1747,2499 1806,2499 1864,2499 1923,2499"/>
                <TextEquiv>
                    <Unicode>ist noch selten so vollständig über seiner Rolle gestanden, wie hier¬</Unicode>
                </TextEquiv>
            </TextLine>
            <TextLine id="r1l52" custom="readingOrder {index:51;}">
                <Coords points="759,2546 1946,2556 1927,2499 759,2511"/>
                <Baseline points="766,2552 824,2551 883,2550 941,2549 1000,2549 1059,2548 1117,2548 1176,2548 1234,2547 1293,2547 1352,2547 1410,2547 1469,2547 1527,2547 1586,2547 1645,2547 1703,2546 1762,2546 1820,2545 1879,2545 1938,2544"/>
                <TextEquiv>
                    <Unicode>Die Zuhörer befanden sich vom Anbeginn unter dem Banne¬</Unicode>
                </TextEquiv>
            </TextLine>
            <TextLine id="r1l53" custom="readingOrder {index:52;}">
                <Coords points="747,2608 1934,2588 1933,2550 747,2552"/>
                <Baseline points="754,2600 812,2599 871,2599 929,2598 988,2598 1047,2597 1105,2596 1164,2595 1222,2595 1281,2594 1340,2593 1398,2593 1457,2592 1515,2592 1574,2591 1633,2591 1691,2590 1750,2590 1808,2590 1867,2590 1926,2591"/>
                <TextEquiv>
                    <Unicode>seiner Leistung und überschütteten ihn — leider auch bei</Unicode>
                </TextEquiv>
            </TextLine>
            <TextLine id="r1l54" custom="readingOrder {index:53;}">
                <Coords points="756,2642 1855,2654 1949,2632 1949,2593 756,2613"/>
                <Baseline points="764,2647 822,2646 881,2644 940,2643 999,2641 1058,2640 1117,2640 1175,2639 1234,2639 1293,2638 1352,2638 1411,2638 1470,2638 1529,2638 1587,2638 1646,2638 1705,2639 1764,2639 1823,2639 1882,2639 1941,2639"/>
                <TextEquiv>
                    <Unicode>offener Scene — mit lautem Beifall. Nicht mind gefiel</Unicode>
                </TextEquiv>
            </TextLine>
            <TextLine id="r1l55" custom="readingOrder {index:54;}">
                <Coords points="755,2702 1931,2708 1930,2635 754,2640"/>
                <Baseline points="762,2696 820,2694 878,2693 936,2691 994,2690 1052,2689 1110,2689 1168,2688 1226,2688 1284,2688 1342,2687 1400,2687 1458,2687 1516,2687 1574,2687 1632,2686 1690,2686 1748,2686 1806,2685 1864,2684 1923,2683"/>
                <TextEquiv>
                    <Unicode>die von Frau Förster mit vollendeter Feinheit verkörperte</Unicode>
                </TextEquiv>
            </TextLine>
            <TextLine id="r1l56" custom="readingOrder {index:55;}">
                <Coords points="759,2751 1781,2755 1951,2690 759,2699"/>
                <Baseline points="767,2743 825,2741 884,2739 943,2738 1002,2737 1061,2736 1120,2735 1178,2735 1237,2735 1296,2735 1355,2735 1414,2735 1473,2735 1532,2735 1590,2734 1649,2734 1708,2734 1767,2733 1826,2731 1885,2730 1944,2728"/>
                <TextEquiv>
                    <Unicode>Justina, sowie die Cäcilia des Frls. Ulmann, ein Cabinet=“</Unicode>
                </TextEquiv>
            </TextLine>
            <TextLine id="r1l57" custom="readingOrder {index:56;}">
                <Coords points="761,2795 1905,2792 1991,2770 1991,2733 761,2750"/>
                <Baseline points="768,2791 828,2789 889,2788 950,2786 1011,2786 1072,2785 1132,2784 1193,2783 1254,2783 1315,2783 1376,2782 1436,2782 1497,2782 1558,2782 1619,2782 1680,2782 1740,2781 1801,2781 1862,2781 1923,2780 1984,2779"/>
                <TextEquiv>
                    <Unicode>stückchen von drolliger Launigkeit. Herr Recke war als!</Unicode>
                </TextEquiv>
            </TextLine>
            <TextLine id="r1l58" custom="readingOrder {index:57;}">
                <Coords points="748,2865 1935,2842 1892,2790 1581,2772 748,2809"/>
                <Baseline points="755,2841 813,2838 872,2836 930,2834 989,2832 1048,2831 1106,2831 1165,2830 1223,2830 1282,2830 1341,2830 1399,2830 1458,2830 1516,2830 1575,2830 1634,2830 1692,2830 1751,2829 1809,2828 1868,2826 1927,2825"/>
                <TextEquiv>
                    <Unicode>Junker Anselm von ansprechender Herzlichkeit; 6m Cyprian</Unicode>
                </TextEquiv>
            </TextLine>
            <TextLine id="r1l59" custom="readingOrder {index:58;}">
                <Coords points="754,2911 852,2880 1934,2899 1934,2841 753,2852"/>
                <Baseline points="761,2888 819,2886 877,2885 935,2884 994,2883 1052,2882 1110,2881 1168,2880 1227,2879 1285,2879 1343,2878 1401,2878 1460,2877 1518,2877 1576,2876 1634,2876 1693,2876 1751,2875 1809,2875 1867,2875 1926,2874"/>
                <TextEquiv>
                    <Unicode>gab Herr Machold, kleine Details abgerechnet, ganz ent¬</Unicode>
                </TextEquiv>
            </TextLine>
            <TextLine id="r1l60" custom="readingOrder {index:59;}">
                <Coords points="763,2937 1928,2942 1980,2880 763,2899"/>
                <Baseline points="770,2937 830,2934 890,2932 950,2930 1010,2929 1070,2928 1130,2927 1191,2927 1251,2927 1311,2927 1371,2927 1431,2927 1491,2927 1551,2927 1612,2927 1672,2926 1732,2926 1792,2925 1852,2925 1912,2924 1973,2922"/>
                <TextEquiv>
                    <Unicode>sprechend, mit behaglicher Derbheit, und auch der Doctor si</Unicode>
                </TextEquiv>
            </TextLine>
            <TextLine id="r1l61" custom="readingOrder {index:60;}">
                <Coords points="753,2988 1934,2987 1879,2934 1685,2920 753,2944"/>
                <Baseline points="761,2980 819,2979 877,2978 935,2977 994,2976 1052,2975 1110,2974 1168,2973 1227,2973 1285,2972 1343,2971 1401,2971 1460,2971 1518,2970 1576,2970 1634,2970 1693,2970 1751,2971 1809,2971 1867,2971 1926,2972"/>
                <TextEquiv>
                    <Unicode>Topus des Herrn Teller genügte billigen Anforderungen.</Unicode>
                </TextEquiv>
            </TextLine>
            <TextLine id="r1l62" custom="readingOrder {index:61;}">
                <Coords points="755,3044 1849,3040 1932,3022 1932,2987 755,3002"/>
                <Baseline points="763,3029 821,3027 879,3025 937,3024 995,3022 1053,3021 1111,3021 1169,3020 1227,3020 1285,3020 1344,3019 1402,3019 1460,3019 1518,3019 1576,3019 1634,3020 1692,3020 1750,3020 1808,3020 1866,3019 1925,3019"/>
                <TextEquiv>
                    <Unicode>„Die Gefährtin“ hat gstern weniger angesprochen;</Unicode>
                </TextEquiv>
            </TextLine>
            <TextLine id="r1l63" custom="readingOrder {index:62;}">
                <Coords points="756,3080 1932,3070 1931,3022 756,3047"/>
                <Baseline points="764,3082 822,3080 880,3079 938,3077 996,3076 1054,3075 1112,3074 1170,3073 1228,3072 1286,3071 1344,3070 1402,3069 1460,3069 1518,3068 1576,3068 1634,3067 1692,3067 1750,3067 1808,3067 1866,3067 1924,3067"/>
                <TextEquiv>
                    <Unicode>hier ist alles auf die Figur des Professors Pilgram ge¬</Unicode>
                </TextEquiv>
            </TextLine>
            <TextLine id="r1l64" custom="readingOrder {index:63;}">
                <Coords points="767,3126 1823,3136 1923,3085 766,3090"/>
                <Baseline points="774,3128 831,3126 888,3124 945,3123 1002,3121 1059,3120 1116,3119 1173,3118 1230,3118 1287,3117 1345,3117 1402,3116 1459,3116 1516,3115 1573,3115 1630,3115 1687,3114 1744,3113 1801,3113 1858,3112 1916,3111"/>
                <TextEquiv>
                    <Unicode>stellt. — Herrn Macholds anerkannte Tüchtigkeit</Unicode>
                </TextEquiv>
            </TextLine>
            <TextLine id="r1l65" custom="readingOrder {index:64;}">
                <Coords points="760,3193 1927,3169 1926,3107 1810,3142 760,3126"/>
                <Baseline points="768,3173 825,3172 883,3171 940,3170 998,3168 1055,3168 1113,3167 1170,3165 1228,3165 1285,3164 1343,3163 1401,3163 1458,3162 1516,3162 1573,3161 1631,3161 1688,3161 1746,3161 1803,3161 1861,3161 1919,3161"/>
                <TextEquiv>
                    <Unicode>konnte dieser ungemein schweren und heiklen Rolle doch</Unicode>
                </TextEquiv>
            </TextLine>
            <TextLine id="r1l66" custom="readingOrder {index:65;}">
                <Coords points="749,3240 1899,3226 1922,3173 1041,3164 749,3199"/>
                <Baseline points="756,3224 813,3222 871,3220 929,3218 987,3217 1045,3215 1103,3215 1161,3214 1219,3213 1277,3213 1335,3213 1392,3212 1450,3212 1508,3212 1566,3212 1624,3212 1682,3212 1740,3211 1798,3211 1856,3211 1914,3210"/>
                <TextEquiv>
                    <Unicode>nur zum Theile gerecht werden. Herr Recke (Alfred)</Unicode>
                </TextEquiv>
            </TextLine>
            <TextLine id="r1l67" custom="readingOrder {index:66;}">
                <Coords points="762,3271 1895,3273 1947,3224 762,3244"/>
                <Baseline points="770,3272 828,3270 886,3267 945,3265 1003,3264 1062,3263 1120,3262 1179,3262 1237,3261 1296,3261 1354,3260 1412,3260 1471,3260 1529,3259 1588,3259 1646,3259 1705,3258 1763,3257 1822,3256 1880,3255 1939,3253"/>
                <TextEquiv>
                    <Unicode>und Frau Förster (Olga Merholm) standen auf der Höhe</Unicode>
                </TextEquiv>
            </TextLine>
            <TextLine id="r1l68" custom="readingOrder {index:67;}">
                <Coords points="760,3320 1814,3320 1940,3295 1940,3254 760,3288"/>
                <Baseline points="768,3319 826,3316 884,3315 942,3313 1001,3312 1059,3311 1117,3310 1175,3309 1234,3309 1292,3309 1350,3308 1408,3308 1467,3308 1525,3308 1583,3307 1641,3307 1700,3306 1758,3305 1816,3304 1874,3302 1933,3300"/>
                <TextEquiv>
                    <Unicode>ihrer Aufgaben. Auch an diesem Werke waren die Spuren</Unicode>
                </TextEquiv>
            </TextLine>
            <TextLine id="r1l69" custom="readingOrder {index:68;}">
                <Coords points="764,3375 1832,3342 1865,3372 1941,3359 1941,3318 764,3329"/>
                <Baseline points="772,3368 830,3365 888,3363 946,3361 1004,3359 1062,3358 1120,3357 1178,3356 1236,3356 1294,3356 1352,3355 1410,3355 1468,3355 1526,3355 1584,3355 1642,3355 1700,3354 1758,3353 1816,3352 1874,3351 1933,3349"/>
                <TextEquiv>
                    <Unicode>der Lechner'schen Regie unverkennbar; man durfte nur</Unicode>
                </TextEquiv>
            </TextLine>
            <TextLine id="r1l70" custom="readingOrder {index:69;}">
                <Coords points="751,3415 1745,3416 1936,3378 750,3372"/>
                <Baseline points="759,3417 817,3414 875,3412 934,3410 992,3409 1051,3408 1109,3407 1168,3406 1226,3406 1285,3405 1343,3405 1401,3404 1460,3404 1518,3403 1577,3402 1635,3401 1694,3400 1752,3398 1811,3396 1869,3392 1928,3389"/>
                <TextEquiv>
                    <Unicode>bedauern, dass sich nicht auch „Der grüne Kakadu“</Unicode>
                </TextEquiv>
            </TextLine>
            <TextLine id="r1l71" custom="readingOrder {index:70;}">
                <Coords points="763,3463 1957,3464 1956,3400 762,3417"/>
                <Baseline points="770,3465 829,3462 888,3459 947,3457 1006,3456 1065,3455 1124,3454 1183,3453 1242,3453 1301,3452 1360,3452 1419,3452 1478,3451 1537,3451 1596,3450 1655,3449 1714,3448 1773,3447 1832,3444 1891,3441 1950,3438"/>
                <TextEquiv>
                    <Unicode>so liebevoller Sorgfalt zu erfreuen hatte; Herr Halier!</Unicode>
                </TextEquiv>
            </TextLine>
            <TextLine id="r1l72" custom="readingOrder {index:71;}">
                <Coords points="761,3510 1870,3513 1932,3461 760,3460"/>
                <Baseline points="769,3513 826,3510 884,3508 942,3506 1000,3504 1057,3503 1115,3502 1173,3501 1231,3500 1288,3500 1346,3500 1404,3499 1462,3499 1519,3499 1577,3498 1635,3498 1693,3497 1750,3496 1808,3495 1866,3493 1924,3492"/>
                <TextEquiv>
                    <Unicode>hat uns schon bessere Proben seiner Inscenierungskunst ge¬</Unicode>
                </TextEquiv>
            </TextLine>
            <TextLine id="r1l73" custom="readingOrder {index:72;}">
                <Coords points="761,3571 1938,3563 1938,3490 761,3525"/>
                <Baseline points="769,3558 827,3555 885,3553 943,3552 1001,3550 1059,3550 1117,3549 1175,3549 1233,3549 1291,3549 1350,3549 1408,3549 1466,3549 1524,3549 1582,3549 1640,3548 1698,3547 1756,3546 1814,3544 1872,3541 1931,3538"/>
                <TextEquiv>
                    <Unicode>geben. Die ersten Scenen giengen im schleppenden Tempo,</Unicode>
                </TextEquiv>
            </TextLine>
            <TextLine id="r1l74" custom="readingOrder {index:73;}">
                <Coords points="765,3600 1901,3609 1945,3605 1945,3561 764,3570"/>
                <Baseline points="773,3602 831,3600 889,3599 947,3599 1005,3598 1064,3598 1122,3597 1180,3597 1238,3597 1296,3597 1355,3597 1413,3597 1471,3597 1529,3596 1587,3596 1646,3595 1704,3594 1762,3593 1820,3591 1878,3588 1937,3586"/>
                <TextEquiv>
                    <Unicode>bald drohte das Gespenst der Langeweile. Auch die Einzel¬</Unicode>
                </TextEquiv>
            </TextLine>
            <TextLine id="r1l75" custom="readingOrder {index:74;}">
                <Coords points="770,3649 1942,3655 1941,3607 1836,3594 770,3615"/>
                <Baseline points="777,3649 834,3648 892,3648 950,3647 1008,3646 1066,3646 1124,3645 1181,3645 1239,3645 1297,3644 1355,3644 1413,3644 1471,3643 1529,3643 1586,3642 1644,3642 1702,3641 1760,3640 1818,3639 1876,3638 1934,3637"/>
                <TextEquiv>
                    <Unicode>leistungen waren nicht immer einwandfrei; Das Stück er¬</Unicode>
                </TextEquiv>
            </TextLine>
            <TextLine id="r1l76" custom="readingOrder {index:75;}">
                <Coords points="760,3702 1426,3706 1566,3673 1843,3703 1946,3654 759,3655"/>
                <Baseline points="767,3699 825,3697 884,3694 942,3692 1001,3691 1060,3689 1118,3688 1177,3687 1235,3687 1294,3686 1353,3686 1411,3685 1470,3685 1528,3685 1587,3685 1646,3685 1704,3685 1763,3685 1821,3685 1880,3685 1939,3685"/>
                <TextEquiv>
                    <Unicode>fordert eben eine stattliche Reihe von Episodisten. Herr!</Unicode>
                </TextEquiv>
            </TextLine>
            <TextLine id="r1l77" custom="readingOrder {index:76;}">
                <Coords points="762,3740 1831,3751 1941,3719 1930,3680 762,3716"/>
                <Baseline points="769,3741 827,3741 885,3741 943,3741 1001,3741 1060,3741 1118,3741 1176,3740 1234,3740 1292,3740 1351,3739 1409,3738 1467,3738 1525,3737 1583,3736 1642,3735 1700,3735 1758,3734 1816,3733 1874,3732 1933,3731"/>
                <TextEquiv>
                    <Unicode>Malcher hatte auch mit der Rolle des Heuri größten Er¬</Unicode>
                </TextEquiv>
            </TextLine>
            <TextLine id="r1l78" custom="readingOrder {index:77;}">
                <Coords points="761,3808 1939,3783 1938,3740 1794,3736 761,3765"/>
                <Baseline points="769,3796 827,3796 885,3795 943,3794 1001,3793 1059,3793 1117,3791 1175,3791 1233,3790 1291,3789 1350,3788 1408,3787 1466,3786 1524,3786 1582,3785 1640,3784 1698,3784 1756,3784 1814,3784 1872,3784 1931,3784"/>
                <TextEquiv>
                    <Unicode>folg; von reizender, prickelnder Frische und Aufgeräumtheit</Unicode>
                </TextEquiv>
            </TextLine>
            <TextEquiv>
                <Unicode>nun, dass sie noch rein von Schuld, fürchtet aber, dem Liebes¬
werben des schmucken Junkers Anselm ebensowenig noch weiter¬
hin widerstehen zu können, als sie einstens Paracelsus von sich
gewiesen hätte, wure er nur zur rechten Zeit in ihre Arme
geeilt. Cyprian macht sich die unangenehme Lehre zunutze
und verspricht, sein Weib künftiger sorgsamer zu hüten. —
Wandelt sich hier das scherzende Spiel in bittere, ernste
Lebenswahrheit, so hat „Die Gefährtin“ einen umgekehrten
Zug. Der treffliche, aber nicht mehr jugendliche Professor
Robert Pilgram hat sich Jahre hindurch hinter einer Hülle
von edler Resignation verkrochen; schon in der ersten Zeit
seiner wenig glücklichen Ehe hat er erkannt, dass seine junge
Lebensgefährtin nicht ihn, sondern seinen jüngeren Freund
Alfred liebt, dass diese Liebe nicht auf halbem Wege stehen
geblieben. Er will dem Glücke der Liebenden nicht hinder¬
lich sein, ja er selbst möchte sie miteinander vereinigen,
stände es in seiner Macht. Aber nun, da seine Frau plötz¬
lich gestorben, erfährt er mit einemmale, dass d#e ver
Angebetete auch Alfred nicht ge### habe, das¬
Alfreds Dirne gewesen Du fällt ## schwere Hülle de
herab, er athmet erleichter auf  ein leeres Phantom
ihn genarrt, er durchschan die Lebenskomödie, deren Helden
er solange gespielt. — „Die Gefährtin“ ist eine überfeine
psychologische Studie; in kurzen, wenigen Rückblicken rollen
sich uns Stück für Stück lange Jahre eines verfehlten
Lebens auf. In seiner skizzenhaften Kürze stellt das Stück
allzugroße Auforderungen an Regie und Darsteller. — Von
kecker, frischer Conception ist die Grotesque „Der grüne
Kakadu“. In einer verrufenen Pariser Gastwirtschaft — dem
„grünen Kakadu“ — finden sich verkleidete und unverklei¬
dete Komödianten bunt zusammengewürfelt. Die einen er¬
zählen von haarsträubenden Verbrechen, die sie nie be¬
gangen, die anderen von Tugenden die sie nie besessen.
Wahrheit und Verstellung sind hier oft kaum zu unterscheiden.
Mit diabolischem Humor lässt Schnitzler den einzigen, echten
Strolch für einen „Stümper von Komödianten“ erklären,
wogegen die mit größtem Raffinement vorgetragene Mord¬
geschichte des Schauspielers Henri selbst von seinen Mit¬
spielern geglaubt wird. Plötzlich schlägt das freche Spiel
in blutigen Ernst um; Heuri, der Schauspieler, ermordet
nun wirklich den Herzog, dessen Ermordung er noch eben
mit aller Dreistigkeit erzählt hatte. Das eigenartige, figuren¬
reiche Gemälde hebt sich wirksam von dem blutigen Hinter¬
grunde der französischen Revolution ab, deren mächtige
Ausklänge die Schwüle dieser Kellerluft durchzittern. —
Die Aufführung hat manches Gute; im „Paracelsus“
sogar das Beste, was die oft gewürdigte Regiekunst des
Herrn Directors Lechner in stimmungsvoller Inscenierung
bisher geleistet hat. Als Paracelsus feierte Herr Ma
einen wohlverdienten Triumph; der talentvolle Da#
ist noch selten so vollständig über seiner Rolle gestanden, wie hier¬
Die Zuhörer befanden sich vom Anbeginn unter dem Banne¬
seiner Leistung und überschütteten ihn — leider auch bei
offener Scene — mit lautem Beifall. Nicht mind gefiel
die von Frau Förster mit vollendeter Feinheit verkörperte
Justina, sowie die Cäcilia des Frls. Ulmann, ein Cabinet=“
stückchen von drolliger Launigkeit. Herr Recke war als!
Junker Anselm von ansprechender Herzlichkeit; 6m Cyprian
gab Herr Machold, kleine Details abgerechnet, ganz ent¬
sprechend, mit behaglicher Derbheit, und auch der Doctor si
Topus des Herrn Teller genügte billigen Anforderungen.
„Die Gefährtin“ hat gstern weniger angesprochen;
hier ist alles auf die Figur des Professors Pilgram ge¬
stellt. — Herrn Macholds anerkannte Tüchtigkeit
konnte dieser ungemein schweren und heiklen Rolle doch
nur zum Theile gerecht werden. Herr Recke (Alfred)
und Frau Förster (Olga Merholm) standen auf der Höhe
ihrer Aufgaben. Auch an diesem Werke waren die Spuren
der Lechner'schen Regie unverkennbar; man durfte nur
bedauern, dass sich nicht auch „Der grüne Kakadu“
so liebevoller Sorgfalt zu erfreuen hatte; Herr Halier!
hat uns schon bessere Proben seiner Inscenierungskunst ge¬
geben. Die ersten Scenen giengen im schleppenden Tempo,
bald drohte das Gespenst der Langeweile. Auch die Einzel¬
leistungen waren nicht immer einwandfrei; Das Stück er¬
fordert eben eine stattliche Reihe von Episodisten. Herr!
Malcher hatte auch mit der Rolle des Heuri größten Er¬
folg; von reizender, prickelnder Frische und Aufgeräumtheit</Unicode>
            </TextEquiv>
        </TextRegion>
    </Page>
</PcGts>
