3436 4256
11 1373 90 1431 c
-11 1547 96 1643 □
481 199 541 266 D
711 186 1873 295 ruene Kakadu box 15/1
233 199 1308 316 9.3. Der Kruchennanden
308 949 474 1045 d e
2879 953 3249 1062 M
187 1064 3258 1154 urner indéfiniment autour du pot et se déci-Tconclut que, pour l’avoir loué, je suis le prin-]nommée dans la pièce, ni son mari non plus),
196 1130 2226 1184 er, à un moment donné, à tenter le grand cipal personnage de la pièce de M. de Lorde
2226 1124 3286 1219 et cette g chaine r, d’une part lui pèse, d’autre
181 1166 1206 1253 ffort et à risquer l’échec. Un acte ne tombe
1198 1173 2227 1243 à l’odéon. II n'est pas impossible. La conclusion
2221 1185 3269 1257 part le rend inquiet, parce qu'il lui parait, et à
196 1220 1209 1288 mais; c’est connu. C’est précisément pouf
1202 1230 2230 1297 cependant me parait sévère, encore qu'elle ne
2220 1232 3283 1289 Mme X., aussi, que le mari a des soupcons et
186 1267 1207 1334 la qu'il faut s’aventurer au delà de l’acte uni¬
1201 1276 1683 1341 soit pas rigoureuse.
2223 1277 3275 1347 qu'il épie. II croit le voir, à chaque instaht sur
173 1311 1205 1380 ne si l'on ne veut pas que l’on vous applique
1224 1298 2230 1391 Quoi qu’il en soit, on m'avertit que M. Schnitz¬
2216 1320 3260 1399 le trottoir d’en face, il croit l’entendre monter
1190 1341 2226 1436 ler a été déjà jouc en France. On a donné de lui
181 1361 1195 1422 our devise une partie au moins du vers d’Ho¬
2216 1372 3264 1427 l’escalier, quand il est avec Mme X..; il croit
193 1417 1207 1475 #ce:tulus nimium timidusque proselle.*
1187 1404 3279 1498 au théätre Antoine la Compagne, un acte tra- l’entendre röder dans le mur. Fritz a une vie¬
179 1447 1212 1527 llons! jeunes gens, on ne peut pas fixer undl
1201 1469 2226 1534 duit par M. Maurice Vaucaire, et qui a eu un
2223 1470 2687 1540 très malheureuse.
185 1517 1198 1582 ate ni un äge; mais, en moyenne, après cini#
1193 1514 2237 1582 honnéte succès. (Exact. Je m’en ###cens à pré¬
2258 1521 3268 1593 Les choses étant ainsi, au premier acte nous
184 1554 1209 1632 iccès d’acte unique. “est-à-dire après cind
1204 1564 2221 1622 sent.) Et on a donné aussi de lui, aux Bouffes,
2224 1563 3260 1641 sommer en présence d’une partie carrée.
175 1603 1208 1673 ieces en ur acte, risquons le navire à trois
1201 1614 2222 1671 Souper d’adien, un acte traduit également par
2228 1601 3257 1693 Théodore st Mitzi, Fritz et Christine sont en¬
205 1657 1203 1722 ats, à trois ponts au moins. Ily va de votrd
1190 1653 2222 1715 M. Maurice Vaucaire. (De celui-là je n'ai plus
2217 1665 3281 1732 semble, chez Fritz, et devisent gaiement en
193 1691 610 1783 onneur littéraire.
1187 1699 2227 1764 souvenance. II est probable que je ne lai pas
2221 1719 3276 1782 dégustant de vin de Tokay et en faisant de la
1197 1751 2229 1808 vu.) Enfin on m’envoie une piéce en treis actes
2229 1763 3273 1830 musique. Nétait que Fritz a toujours des soup¬
1199 1797 2223 1865 de Schnitzler, traduite et adaptée par M. Jean
199 1775 1220 1867 Jaitoute une & littérature  sur FIdtot de M4
2221 1812 3274 1884 çons d’étre soupçonné et des pressentimonts
1199 1841 1895 1909 Thorel et on me prie de la lire.
196 1850 1195 1907 e Lorde, qui est Napasta de M. Caragiale. Je
2225 1858 3269 1939 vaguement (inistres, ce serait une idylie deli¬
1226 1884 2232 1968 Je l’ai lue. Cest extrémement hien. C’est inti¬
195 1903 1212 1968 e vous la sers pas. La cause est entendue eß
2222 1902 2467 1967 cieuse.
1198 1945 2239 2015 tulé Amouretle. Je crois, à ne rien céler, que le
200 1947 1205 2016 nyapas contestation. Je remercie seulement
2252 1944 3259 2020 Tout à coup, un pas dans T’escalier et un coup
1191 1985 1937 2063 titre est ironique. Voici les faits.
197 1998 1191 2060 es aimables et empressés et patriotes corres¬
2213 1994 3277 2081 de sonnette et un second coup de sonnette et
1243 2028 2230 2108 Fritz et Théodore sont de hons petits é-u¬
193 2039 1199 2104 ondants et je les prie de me laisser le dossien
2221 2056 3113 2117 un troisième coup de sonnette. Diable!
194 2085 1208 2152 uelque temps, au cas ou des contestations 864
1206 2080 2238 2149 diants viennois, Fritz est un nerveux et unsen¬
2252 2104 3270 2165 Fritz fait passer Théodore, Christine et Mitzi
1200 2143 2232 2200 timental. Théodore est un hon vivant, léger,
192 2139 1159 2204 veraient, ce que je ne crois pas. La bonne K
2223 2153 3275 2217 dans la pièce à côté et va ouvrir. Cest#le
1192 2173 2229 2253 Isceptique et spirituel. Ilade tres jolis mots sur
189 2192 1179 2250 e M. de Lorde n’est, du reste, nullement #
2217 2203 3269 2277 mari; c’est M. X. Vous l’attendiez. Fritz
183 2237 1212 2298 ause. II ne connaissait pas Napasta, ni Carbs
1194 2236 2231 2301 les choses de l’amour: & Au fond, nous halssons
2223 2242 2396 2315 aussi.
184 2286 2226 2355 iale, la pièce lui étant parvenue par voie inds4 les femmes que nous aimons et nous n’aimons
2251 2274 3269 2372 La scène, sohre, courte et forte, est tout à
1195 2335 2231 2392 que les femmes qui nous sont indifférentes. „
198 2339 1192 2404 ecte. II ya là simplement adaptation, qui ###
2215 2310 3283 2407 fait bonne: & Monsieu“ puis-je me permettre
194 2382 2229 2455 ourrait, selon moi, que donner lieu à des ré4j — Aquoi Fritz répond, pour se mettre auton;
2222 2391 3278 2470 de vous demander ce que vaut Ihonneur de
189 2424 1214 2496 endications d’ordre commercial et d’ordre de
1200 2417 2229 2490 mais, du reste, en demeurant dans son carac¬
2223 2420 2560 2508 votre visite?
184 2477 1209 2542 ropriété littéraire. En attendant, silyadatten
1199 2480 2228 2540 tère: & Une séparation, cela fait toujours de la
2321 2484 3273 2556 Certainement! (Avec tranquillité.) Ma
1205 2531 2230 2603 peine, méme s’ily a longtemps qu’on la désire.,
185 2525 1214 2584 re, allez voir l'Idiot et vous conclurez sart
2220 2534 3058 2609 femme a oublié sa voilette chez vous.
1220 2575 2234 2647 Fritz et Théodore, comme tous hons étu¬
195 2574 1216 2639 Houte qu'ilya des Roumains qui font de bonnés
2252 2570 2348 2644 —
2318 2588 2823 2644 Cette plaisanterie
1196 2598 2233 2692 diants viennois, ont chacun une g petite amie
184 2624 1213 2702 ièces et des Hanais aui leufont un beau soit
2313 2610 3258 2690 — Je netrouve pas que cela soititres plaisant.
1200 2677 2225 2731 comme dit M. Brieux en styie pudique: Fritz a
299 2675 869 2728 eFlüche de Ia Seilé¬
2231 2672 3276 2755 Voici vos lettres à elle adressées. Je vous prie
198 2721 1215 2786 Sur M. Schnitzler, l’auteur de Au Perroquet
1205 2722 2230 2781 Christine, Théodore a Mitzi. Mitzi est une
2232 2727 2815 2796 de me rendre les siennes.
1206 2772 2238 2829 joyeuse et une étourdie. Christine est une sen¬
182 2777 1211 2842 ert, je reçois des renseignements nouveaux
2332 2764 3166 2842 Monsieur, je suis à votre disposition.
190 2825 1199 2886 ui sont intéressants. A la vérité, Au Perro¬
1205 2824 2238 2879 timentale et une g cau profonde v. Ils ne se
2329 2827 2566 2888 Bien!
195 2869 1201 2932 Guet vert, après un succès undnime de répéli¬
1193 2863 2244 2932 sont pas trompés, ni les uns ni les autres, sur
2267 2844 3277 2949 Vous pensez, M. X.,, parti, quelles sont les
1195 2919 1719 2976 les affinités électives.
180 2918 1209 2978 ion générale et de première et après avoir
2232 2922 3242 2983 figures des personnages de la partie carrée...
1247 2941 2242 3034 Seulement, et d’est ici que l’ombre se met au
171 2965 1215 3035 ontenté et méme ravi des juges aussi difficiles
2259 2960 3276 3036 Le second acte, un peu vide, ne contient
182 3026 1203 3092 Gue M. Léon Daudet et que moi, — Au Perro¬
1195 3012 2228 3089 tableau, seulement, en méme temps que Théo¬
2220 2997 3276 3100 qu'une scène à proprement parler. Mais elle
182 3066 1208 3134 et vert n'a pas réussi et a quitté l’afliche du
1205 3063 2230 3146 dore commence à étre l’amant de Christine, il
2234 3063 3283 3136 est belle. Vous la prévoyez. Gest, le lendemain.
201 3121 3294 3199 héatre Antoine. Tel de mes correspondants en #est oncore l'amant de Mmo X. (elle n’est pas Fritz venant faire ses adieux à Christine, qut
