3436 4224
1945 130 2382 236 box 16/1
173 143 1781 254 9.4. Der gruene Kakaduzyklus
484 672 1107 752 Beil. z. Boh. Nr. 155.
1878 695 2134 759 Seite 3.
2140 733 2258 809 S D
554 780 1384 842 „Wir wissen nichts von Andern, nichts von uns,
1400 788 2357 846 Paracelsus fühlt sich dadurch und durch die Nähe
557 840 1351 898 „Wir spielen immer, wer es weiß, ist klug.“
1393 827 2340 905 der Geliebten von ehemals, der Waffenschmiedsgattin
519 885 1385 949 Sicherlich spricht aus diesen individuell geprägten
1412 888 2346 948 Justine (Frl. Immisch), gereizt, dem Philister, der
436 936 1387 996 Worten die dem, ganzen Einac#erabend an die Stirne
1400 947 2347 1004 seines Weibes so sicher wie seiner Habe zu sein glaubt,
434 980 1384 1035 geschrieben werden könnten, eine Zeitstimmung zu
1412 983 2351 1051 seine Uibermacht zu zeigen. Justina hat die Leiden¬
445 1029 1384 1091 uns. Unsere jungen und jüngsten Dichter wehren sich
1396 1019 2343 1081 schaft des Junkers Anselm erweckt, der sich ihr ver¬
445 1075 1388 1135 gegen die erlösende Empfindung, gegen das Erwachen,
1397 1085 2347 1145 geblich mit heißen Liebesanträgen nähert. Paracelsus
443 1122 1389 1175 das uns ins Gleichgewicht bringt, sie drängen uns
1405 1129 2342 1179 nützt diesen Sachverhalt, den er mit sicherem Blicke
433 1165 1388 1228 ins Halbdunkel hinein und lassen uns darin zurück,
1395 1179 2350 1225 erspäht hat, versetzt, zu Gaukeleien aufgefordert, das
430 1217 1385 1286 ohne befreiende Wahrheit im Gefühl, ohne die Mög¬
1408 1218 2351 1268 Weib des Waffenschmieds in hypnotischen Schlaf und
431 1266 1392 1330 lichkeit, jene Identität von Licht und Wärme, die der
1400 1258 2351 1322 suggerirt ihr vor dem Erwachen die Vorstellung, daß
434 1320 1389 1367 Poët Grillparzer, lange vor den Forschern der Ge¬
1398 1314 2343 1369 sie sich dem Junker hingegeben habe. Der Effect
436 1361 1387 1418 genwart verkündete, zu erfüllen. Die drei Schnitzler¬
1403 1364 2337 1426 ist ein so vollständiger, daß die im Banne der Sug¬
442 1405 1383 1475 schen Dramolets sind ungemein charakteristisch in dieser
1399 1412 2350 1474 gestion stehende Frau ausführliche Geständnisse ablegt
435 1457 1390 1519 Richtung. Sorgfältig gegliedert in den Voraus¬
1408 1466 2349 1520 und Paracelsus selbst zu zweifeln beginnt, ob Wahn¬
1403 1506 2350 1561 vorstellung oder Erinnerung aus ihr reden. Nicht, um
430 1490 1379 1554 setzungen, streben sie keinem Abschlusse zu, fein in die
1403 1539 2346 1604 den verzweifelten Gatten zu beruhigen, sondern um
444 1550 1387 1599 Welt der Träume, Triebe und Zwangsvorstellungen
431 1597 1382 1659 hineindeutend, sagen sie uns nichts vom Erwachen
1409 1594 2350 1661 sich selbst Klarheit zu schaffen, macht der Wunderarzt
1401 1644 2342 1690 der einen Suggestion ein Ende, um eine andere her¬
435 1650 1377 1698 und von der Selbstbeherrschung, äußerlich zu einer
440 1688 1387 1738 Wirkung hingeleitend, sind sie, innerlich gefaßt, doch
1407 1692 2342 1758 vorzurufen; er nöthigt Justine, die Wahrheit aus
1400 1739 2345 1803 dem Grunde ihrer Seele hervorzuholen und in Worten
429 1734 1388 1799 Fragen ohne eine Antwort. Sie bescheiden sich, uns
432 1786 1385 1838 die Vorstellung zu geben, daß wir, nachtwandelndam
1407 1793 2342 1854 zu verkünden. Nun erklärt sie, daß sie zwar rein ge¬
427 1829 1398 1893 vermeintlichen Tag, mit trügerischer Sicherheit hart
1401 1832 2346 1887 blieben, aber Gedankensünden begangen, und daß
431 1877 1385 1938 am Abgrunde durchs Leben schreiten, und daß ein
1395 1886 2344 1941 es die höchste Zeit für sie sei, den Junker aus
428 1928 1389 1985 furchtbarer Weckruf aus unbekannten Tiefen den
1401 1928 2340 1988 den Augen zu verlieren. In ihrem Wahrheitsdrange
444 1978 1387 2036 Sturz jeden Moment herbeiführen kann. Gewiß liegt
1401 1986 2336 2044 gesteht sie ihre alte Liebe zu Paracelsus, der einst
427 2025 1375 2076 ein Reiz in diesen Enthüllungen, die uns wieder nur
1404 2026 2339 2076 gleich jenem Junker von heute, durch Resignation und
430 2069 1377 2123 Schleier zeigen, und fraglos liegt mehr Geist in dieser
1403 2078 2344 2127 Abschied ihre Unschuld begnadete, verräth sie zuletzt
431 2121 1386 2187 Bescheidung als in jener breitmäuligen Allerwelt¬
1402 2126 2343 2182 auch die Neigung ihrer Schwester Cäcilie (Frl. Urfus)
424 2171 1387 2226 weisheit, die uns im Strom der Redensarten über
1394 2173 2333 2231 zu dem gefährlichen Anselmus und weist dem Ver¬
436 2220 1382 2262 die Klüfte des Daseins hinwegtragen möchte. Aberes
1394 2220 2338 2276 führer einen willkommenen Ausweg aus seinen Her¬
429 2259 1386 2320 gibt etwas Höheres als diese skeptische Bescheidung,
1394 2276 2339 2333 zenswirren. Cyprian ist gewarnt, und Paracelsus zieht
434 2310 1391 2375 und die Großen der Kunst und der Menschheit haben
1406 2318 2341 2376 als stolzer Sieger von dannen. Die mit Feinheit ge¬
425 2359 1392 2422 ein Verlangen darnach in uns erweckt, das sich nie¬
1404 2366 2339 2411 führte Satire deutet ins Unbestimmte hinaus. Der
439 2410 1376 2459 mals und nirgends, am allerwenigsten aber auf der
1391 2408 2344 2474 allzu zuversichtliche Cyprian glaubt jetzt durch Er¬
431 2454 1380 2511 Mittagshöhe der dramatischen Kunst, die das Licht¬
1394 2450 2339 2518 fahrung klug geworden zu sein, aber nus will be¬
425 2507 1386 2554 bedürfniß so hoch gesteigert hat, zurückdrängen läßt.
1401 2508 2340 2569 dünken, der Arzt gab ihm wohl vie Diagnose, aber
1391 2549 1950 2613 keine Heilmittel in die Hand.=
431 2551 1391 2609 Es fällt uns nicht ein, dem Dichter mit der Schul¬
425 2598 1387 2671 weisheit zu kommen, die alles zwischen Hinemel und
1467 2600 2343 2666 In der modernen Welt, in der das zweite Stück¬
425 2655 1384 2714 Erde ausgerechnet haben will, und wir stellen uns
1393 2627 2340 2705 chen „Die Gefährtin“ spielt, bedarf es keines
434 2698 1379 2757 gewiß nicht an die Seite des selbstzufriedenen Phi¬
1404 2704 2341 2759 Paracelsus, um die Seelenthore zu öffnen. Sie thun
439 2741 1388 2803 listers, den die dämonische Kraft seines Paracelsus
1403 2748 2340 2800 sich allgemach von selbst der Erkenntniß eines weisen
1402 2796 2333 2844 Mannes, d Professors Pilgram (Herr Freiburg) auf,
428 2790 1383 2835 beschämt. Aber der Anspruch auf Erlösung aus
1393 2843 2338 2891 der zu edel ist, um klug zu sein. Pilgram kehrt von
433 2830 1378 2902 „schwebender Pein“ wird im Bereiche der Kunst nie¬
1394 2883 2337 2936 dem Begräbnisse seiner Frau, die vor zwei Tagen
425 2883 1376 2946 mals verstummen, und jenes moderne epigramma¬
1395 2931 2342 2983 einem Herzschlage erlag, in seine Wohnung zurück
429 2938 1382 2990 tische Dramolet, das sich mit einer tiefgreifenden oder
1404 2979 2329 3037 und leidet unter dem conventionellen Mitleid der
438 2984 1385 3028 feinzugespitzten Frage begnügt, kann die Menschen
1397 3025 2326 3081 Menschen. Nicht deshalb aber, weil dieses Mitleid
425 3023 1386 3082 wohl stimmen, aber nicht befriedigen. Das Publicum
1392 3063 2343 3135 nicht an die Größe seines Schmerzes heranreicht,
428 3075 1388 3144 will durch Nacht zum Lichte geführt sein; es will hell
1403 3122 2330 3180 sondern weil er mit dem Geheimniß seines wahren
426 3123 1383 3186 sehen über die Hellseherei hinaus, es soll tagen, gleich¬
1404 3172 2329 3224 Schmerzes allein ist. Nicht die Trauer, sondern das
438 3168 1381 3233 viel, ob dem Untergange oder dem Aufgange, ob in
1396 3214 2329 3277 Gefühl, nicht trauern zu können, erfüllt ihn mit
429 3210 1380 3272 der letzten Erkenntniß die Schwere des Menschen¬
1393 3274 2330 3323 eigenthümlichem Schauer. Die Frau, die er heute
434 3265 1388 3322 geschicks empfunden und überwunden wird, oder ob
1393 3314 2340 3367 begrub, hat er längst verloren. Das bischen Duft, das
433 3313 1380 3376 die Nachtgeister vor der Heiterkeit des Morgens zurück¬
1393 3358 2328 3419 sie in sein Leben brachte, verflüchtigte sich rasch.
424 3357 1385 3426 weichen. Die dramatischen Skizzen Schnitzlers, die
1404 3418 2329 3466 Nach einem Jahre der Tändelei wandte sie sich von
438 3407 1384 3479 von innen heraus in die fragmentarische Form ge¬
1397 3458 2340 3524 dem bei weitem älteren Manne, mit dem sie kein
429 3465 1388 3508 drängt werden, leben sich in der Dämmerung aus.
1393 3502 2342 3568 geistiges und kein genäithliches Interesse theilte, völlig
440 3505 1387 3564 Das Publicum nahm Antheil an diesen feingestimmten
440 3557 1385 3613 Kunstblättern, aus denen soviel intimes Schaffen an¬
1394 3552 2339 3615 ab, und Pilgram gewährte ihr die Freiheit. Er
1392 3598 2332 3650 wußte sie in sträflichem Einverständniß mit seinem
443 3596 1377 3668 muthet; aber es fühlte sich nicht durchwärmt und
1400 3648 2327 3704 Assistenten Doctor Hausmann (Herr von Wymetal)
440 3640 1379 3717 gehoben. Man dachte mit, man folgte mit Aufmerk¬
1393 3695 2340 3747 und wartete nur ein Geständniß ab, um auf das,
438 3707 1385 3761 samkeit, man war gefesselt, ohne daß eine Be¬
1405 3747 2336 3798 was er nicht mehr besaß, zu verzichten und den beiden
441 3733 1388 3818 freiung folgte; man bewunderte manchen Zug, aber
438 3792 1123 3843 das Ganze hinterließ Verwunderung.
1398 3789 2337 3841 die Vereinigung möglich zu machen. Eine Freundin
1399 3842 2324 3897 des Hauses Olga Merholm (Fräulein Baumgart),
513 3848 1389 3902 Das hier zuerst gegebene, schon durch den Vers
1400 3888 2335 3936 die ein fein angedeuteter Zug tiefer Neigung an den
431 3870 1386 3941 über die nackte Wirklichkeitsmalerei herausgehobene
1394 3934 2327 3987 vereinsamten Mann fesselt, hält diesen für den her¬
432 3942 1389 3997 Stückchen „Paracelsus“ ist ein physiologisches
1395 3982 2329 4045 kömmlichen betregenen Gatten und will ihm die Ent¬
445 3984 1388 4044 Märchen in dem Sinne, in dem Iules Verne physi¬
1395 4025 2332 4082 deckung, daß er nichts zu betrauern hat, ersparen.
433 4024 1382 4089 kalische geschrieben hat. Die zur Kunst ausgebildeten
1408 4078 2329 4120 Unter dem Vorwande, ein eigenes Geheimniß zu be¬
431 4076 1388 4126 modernen Versuche mit Hypnose und Suggestion
458 4125 567 4171 HrDz
2866 688 3258 765 6. Juni 1899.
2357 787 3289 860 nun, daß in Weib für den Freund nicht ein Gegen
2362 848 3290 920 stand tiefer ernster Neigung, sondern ein verächtliches
2357 900 3298 943 Spielzeug geesen, und in wild ausbrechendem
2363 940 3292 1000 Zorne weist er den Elenden, der sein Haus be¬
2355 989 3290 1055 schmutzte, hinaus. Aber diese Enthüllung ist nicht
2355 1031 3292 1090 die letzte, nicht die furchtbarste. Um den lebenden
2358 1082 3293 1140 Freund zu rechtfertigen, gibt Olga Merholm die
2361 1128 3302 1186 Todte, an der nichts zu halten ist, preis, Das pflicht¬
2365 1182 3293 1236 vergessene Weib des Professors wußte, daß ihr Ge¬
2362 1223 3297 1287 liebter verlobt sei; es war ihr gleichgültig, wie Alles,
2364 1271 3291 1326 was außerhalb der Sphäre ihrer Leichtfertigkeit und
2357 1319 3295 1382 Sinnlichkeit lag. Selbst das untreue Weib, das
2351 1373 3290 1430 Dilgram hochherzig duldete, war eine Wahnvorstellung
2419 1421 3304 1484 eine Verlorene hatte ein Jahrzehnt neben dem
2347 1437 3303 1522 fremden Mann gelebt. Dem Schluße des interes¬
2362 1510 3297 1569 santen Seelengemäldes fehlt eine kräftige Symbolik.
2358 1561 3299 1611 Auf Monologe ist bekanntlich ein Verdict gelegt, das
2350 1605 3305 1681 vorgezeichnete Geberdenspiel sagt uns zu wenig —
2348 1651 3112 1714 ein Nachtstück ist an uns vorbeigegangen.
2424 1688 3297 1764 „Der grüne Kakadu“ ist der Name einer
2351 1741 3297 1813 Pariser Spelunke, in der in den Tagen des Aus¬
2352 1796 3295 1855 bruchs der französischen Revolution Komödianten und
2350 1842 3295 1904 Aristokraten verkehren. Der Wirth Prospère (Herr
2360 1884 3311 1951 Zeisler), ein ehemaliger Director einer herumziehenden
2354 1939 3293 1998 Truppe, veranstaltet hier eigenthümliche Komödien,
2352 1992 3315 2067 die den Geschmack der Uibersättigten und Blasirten
2349 2048 3304 2100 reizen. Seine Schauspieler geberden sich als Ver¬
2352 2083 3302 2151 brecher, erzählen die furchtbarsten Schandthaten und
2348 2117 3301 2193 bereiten dadurch den aristokratischen Zuhörern ein
2349 2180 3297 2243 prickelndes Vergnügen. Zugleich fühlen sich die vor¬
2351 2226 3302 2285 nehmen Spelunkenbesucher dadurch gekitzelt, daß man
2351 2278 3299 2339 ihnen Cynismen an den Kopf wirft und sie en
2362 2319 3299 2383 canaille behandelt. Hinter den überreizten Scherzen
2348 2370 3298 2433 lauert die Wahrheit, unter die Komödianten, die
2353 2414 3298 2480 Verbrecher darstellen, mischt sich ein Verbrecher, dessen
2361 2461 3302 2531 wahrhaftige Geständnisse den Eindruck einer matten
2347 2513 3298 2584 Komödie machen und die Grafen und Herzoge, die
2358 2571 3301 2635 mit der Canaille zu spielen meinen, fühlen eine un¬
2355 2600 3295 2680 heimliche Sehnsucht nach der Brutalität, die sie mit
2349 2655 3299 2725 Basiliskenblicken anzieht. Unter den Ariseokraten ist
2346 2707 3297 2767 einer, der Herzog von Cadignan (Herr Tauber), dem
2355 2760 3306 2818 angeblich kein Weib widersteht, unter den Schau¬
2351 2801 3304 2851 spielern ein Virtuese Henri (Herr Freiburg), der
2351 2844 3298 2909 keiner Art von Weiblichkeit widerstehen kann. Heuri
2351 2879 3298 2940 macht die Geliebte des Herzogs, die Schauspielerin
2355 2932 3298 2988 Leocadie (Frl. Dienstl), zu seiner Frau, und träumt
2353 2980 3298 3048 sich in eine rechtschaffene Idylle mit der Verlorenen
2352 3031 3307 3102 hinein. Für seine Spelunkenkomödie aber wählt er
2349 3076 3298 3138 sich das Motiv, daß er seine Frau im sträflichen Zu¬
2348 3125 3301 3186 sammensein mit dem Herzog betroffen und den letzteren
2355 3172 3306 3241 getödtet habe. Vielleicht sind unter der Schwelle des
2350 3219 3303 3288 Bewußtseins Ahnung und Zwangsvorstellung in ihm
2356 3273 3305 3319 mächtig — aber er spielt die Komödie in der festen
2350 3321 3295 3373 Meinung, daß er glücklich liebe und Leocadie ihm
2358 3370 3297 3420 treu sei. Zu seinem Entsetzen gewahrt er, daß man
2347 3415 3295 3471 diesmal die Komödie für Wirklichkeit nimmt, ver¬
2347 3467 3300 3525 nimmt er, daß Leocadie ihn erst gestern mit dem
2349 3512 3293 3572 Herzog betrogen habe, hört er die Worte der Zu¬
2350 3548 3291 3621 stimmung, die den Bericht über seine Rachethat be¬
2351 3609 3296 3670 gleiten. Die Komödie, die für Wirklichkeit genommen
2351 3657 3292 3709 wurde, geht in die Wirklichkeit über. Der Herzog
2355 3696 3296 3750 erscheint gerade recht, um dem Wüthenden zum Opfer
2354 3751 3301 3802 zu fallen; der Dolch, das Spielzeug des Komödianten,
2352 3800 3300 3866 durchbohrt seine Brust. Während der Mord geschieht,
2347 3850 3302 3898 verkündet eine hereindringende Volksmenge, daß die
2354 3891 3303 3947 Bastille genommen sei — und inmitten all' dieser
2346 3933 3297 3987 Schrecknisse und Wirren weidet sich eine aristokratische
2340 3974 3297 4036 Lebefrau (Frau Buska) an Mord und Wildheit und
2341 4036 3304 4114 gibt in ihrer Erregung dem Liebhaber (Herr von
2350 4081 3281 4132 Wymetal) ein Stelldichein. Eine geistvolle Colorit¬
