<?xml version="1.0" encoding="UTF-8" standalone="yes"?>
<PcGts xmlns="http://schema.primaresearch.org/PAGE/gts/pagecontent/2013-07-15" xmlns:xsi="http://www.w3.org/2001/XMLSchema-instance" xsi:schemaLocation="http://schema.primaresearch.org/PAGE/gts/pagecontent/2013-07-15 http://schema.primaresearch.org/PAGE/gts/pagecontent/2013-07-15/pagecontent.xsd">
    <Metadata>
        <Creator>prov=University of Rostock/Institute of Mathematics/CITlab/Gundram Leifert/gundram.leifert@uni-rostock.de:name=ONB_Newseye_GT_M1+(htr_id=10810)::::v=2.4.2
prov=University of Rostock/Institute of Mathematics/CITlab/Tobias Gruening/tobias.gruening@uni-rostock.de:name=de.uros.citlab.module.baseline2polygon.B2PSeamMultiOriented:v=2.4.2
prov=University of Rostock/Institute of Mathematics/CITlab/Tobias Gruening/tobias.gruening@uni-rostock.de:name=/mnt/transkribus/LA/DEA/URO/LA_news_onb_att.pb:de.uros.citlab.segmentation.CITlab_LA_ML:v=2.4.2
Transkribus</Creator>
        <Created>2019-10-07T11:44:09.625+02:00</Created>
        <LastChange>2019-10-09T00:23:06.181+02:00</LastChange>
        <TranskribusMetadata docId="223987" pageId="9504764" pageNr="700" tsid="16617609" status="IN_PROGRESS" userId="40391" imgUrl="https://files.transkribus.eu/Get?id=RPLPZADUKBHQJBGINHKHOROF&amp;fileType=view" xmlUrl="https://files.transkribus.eu/Get?id=YYWEWWMYZDIFDNJPWTLYNHMB" imageId="6194978"/>
    </Metadata>
    <Page imageFilename="223987_0700.jpeg" imageWidth="3484" imageHeight="4480">
        <ReadingOrder>
            <OrderedGroup id="ro_1711447605738" caption="Regions reading order">
                <RegionRefIndexed index="0" regionRef="r1"/>
                <RegionRefIndexed index="1" regionRef="r2"/>
            </OrderedGroup>
        </ReadingOrder>
        <TextRegion orientation="0.0" id="r1" custom="readingOrder {index:0;}">
            <Coords points="862,1357 862,1683 952,1683 952,1357"/>
            <TextLine id="r1l1" custom="readingOrder {index:0;}">
                <Coords points="855,1388 868,1391 874,1386 879,1391 888,1390 898,1400 911,1401 926,1386 930,1389 945,1380 953,1380 951,1325 924,1330 906,1342 890,1338 883,1341 875,1334 869,1339 853,1339"/>
                <Baseline points="862,1382 889,1378 917,1377 945,1379"/>
                <TextEquiv>
                    <Unicode>Für</Unicode>
                </TextEquiv>
            </TextLine>
            <TextLine id="r1l2" custom="readingOrder {index:1;}">
                <Coords points="879,1642 906,1640 911,1636 920,1639 925,1635 938,1643 943,1639 949,1645 960,1644 956,1571 948,1572 927,1588 920,1582 912,1584 899,1577 875,1577"/>
                <Baseline points="887,1633 919,1631 951,1629"/>
                <TextEquiv>
                    <Unicode>Ab</Unicode>
                </TextEquiv>
            </TextLine>
            <TextLine id="r1l3" custom="readingOrder {index:2;}">
                <Coords points="874,1680 888,1678 893,1682 897,1679 918,1683 925,1678 934,1677 937,1681 950,1675 959,1675 958,1635 948,1635 941,1641 909,1637 893,1644 883,1638 872,1639"/>
                <Baseline points="881,1673 916,1669 952,1670"/>
                <TextEquiv>
                    <Unicode>Ab</Unicode>
                </TextEquiv>
            </TextLine>
            <TextEquiv>
                <Unicode>Für
Ab
Ab</Unicode>
            </TextEquiv>
        </TextRegion>
        <TextRegion orientation="0.0" id="r2" custom="readingOrder {index:1;}">
            <Coords points="938,230 938,4118 2258,4118 2258,230"/>
            <TextLine id="r2l1" custom="readingOrder {index:0;}">
                <Coords points="1826,287 1848,292 1875,280 1910,286 1927,278 1991,285 2014,265 2036,269 2056,254 2090,254 2088,212 2063,211 2037,230 1990,216 1962,237 1912,203 1883,199 1862,222 1820,214"/>
                <Baseline points="1832,270 1857,270 1882,269 1907,268 1932,266 1957,265 1982,262 2007,260 2032,258 2057,255 2083,253"/>
                <TextEquiv>
                    <Unicode>V</Unicode>
                </TextEquiv>
            </TextLine>
            <TextLine id="r2l2" custom="readingOrder {index:1;}">
                <Coords points="1038,377 2123,352 2121,282 2050,274 1037,320"/>
                <Baseline points="1046,360 1099,360 1152,359 1206,358 1259,357 1313,356 1366,355 1420,354 1473,352 1527,351 1580,350 1633,349 1687,347 1740,346 1794,345 1847,344 1901,343 1954,342 2008,340 2061,340 2115,339"/>
                <TextEquiv>
                    <Unicode>Die Gefährtin. Paracelsus. Der grüne Kakadu.</Unicode>
                </TextEquiv>
            </TextLine>
            <TextLine id="r2l3" custom="readingOrder {index:2;}">
                <Coords points="929,404 1716,422 2096,397 2124,351 929,370"/>
                <Baseline points="938,410 1000,409 1062,409 1124,408 1186,408 1248,407 1310,407 1372,406 1434,405 1496,404 1558,403 1620,402 1682,400 1744,398 1806,397 1868,395 1930,393 1992,391 2054,388 2117,385"/>
                <TextEquiv>
                    <Unicode>Die unergründliche Seele der Frau gibt dem forschenden</Unicode>
                </TextEquiv>
            </TextLine>
            <TextLine id="r2l4" custom="readingOrder {index:3;}">
                <Coords points="946,464 2125,445 2124,400 944,410"/>
                <Baseline points="954,461 1012,461 1070,460 1128,459 1186,458 1244,458 1302,457 1360,456 1418,454 1476,453 1535,452 1593,451 1651,449 1709,447 1767,446 1825,444 1883,442 1941,439 1999,437 2057,435 2116,432"/>
                <TextEquiv>
                    <Unicode>Auge wandelvolle Erscheinungen. Wer stand niemals vor</Unicode>
                </TextEquiv>
            </TextLine>
            <TextLine id="r2l5" custom="readingOrder {index:4;}">
                <Coords points="946,517 2017,505 2129,486 2128,440 945,471"/>
                <Baseline points="954,508 1012,509 1070,509 1129,509 1187,508 1245,508 1304,507 1362,506 1420,504 1479,503 1537,502 1595,500 1654,498 1712,496 1770,494 1829,492 1887,490 1945,487 2004,486 2062,484 2121,481"/>
                <TextEquiv>
                    <Unicode>dem Weibe, das er am besten zu kennen meinte, mit zwei¬</Unicode>
                </TextEquiv>
            </TextLine>
            <TextLine id="r2l6" custom="readingOrder {index:5;}">
                <Coords points="950,562 1938,559 2089,546 2125,502 949,522"/>
                <Baseline points="957,557 1015,557 1073,556 1131,556 1189,556 1247,555 1305,554 1363,553 1421,552 1479,551 1537,550 1595,549 1653,547 1711,546 1769,544 1827,542 1885,540 1943,538 2001,536 2059,534 2118,532"/>
                <TextEquiv>
                    <Unicode>felnder Empfindung: Ist ihr Thun, ihr Sprechen jetzt aus</Unicode>
                </TextEquiv>
            </TextLine>
            <TextLine id="r2l7" custom="readingOrder {index:6;}">
                <Coords points="958,609 2085,599 2128,591 2127,545 957,568"/>
                <Baseline points="966,605 1023,605 1081,605 1138,605 1196,604 1254,604 1311,603 1369,602 1427,600 1484,599 1542,597 1600,596 1657,594 1715,593 1773,590 1830,589 1888,587 1946,585 2003,584 2061,582 2119,581"/>
                <TextEquiv>
                    <Unicode>ihrem innersten Wesen oder ist's nur gemacht? Und wo</Unicode>
                </TextEquiv>
            </TextLine>
            <TextLine id="r2l8" custom="readingOrder {index:7;}">
                <Coords points="955,659 2132,629 2069,586 954,617"/>
                <Baseline points="962,656 1020,655 1078,655 1136,654 1194,654 1252,653 1310,652 1368,651 1426,649 1484,648 1543,646 1601,645 1659,643 1717,642 1775,640 1833,638 1891,636 1949,635 2007,633 2065,632 2124,630"/>
                <TextEquiv>
                    <Unicode>beginnt die Wahrheit, wenn die schwere Frage nach der</Unicode>
                </TextEquiv>
            </TextLine>
            <TextLine id="r2l9" custom="readingOrder {index:8;}">
                <Coords points="962,710 2133,676 2103,632 961,659"/>
                <Baseline points="970,702 1027,702 1085,702 1143,701 1201,701 1258,700 1316,699 1374,698 1432,697 1489,696 1547,694 1605,693 1663,692 1720,690 1778,689 1836,687 1894,686 1951,684 2009,682 2067,681 2125,679"/>
                <TextEquiv>
                    <Unicode>Treue der Frau gestellt ist. Wie ist hier alles unsicher?</Unicode>
                </TextEquiv>
            </TextLine>
            <TextLine id="r2l10" custom="readingOrder {index:9;}">
                <Coords points="955,763 2137,745 2083,683 954,714"/>
                <Baseline points="962,753 1020,752 1078,751 1137,750 1195,749 1253,749 1312,747 1370,747 1428,745 1487,744 1545,743 1603,742 1662,741 1720,740 1778,738 1837,737 1895,735 1953,733 2012,732 2070,730 2129,728"/>
                <TextEquiv>
                    <Unicode>Wie täuscht der Schein der Dinge? Der eine glaubt die</Unicode>
                </TextEquiv>
            </TextLine>
            <TextLine id="r2l11" custom="readingOrder {index:10;}">
                <Coords points="956,809 1324,816 1401,779 1474,811 1884,806 1923,772 2048,806 2138,769 2137,724 955,764"/>
                <Baseline points="964,802 1022,802 1080,802 1139,801 1197,800 1255,800 1314,798 1372,797 1430,795 1489,794 1547,792 1605,790 1664,789 1722,787 1780,786 1839,784 1897,783 1955,781 2014,780 2072,780 2131,779"/>
                <TextEquiv>
                    <Unicode>Wahrheit zu wissen, wie der moderne Arzt Professor</Unicode>
                </TextEquiv>
            </TextLine>
            <TextLine id="r2l12" custom="readingOrder {index:11;}">
                <Coords points="964,852 2010,847 2135,826 2134,783 963,814"/>
                <Baseline points="972,854 1029,852 1087,851 1145,850 1203,848 1260,847 1318,846 1376,845 1434,844 1491,842 1549,841 1607,840 1665,838 1722,837 1780,835 1838,834 1896,832 1953,831 2011,829 2069,827 2127,825"/>
                <TextEquiv>
                    <Unicode>Pilgram in der „Gefährtin", und viel Schlimmeres als</Unicode>
                </TextEquiv>
            </TextLine>
            <TextLine id="r2l13" custom="readingOrder {index:12;}">
                <Coords points="958,913 2143,878 2096,832 957,859"/>
                <Baseline points="965,903 1023,901 1082,900 1140,899 1199,898 1257,896 1316,895 1374,894 1433,893 1491,891 1550,890 1608,889 1667,888 1725,887 1784,885 1842,884 1901,882 1959,881 2018,879 2076,877 2135,875"/>
                <TextEquiv>
                    <Unicode>seine Wahrheit ist wahr. Der tiefsinnige Paracelsus, sein;</Unicode>
                </TextEquiv>
            </TextLine>
            <TextLine id="r2l14" custom="readingOrder {index:13;}">
                <Coords points="966,958 2137,943 2136,903 2032,880 965,914"/>
                <Baseline points="974,951 1031,949 1089,948 1147,947 1205,946 1262,945 1320,944 1378,943 1436,942 1493,941 1551,940 1609,939 1667,938 1724,936 1782,935 1840,934 1898,932 1955,930 2013,928 2071,926 2129,924"/>
                <TextEquiv>
                    <Unicode>berühmter College, ist nicht so bündig; er zweifelt auch da,</Unicode>
                </TextEquiv>
            </TextLine>
            <TextLine id="r2l15" custom="readingOrder {index:14;}">
                <Coords points="958,1001 1965,978 2148,1007 2147,956 2056,925 956,954"/>
                <Baseline points="966,1000 1024,999 1083,998 1142,996 1200,996 1259,994 1318,993 1376,991 1435,990 1494,989 1553,988 1611,986 1670,984 1729,983 1787,981 1846,980 1905,978 1963,976 2022,974 2081,973 2140,971"/>
                <TextEquiv>
                    <Unicode>wo er selbst kraft seiner seelenzwingenden Kunst den Wahn</Unicode>
                </TextEquiv>
            </TextLine>
            <TextLine id="r2l16" custom="readingOrder {index:15;}">
                <Coords points="964,1055 2149,1043 2102,982 963,1002"/>
                <Baseline points="971,1049 1029,1048 1088,1046 1146,1045 1205,1043 1263,1042 1322,1041 1380,1040 1439,1039 1497,1038 1556,1037 1614,1036 1673,1034 1731,1033 1790,1032 1848,1031 1907,1029 1965,1027 2024,1026 2082,1023 2141,1021"/>
                <TextEquiv>
                    <Unicode>der Untreue erweckte, ob nicht doch Wirklichkeit ist, was</Unicode>
                </TextEquiv>
            </TextLine>
            <TextLine id="r2l17" custom="readingOrder {index:16;}">
                <Coords points="962,1113 1975,1093 2128,1083 2142,1036 960,1059"/>
                <Baseline points="969,1101 1027,1099 1085,1097 1143,1095 1202,1093 1260,1092 1318,1091 1377,1090 1435,1088 1493,1087 1552,1086 1610,1085 1668,1083 1726,1082 1785,1081 1843,1079 1901,1078 1960,1076 2018,1074 2076,1071 2135,1069"/>
                <TextEquiv>
                    <Unicode>seine Suggestion scheinbar hervorgespielt hat. Er muss, um</Unicode>
                </TextEquiv>
            </TextLine>
            <TextLine id="r2l18" custom="readingOrder {index:17;}">
                <Coords points="974,1159 2167,1122 2149,1065 973,1111"/>
                <Baseline points="981,1149 1039,1148 1098,1146 1157,1145 1216,1144 1275,1142 1334,1141 1392,1140 1451,1139 1510,1137 1569,1136 1628,1135 1687,1133 1746,1132 1804,1130 1863,1129 1922,1127 1981,1125 2040,1123 2099,1121 2158,1119"/>
                <TextEquiv>
                    <Unicode>sich selbst Gewissheit zu schaffen, dem Weibe den Zwang¬</Unicode>
                </TextEquiv>
            </TextLine>
            <TextLine id="r2l19" custom="readingOrder {index:18;}">
                <Coords points="970,1207 2042,1192 2120,1177 2145,1124 968,1158"/>
                <Baseline points="978,1203 1036,1200 1094,1197 1152,1195 1210,1192 1268,1190 1326,1188 1384,1186 1442,1185 1500,1184 1558,1182 1616,1182 1674,1180 1732,1179 1790,1178 1848,1177 1906,1176 1964,1175 2022,1173 2080,1172 2139,1170"/>
                <TextEquiv>
                    <Unicode>suggerieren, ihr Innerstes unverhüllt zu offenbaren, und</Unicode>
                </TextEquiv>
            </TextLine>
            <TextLine id="r2l20" custom="readingOrder {index:19;}">
                <Coords points="972,1247 2049,1241 2141,1221 2140,1177 971,1209"/>
                <Baseline points="979,1250 1036,1247 1094,1246 1152,1243 1209,1242 1267,1240 1325,1239 1382,1237 1440,1236 1498,1235 1556,1234 1613,1233 1671,1232 1729,1231 1786,1230 1844,1229 1902,1227 1959,1225 2017,1223 2075,1221 2133,1218"/>
                <TextEquiv>
                    <Unicode>der grobkörnige Zunftbürger Cyprian, der seinem stumpfen</Unicode>
                </TextEquiv>
            </TextLine>
            <TextLine id="r2l21" custom="readingOrder {index:20;}">
                <Coords points="973,1307 2101,1283 2150,1209 2071,1241 971,1249"/>
                <Baseline points="980,1299 1038,1297 1096,1295 1154,1292 1212,1291 1270,1289 1328,1287 1387,1286 1445,1284 1503,1283 1561,1282 1619,1280 1677,1279 1735,1278 1794,1276 1852,1275 1910,1274 1968,1272 2026,1271 2084,1269 2143,1267"/>
                <TextEquiv>
                    <Unicode>Auge und seinem Selbstbewusstsein allzusehr vertraute, muss</Unicode>
                </TextEquiv>
            </TextLine>
            <TextLine id="r2l22" custom="readingOrder {index:21;}">
                <Coords points="973,1361 2165,1341 2235,1294 2143,1252 2081,1289 971,1305"/>
                <Baseline points="980,1347 1042,1347 1104,1346 1167,1345 1229,1344 1291,1342 1354,1340 1416,1338 1478,1336 1541,1334 1603,1333 1665,1330 1728,1328 1790,1326 1852,1325 1915,1324 1977,1323 2039,1322 2102,1322 2164,1322 2227,1322"/>
                <TextEquiv>
                    <Unicode>erfahren, dass sein Weib, das ihm die ehrliche Treue #ire</Unicode>
                </TextEquiv>
            </TextLine>
            <TextLine id="r2l23" custom="readingOrder {index:22;}">
                <Coords points="963,1407 2217,1370 2118,1322 962,1351"/>
                <Baseline points="972,1401 1033,1398 1095,1396 1157,1394 1219,1392 1281,1389 1343,1388 1404,1386 1466,1385 1528,1384 1590,1382 1652,1381 1714,1380 1776,1378 1837,1377 1899,1375 1961,1374 2023,1372 2085,1371 2147,1369 2209,1367"/>
                <TextEquiv>
                    <Unicode>wahrt, in Gedanken und Wünschen schon weit auf dem so.</Unicode>
                </TextEquiv>
            </TextLine>
            <TextLine id="r2l24" custom="readingOrder {index:23;}">
                <Coords points="977,1458 2008,1438 2175,1419 2235,1361 1880,1403 975,1398"/>
                <Baseline points="984,1451 1046,1447 1108,1443 1170,1440 1232,1438 1295,1436 1357,1434 1419,1433 1481,1432 1543,1431 1606,1430 1668,1429 1730,1428 1792,1427 1854,1425 1917,1423 1979,1421 2041,1417 2103,1413 2165,1409 2228,1403"/>
                <TextEquiv>
                    <Unicode>Wege zur Untreue wandelte. Wenn es im „Paracelsus“ par</Unicode>
                </TextEquiv>
            </TextLine>
            <TextLine id="r2l25" custom="readingOrder {index:24;}">
                <Coords points="979,1506 2069,1486 2266,1431 977,1450"/>
                <Baseline points="986,1499 1049,1495 1113,1493 1176,1490 1240,1488 1304,1487 1367,1486 1431,1484 1494,1483 1558,1483 1622,1481 1685,1480 1749,1479 1812,1476 1876,1474 1940,1470 2003,1467 2067,1462 2130,1456 2194,1450 2258,1442"/>
                <TextEquiv>
                    <Unicode>die räthselvolle Kunst der Hynose war, die Schein #</Unicode>
                </TextEquiv>
            </TextLine>
            <TextLine id="r2l26" custom="readingOrder {index:25;}">
                <Coords points="979,1544 2175,1537 2250,1531 2249,1480 2150,1449 2069,1487 978,1506"/>
                <Baseline points="986,1545 1048,1544 1111,1542 1174,1541 1237,1539 1300,1538 1362,1536 1425,1534 1488,1533 1551,1532 1614,1530 1676,1529 1739,1527 1802,1526 1865,1525 1928,1524 1990,1523 2053,1523 2116,1522 2179,1521 2242,1521"/>
                <TextEquiv>
                    <Unicode>und Sein durcheinander warf und voneinander löste, #####</Unicode>
                </TextEquiv>
            </TextLine>
            <TextLine id="r2l27" custom="readingOrder {index:26;}">
                <Coords points="980,1600 2153,1597 2245,1590 2244,1526 979,1558"/>
                <Baseline points="988,1594 1050,1592 1112,1589 1175,1588 1237,1587 1300,1586 1362,1584 1424,1584 1487,1583 1549,1582 1612,1581 1674,1580 1736,1578 1799,1577 1861,1576 1924,1574 1986,1572 2048,1569 2111,1566 2173,1562 2236,1558"/>
                <TextEquiv>
                    <Unicode>so enthüllt im „Grünen Kakadu“ die Kunst des Schau= es</Unicode>
                </TextEquiv>
            </TextLine>
            <TextLine id="r2l28" custom="readingOrder {index:27;}">
                <Coords points="978,1654 1392,1619 1476,1654 1542,1622 2031,1641 2156,1622 2155,1566 976,1603"/>
                <Baseline points="985,1640 1043,1640 1101,1640 1159,1639 1217,1639 1275,1638 1333,1637 1392,1636 1450,1635 1508,1634 1566,1632 1624,1631 1682,1630 1740,1628 1799,1627 1857,1625 1915,1623 1973,1622 2031,1620 2089,1618 2148,1617"/>
                <TextEquiv>
                    <Unicode>spielers, dass das Spiel der täuschend nachgeahmten</Unicode>
                </TextEquiv>
            </TextLine>
            <TextLine id="r2l29" custom="readingOrder {index:28;}">
                <Coords points="977,1695 2192,1691 2190,1601 2032,1639 977,1654"/>
                <Baseline points="985,1686 1044,1687 1104,1687 1164,1687 1224,1686 1284,1685 1344,1684 1404,1683 1464,1682 1524,1681 1584,1679 1643,1677 1703,1676 1763,1675 1823,1673 1883,1672 1943,1671 2003,1671 2063,1670 2123,1670 2183,1670"/>
                <TextEquiv>
                    <Unicode>Wirklichkeit die grelle Wahrheit war. Henri spielt</Unicode>
                </TextEquiv>
            </TextLine>
            <TextLine id="r2l30" custom="readingOrder {index:29;}">
                <Coords points="978,1742 2059,1740 2160,1730 2159,1671 977,1696"/>
                <Baseline points="986,1738 1044,1737 1102,1737 1160,1736 1219,1736 1277,1735 1335,1734 1394,1732 1452,1731 1510,1730 1569,1728 1627,1727 1685,1726 1743,1725 1802,1723 1860,1721 1918,1720 1977,1719 2035,1718 2093,1717 2152,1716"/>
                <TextEquiv>
                    <Unicode>den getäuschten Ehegatten, der den Geliebten seiner Frau</Unicode>
                </TextEquiv>
            </TextLine>
            <TextLine id="r2l31" custom="readingOrder {index:30;}">
                <Coords points="975,1791 2162,1773 2161,1730 2111,1718 974,1741"/>
                <Baseline points="983,1791 1041,1790 1100,1789 1158,1788 1217,1786 1275,1785 1334,1784 1392,1782 1451,1781 1509,1780 1568,1779 1627,1777 1685,1776 1744,1774 1802,1772 1861,1771 1919,1770 1978,1768 2036,1767 2095,1765 2154,1764"/>
                <TextEquiv>
                    <Unicode>niedergestochen hat, so lebenswahr, dass sein Director selbst</Unicode>
                </TextEquiv>
            </TextLine>
            <TextLine id="r2l32" custom="readingOrder {index:31;}">
                <Coords points="977,1832 2161,1845 2171,1765 976,1792"/>
                <Baseline points="985,1837 1047,1837 1109,1836 1171,1835 1233,1834 1295,1833 1357,1832 1419,1830 1481,1828 1543,1827 1605,1825 1667,1824 1729,1822 1791,1821 1853,1820 1915,1819 1977,1818 2039,1818 2101,1818 2164,1818"/>
                <TextEquiv>
                    <Unicode>den Schein für Wahrheit nimmt und die wirkliche Wahrheit,</Unicode>
                </TextEquiv>
            </TextLine>
            <TextLine id="r2l33" custom="readingOrder {index:32;}">
                <Coords points="977,1901 2116,1881 2169,1835 975,1831"/>
                <Baseline points="985,1889 1043,1887 1102,1886 1161,1884 1220,1882 1279,1881 1338,1880 1396,1878 1455,1876 1514,1875 1573,1874 1632,1872 1691,1872 1750,1870 1808,1870 1867,1869 1926,1868 1985,1868 2044,1868 2103,1868 2162,1869"/>
                <TextEquiv>
                    <Unicode>die mit dem Spiele aufs genaueste übereinstimmt, verräth.</Unicode>
                </TextEquiv>
            </TextLine>
            <TextLine id="r2l34" custom="readingOrder {index:33;}">
                <Coords points="982,1939 2025,1931 2137,1922 2171,1872 981,1906"/>
                <Baseline points="989,1940 1047,1938 1106,1936 1165,1934 1223,1933 1282,1931 1341,1930 1399,1928 1458,1927 1517,1926 1576,1925 1634,1924 1693,1923 1752,1922 1810,1920 1869,1919 1928,1918 1986,1917 2045,1915 2104,1914 2163,1912"/>
                <TextEquiv>
                    <Unicode>Henri spielt, dass er den Herzog von Cardignan, den</Unicode>
                </TextEquiv>
            </TextLine>
            <TextLine id="r2l35" custom="readingOrder {index:34;}">
                <Coords points="986,1990 2152,1979 2170,1902 985,1942"/>
                <Baseline points="994,1987 1052,1985 1110,1984 1169,1982 1227,1981 1286,1980 1344,1979 1403,1978 1461,1977 1520,1976 1578,1975 1636,1974 1695,1973 1753,1972 1812,1971 1870,1969 1929,1968 1987,1966 2046,1964 2104,1963 2163,1960"/>
                <TextEquiv>
                    <Unicode>Liebhaber seiner Frau, getötet habe, und die Frau Henri's ist</Unicode>
                </TextEquiv>
            </TextLine>
            <TextLine id="r2l36" custom="readingOrder {index:35;}">
                <Coords points="979,2031 2070,2029 2170,1979 978,1993"/>
                <Baseline points="986,2036 1044,2035 1103,2034 1162,2033 1221,2032 1280,2031 1338,2030 1397,2029 1456,2028 1515,2027 1574,2027 1632,2026 1691,2024 1750,2023 1809,2022 1868,2020 1926,2018 1985,2016 2044,2014 2103,2011 2162,2009"/>
                <TextEquiv>
                    <Unicode>wirklich die Geliebte des Herzogs, den der rasende Schau¬</Unicode>
                </TextEquiv>
            </TextLine>
            <TextLine id="r2l37" custom="readingOrder {index:36;}">
                <Coords points="979,2090 2161,2057 2160,2023 2001,2015 978,2056"/>
                <Baseline points="987,2088 1045,2086 1103,2083 1161,2081 1220,2080 1278,2078 1336,2077 1395,2076 1453,2075 1511,2074 1570,2073 1628,2072 1686,2071 1744,2070 1803,2069 1861,2068 1919,2067 1978,2065 2036,2063 2094,2061 2153,2059"/>
                <TextEquiv>
                    <Unicode>spieler, aus dem Spiele zur Wirklichkeit erwacht, niedersticht.</Unicode>
                </TextEquiv>
            </TextLine>
            <TextLine id="r2l38" custom="readingOrder {index:37;}">
                <Coords points="981,2139 2162,2119 2133,2065 980,2090"/>
                <Baseline points="989,2135 1047,2134 1105,2133 1163,2132 1221,2131 1280,2130 1338,2129 1396,2128 1454,2127 1512,2126 1571,2124 1629,2123 1687,2122 1745,2120 1803,2119 1862,2118 1920,2116 1978,2115 2036,2114 2094,2112 2153,2110"/>
                <TextEquiv>
                    <Unicode>Die Wahrheit war also so grausam, wie die Phantasie des</Unicode>
                </TextEquiv>
            </TextLine>
            <TextLine id="r2l39" custom="readingOrder {index:38;}">
                <Coords points="993,2197 2160,2179 2159,2124 2077,2118 992,2141"/>
                <Baseline points="1001,2187 1058,2185 1116,2184 1173,2182 1231,2181 1288,2179 1346,2178 1403,2177 1461,2175 1518,2174 1576,2173 1634,2171 1691,2170 1749,2169 1806,2168 1864,2167 1921,2166 1979,2165 2036,2164 2094,2162 2152,2161"/>
                <TextEquiv>
                    <Unicode>Künstlers sie spielend ersonnen. Die geistreiche Wirrnis von</Unicode>
                </TextEquiv>
            </TextLine>
            <TextLine id="r2l40" custom="readingOrder {index:39;}">
                <Coords points="993,2241 2059,2229 2164,2190 2068,2162 992,2190"/>
                <Baseline points="1001,2235 1058,2233 1116,2231 1174,2230 1232,2229 1289,2228 1347,2227 1405,2226 1463,2225 1520,2224 1578,2223 1636,2222 1694,2221 1751,2220 1809,2219 1867,2217 1925,2216 1982,2214 2040,2212 2098,2210 2156,2208"/>
                <TextEquiv>
                    <Unicode>erlebter und ersonnener Wahrheit, von Gedanken und Rea¬</Unicode>
                </TextEquiv>
            </TextLine>
            <TextLine id="r2l41" custom="readingOrder {index:40;}">
                <Coords points="994,2294 2163,2275 2101,2218 993,2242"/>
                <Baseline points="1001,2284 1058,2283 1116,2282 1174,2281 1231,2280 1289,2279 1347,2278 1404,2277 1462,2276 1520,2275 1578,2274 1635,2272 1693,2271 1751,2270 1808,2268 1866,2267 1924,2265 1981,2264 2039,2262 2097,2260 2155,2258"/>
                <TextEquiv>
                    <Unicode>lität, Spiel und Ernst im hellen Bühnenlichte zu gestalten,</Unicode>
                </TextEquiv>
            </TextLine>
            <TextLine id="r2l42" custom="readingOrder {index:41;}">
                <Coords points="979,2347 1921,2340 2044,2300 2143,2319 2173,2266 978,2293"/>
                <Baseline points="987,2333 1045,2332 1104,2331 1163,2329 1222,2329 1281,2328 1340,2327 1399,2326 1458,2326 1517,2325 1576,2324 1634,2324 1693,2323 1752,2322 1811,2321 1870,2320 1929,2318 1988,2316 2047,2315 2106,2312 2165,2309"/>
                <TextEquiv>
                    <Unicode>rief die feinste Kunst des Dichters auf. „Paracelsus“ und</Unicode>
                </TextEquiv>
            </TextLine>
            <TextLine id="r2l43" custom="readingOrder {index:42;}">
                <Coords points="990,2392 2161,2378 2160,2314 2044,2300 1919,2342 990,2347"/>
                <Baseline points="999,2387 1056,2384 1114,2382 1172,2380 1229,2379 1287,2378 1345,2378 1402,2377 1460,2377 1518,2377 1576,2377 1633,2377 1691,2376 1749,2376 1806,2375 1864,2373 1922,2372 1979,2370 2037,2366 2095,2362 2153,2358"/>
                <TextEquiv>
                    <Unicode>„Der grüne Kakadu“ sind in der That das vollendetste,</Unicode>
                </TextEquiv>
            </TextLine>
            <TextLine id="r2l44" custom="readingOrder {index:43;}">
                <Coords points="989,2429 2175,2422 2174,2376 2126,2362 989,2389"/>
                <Baseline points="997,2433 1055,2432 1113,2431 1172,2431 1230,2430 1289,2429 1347,2428 1406,2427 1464,2426 1523,2425 1581,2424 1639,2423 1698,2421 1756,2420 1815,2418 1873,2417 1932,2416 1990,2414 2049,2412 2107,2410 2166,2408"/>
                <TextEquiv>
                    <Unicode>was Schnitzler geschaffen, ja, sie stellen vielleicht das Beste</Unicode>
                </TextEquiv>
            </TextLine>
            <TextLine id="r2l45" custom="readingOrder {index:44;}">
                <Coords points="997,2497 2171,2466 2170,2424 2041,2409 996,2446"/>
                <Baseline points="1004,2484 1061,2482 1119,2480 1177,2479 1235,2477 1293,2476 1351,2475 1409,2474 1467,2473 1525,2472 1583,2471 1640,2470 1698,2469 1756,2468 1814,2466 1872,2465 1930,2464 1988,2462 2046,2460 2104,2459 2162,2456"/>
                <TextEquiv>
                    <Unicode>vor, was die moderne Dichtung als Kunst hervorgebracht</Unicode>
                </TextEquiv>
            </TextLine>
            <TextLine id="r2l46" custom="readingOrder {index:45;}">
                <Coords points="989,2541 1916,2543 2125,2520 2166,2479 988,2496"/>
                <Baseline points="997,2533 1055,2531 1113,2528 1171,2527 1229,2525 1287,2524 1345,2523 1403,2522 1461,2521 1519,2521 1577,2520 1635,2519 1693,2519 1751,2518 1809,2516 1867,2515 1925,2513 1983,2511 2041,2508 2099,2504 2158,2500"/>
                <TextEquiv>
                    <Unicode>hat. Die Wirkung ruht vornehmlich auf einzelnen schau¬</Unicode>
                </TextEquiv>
            </TextLine>
            <TextLine id="r2l47" custom="readingOrder {index:46;}">
                <Coords points="993,2591 2172,2547 2149,2511 992,2542"/>
                <Baseline points="1001,2582 1059,2580 1117,2578 1175,2577 1233,2575 1291,2574 1349,2573 1408,2572 1466,2572 1524,2571 1582,2570 1640,2569 1698,2568 1756,2567 1815,2566 1873,2564 1931,2562 1989,2560 2047,2559 2105,2556 2164,2553"/>
                <TextEquiv>
                    <Unicode>spielerischen Leistungen. Am wenigsten in der „Gefährtin“.</Unicode>
                </TextEquiv>
            </TextLine>
            <TextLine id="r2l48" custom="readingOrder {index:47;}">
                <Coords points="992,2636 2174,2611 2109,2563 991,2591"/>
                <Baseline points="1000,2633 1058,2631 1116,2629 1174,2627 1233,2625 1291,2624 1349,2623 1408,2622 1466,2621 1524,2620 1583,2619 1641,2618 1699,2618 1757,2617 1816,2616 1874,2614 1932,2613 1991,2611 2049,2609 2107,2607 2166,2604"/>
                <TextEquiv>
                    <Unicode>die sich in klaren Linien entwickelt und von einheitlicher</Unicode>
                </TextEquiv>
            </TextLine>
            <TextLine id="r2l49" custom="readingOrder {index:48;}">
                <Coords points="992,2695 2171,2676 2170,2617 991,2636"/>
                <Baseline points="1000,2679 1058,2679 1116,2678 1174,2677 1232,2676 1290,2675 1348,2674 1407,2673 1465,2672 1523,2670 1581,2669 1639,2667 1697,2666 1755,2665 1814,2663 1872,2662 1930,2661 1988,2660 2046,2659 2104,2659 2163,2659"/>
                <TextEquiv>
                    <Unicode>Stimmung durchsättigt ist. Frau Förster zeigte in der</Unicode>
                </TextEquiv>
            </TextLine>
            <TextLine id="r2l50" custom="readingOrder {index:49;}">
                <Coords points="987,2745 2126,2723 2173,2679 986,2689"/>
                <Baseline points="995,2731 1053,2729 1112,2728 1170,2727 1229,2726 1287,2724 1346,2723 1404,2722 1463,2721 1521,2721 1580,2719 1639,2719 1697,2718 1756,2717 1814,2715 1873,2714 1931,2713 1990,2711 2048,2709 2107,2707 2166,2705"/>
                <TextEquiv>
                    <Unicode>kargen Rolle eine so wuchtige Kraft der Innerlichkeit, dass</Unicode>
                </TextEquiv>
            </TextLine>
            <TextLine id="r2l51" custom="readingOrder {index:50;}">
                <Coords points="994,2786 2173,2766 2172,2723 2076,2709 993,2737"/>
                <Baseline points="1001,2778 1059,2777 1117,2776 1175,2775 1233,2774 1292,2773 1350,2772 1408,2771 1466,2769 1524,2768 1583,2767 1641,2765 1699,2764 1757,2763 1815,2762 1874,2761 1932,2760 1990,2760 2048,2759 2106,2759 2165,2759"/>
                <TextEquiv>
                    <Unicode>man bedauern muss, diese wertvolle Seite ihres künstlerischen</Unicode>
                </TextEquiv>
            </TextLine>
            <TextLine id="r2l52" custom="readingOrder {index:51;}">
                <Coords points="992,2837 2118,2826 2167,2812 2166,2764 990,2785"/>
                <Baseline points="1000,2831 1061,2830 1122,2828 1183,2827 1244,2826 1305,2824 1366,2823 1427,2822 1488,2820 1549,2819 1610,2818 1671,2817 1732,2815 1793,2814 1854,2813 1915,2811 1976,2809 2037,2807 2098,2805 2159,2803"/>
                <TextEquiv>
                    <Unicode>Wesens nicht an einer größeren Aufgabe zu sehen. Wir</Unicode>
                </TextEquiv>
            </TextLine>
            <TextLine id="r2l53" custom="readingOrder {index:52;}">
                <Coords points="988,2886 2096,2875 2175,2860 2174,2809 987,2843"/>
                <Baseline points="996,2883 1054,2880 1113,2878 1171,2876 1230,2874 1288,2873 1347,2871 1405,2871 1464,2870 1522,2869 1581,2868 1640,2868 1698,2867 1757,2865 1815,2864 1874,2863 1932,2861 1991,2859 2049,2857 2108,2854 2167,2851"/>
                <TextEquiv>
                    <Unicode>erinnern hier wieder einmal daran, dass Ibsen seit zwei</Unicode>
                </TextEquiv>
            </TextLine>
            <TextLine id="r2l54" custom="readingOrder {index:53;}">
                <Coords points="981,2944 2125,2920 2178,2861 980,2913"/>
                <Baseline points="989,2933 1048,2930 1107,2928 1166,2926 1225,2924 1284,2923 1343,2921 1402,2920 1461,2919 1520,2918 1580,2917 1639,2916 1698,2915 1757,2914 1816,2912 1875,2911 1934,2909 1993,2908 2052,2906 2111,2904 2171,2902"/>
                <TextEquiv>
                    <Unicode>Jahren nicht auf der Bühne war. Herr Machold und</Unicode>
                </TextEquiv>
            </TextLine>
            <TextLine id="r2l55" custom="readingOrder {index:54;}">
                <Coords points="987,2991 2177,2964 2176,2921 2069,2906 986,2948"/>
                <Baseline points="995,2982 1053,2979 1112,2976 1170,2975 1229,2973 1288,2971 1346,2970 1405,2969 1464,2968 1522,2967 1581,2966 1640,2965 1698,2965 1757,2964 1816,2963 1874,2962 1933,2960 1992,2958 2050,2956 2109,2955 2168,2952"/>
                <TextEquiv>
                    <Unicode>Herr Recke spielten ihrer Situation gemäß. Den „Para¬</Unicode>
                </TextEquiv>
            </TextLine>
            <TextLine id="r2l56" custom="readingOrder {index:55;}">
                <Coords points="985,3020 2164,3028 2174,2964 984,2987"/>
                <Baseline points="993,3030 1051,3028 1110,3026 1169,3025 1227,3024 1286,3022 1345,3021 1403,3020 1462,3019 1521,3018 1580,3017 1638,3016 1697,3014 1756,3013 1814,3012 1873,3010 1932,3008 1990,3006 2049,3004 2108,3002 2167,2999"/>
                <TextEquiv>
                    <Unicode>celsus“ trug Herr Malcher auf die Höhe des gebürenden</Unicode>
                </TextEquiv>
            </TextLine>
            <TextLine id="r2l57" custom="readingOrder {index:56;}">
                <Coords points="1000,3071 2092,3075 2179,3054 2178,3011 999,3035"/>
                <Baseline points="1008,3082 1066,3080 1124,3078 1182,3075 1240,3074 1299,3072 1357,3071 1415,3070 1473,3068 1531,3067 1590,3066 1648,3065 1706,3064 1764,3063 1822,3062 1881,3061 1939,3059 1997,3057 2055,3056 2113,3054 2172,3052"/>
                <TextEquiv>
                    <Unicode>Erfolges, er spielte den genialen Gaukler, dessen histo¬</Unicode>
                </TextEquiv>
            </TextLine>
            <TextLine id="r2l58" custom="readingOrder {index:57;}">
                <Coords points="1002,3126 1932,3127 2175,3111 2174,3065 1001,3091"/>
                <Baseline points="1010,3130 1067,3128 1125,3126 1183,3124 1241,3123 1299,3121 1357,3120 1414,3119 1472,3117 1530,3117 1588,3115 1646,3114 1704,3113 1762,3112 1819,3111 1877,3109 1935,3108 1993,3106 2051,3104 2109,3101 2167,3099"/>
                <TextEquiv>
                    <Unicode>risches Vorbild dasselbe Gemisch von Mysticismus und</Unicode>
                </TextEquiv>
            </TextLine>
            <TextLine id="r2l59" custom="readingOrder {index:58;}">
                <Coords points="993,3184 2027,3173 2156,3165 2179,3123 991,3128"/>
                <Baseline points="1001,3181 1059,3179 1118,3176 1176,3175 1235,3173 1293,3171 1352,3170 1410,3168 1469,3167 1527,3166 1586,3164 1645,3163 1703,3162 1762,3161 1820,3160 1879,3158 1937,3157 1996,3156 2054,3155 2113,3153 2172,3152"/>
                <TextEquiv>
                    <Unicode>halb gewollter, halb wesenhafter Charlatanerie ist, mit</Unicode>
                </TextEquiv>
            </TextLine>
            <TextLine id="r2l60" custom="readingOrder {index:59;}">
                <Coords points="999,3240 1533,3204 2190,3224 2188,3158 998,3197"/>
                <Baseline points="1007,3228 1065,3226 1124,3225 1183,3223 1241,3222 1300,3221 1359,3219 1417,3218 1476,3216 1535,3214 1594,3213 1652,3212 1711,3210 1770,3208 1828,3208 1887,3206 1946,3205 2004,3204 2063,3203 2122,3203 2181,3203"/>
                <TextEquiv>
                    <Unicode>sicherem Verständnis für die heiklen Nuancen und den</Unicode>
                </TextEquiv>
            </TextLine>
            <TextLine id="r2l61" custom="readingOrder {index:60;}">
                <Coords points="1001,3274 2190,3276 2189,3220 1000,3239"/>
                <Baseline points="1010,3278 1068,3276 1127,3275 1185,3274 1244,3272 1302,3271 1361,3269 1419,3268 1478,3266 1536,3265 1595,3263 1654,3262 1712,3260 1771,3259 1829,3257 1888,3256 1946,3255 2005,3254 2063,3253 2122,3252 2181,3251"/>
                <TextEquiv>
                    <Unicode>Humor der Rolle. Herr Machold war ein kräftiger</Unicode>
                </TextEquiv>
            </TextLine>
            <TextLine id="r2l62" custom="readingOrder {index:61;}">
                <Coords points="1009,3333 2190,3307 2189,3275 2030,3258 1008,3277"/>
                <Baseline points="1017,3329 1075,3326 1133,3323 1191,3321 1249,3320 1308,3317 1366,3316 1424,3315 1482,3313 1540,3312 1599,3311 1657,3310 1715,3310 1773,3309 1831,3308 1890,3307 1948,3306 2006,3305 2064,3304 2122,3303 2181,3301"/>
                <TextEquiv>
                    <Unicode>Typus eines satten biederen Philisters im altbaseler Zu¬</Unicode>
                </TextEquiv>
            </TextLine>
            <TextLine id="r2l63" custom="readingOrder {index:62;}">
                <Coords points="1000,3369 2188,3366 2156,3306 1000,3335"/>
                <Baseline points="1009,3373 1067,3372 1126,3371 1184,3370 1243,3369 1301,3368 1360,3366 1418,3365 1477,3364 1535,3363 1594,3361 1652,3360 1711,3359 1769,3358 1828,3356 1886,3355 1945,3354 2003,3354 2062,3353 2120,3352 2179,3352"/>
                <TextEquiv>
                    <Unicode>schnitt. Fr Förster und Frl. Ulmann spielten die</Unicode>
                </TextEquiv>
            </TextLine>
            <TextLine id="r2l64" custom="readingOrder {index:63;}">
                <Coords points="1009,3425 2196,3399 2139,3357 1008,3382"/>
                <Baseline points="1017,3420 1075,3419 1134,3416 1192,3415 1251,3414 1309,3412 1368,3411 1426,3411 1485,3410 1543,3409 1602,3408 1660,3408 1719,3407 1777,3406 1836,3406 1894,3405 1953,3404 2011,3403 2070,3402 2128,3401 2187,3399"/>
                <TextEquiv>
                    <Unicode>in hypnotisch=ärztliche Behandlung genommenen Frauen mit</Unicode>
                </TextEquiv>
            </TextLine>
            <TextLine id="r2l65" custom="readingOrder {index:64;}">
                <Coords points="1006,3478 2195,3464 2194,3425 2073,3406 1006,3427"/>
                <Baseline points="1014,3469 1072,3468 1131,3466 1189,3465 1248,3464 1307,3463 1365,3463 1424,3462 1483,3461 1541,3460 1600,3459 1659,3459 1717,3458 1776,3457 1835,3457 1893,3456 1952,3455 2011,3454 2069,3454 2128,3453 2187,3452"/>
                <TextEquiv>
                    <Unicode>der leichten Laune, die das Spiel erfordert. Herr Teller</Unicode>
                </TextEquiv>
            </TextLine>
            <TextLine id="r2l66" custom="readingOrder {index:65;}">
                <Coords points="1003,3526 2190,3494 2097,3455 1002,3482"/>
                <Baseline points="1010,3520 1068,3517 1127,3515 1185,3513 1244,3511 1302,3510 1361,3509 1419,3508 1478,3508 1536,3507 1595,3507 1654,3507 1712,3506 1771,3506 1829,3506 1888,3505 1946,3505 2005,3504 2063,3502 2122,3501 2181,3499"/>
                <TextEquiv>
                    <Unicode>und Herr Recke vervollständigten stilgerecht das alter¬</Unicode>
                </TextEquiv>
            </TextLine>
            <TextLine id="r2l67" custom="readingOrder {index:66;}">
                <Coords points="1004,3572 1858,3544 2104,3572 2196,3553 2195,3494 1003,3531"/>
                <Baseline points="1011,3566 1069,3564 1128,3562 1187,3561 1246,3560 1305,3559 1363,3558 1422,3558 1481,3557 1540,3556 1599,3556 1657,3555 1716,3554 1775,3554 1834,3553 1893,3552 1951,3550 2010,3549 2069,3546 2128,3544 2187,3542"/>
                <TextEquiv>
                    <Unicode>thümliche Ensemble. „Der grüne Kakadu“ war nicht grell</Unicode>
                </TextEquiv>
            </TextLine>
            <TextLine id="r2l68" custom="readingOrder {index:67;}">
                <Coords points="1009,3631 2198,3586 2176,3550 1009,3594"/>
                <Baseline points="1017,3616 1075,3615 1134,3614 1192,3613 1251,3612 1310,3610 1368,3610 1427,3609 1485,3608 1544,3607 1603,3606 1661,3605 1720,3604 1778,3603 1837,3602 1896,3601 1954,3600 2013,3598 2071,3597 2130,3594 2189,3592"/>
                <TextEquiv>
                    <Unicode>genug. Es fehlte der Schauer der Grotesquen. Herr Frank</Unicode>
                </TextEquiv>
            </TextLine>
            <TextLine id="r2l69" custom="readingOrder {index:68;}">
                <Coords points="1003,3664 2066,3671 2201,3656 2200,3597 1002,3624"/>
                <Baseline points="1011,3666 1070,3665 1129,3664 1188,3664 1247,3663 1306,3662 1365,3661 1424,3660 1483,3658 1542,3657 1602,3656 1661,3655 1720,3653 1779,3652 1838,3651 1897,3649 1956,3648 2015,3647 2074,3645 2133,3644 2193,3643"/>
                <TextEquiv>
                    <Unicode>war zu gemüthlich und die männlichen Mitglieder seiner</Unicode>
                </TextEquiv>
            </TextLine>
            <TextLine id="r2l70" custom="readingOrder {index:69;}">
                <Coords points="1009,3719 2182,3700 2181,3660 2032,3647 1951,3686 1009,3667"/>
                <Baseline points="1017,3713 1074,3712 1132,3711 1190,3711 1248,3710 1306,3709 1364,3709 1421,3708 1479,3707 1537,3706 1595,3705 1653,3704 1711,3703 1769,3702 1826,3701 1884,3699 1942,3698 2000,3697 2058,3695 2116,3693 2174,3692"/>
                <TextEquiv>
                    <Unicode>Truppe zu wenig scharf. Frl. Ulmann und Frl.</Unicode>
                </TextEquiv>
            </TextLine>
            <TextLine id="r2l71" custom="readingOrder {index:70;}">
                <Coords points="1016,3769 2163,3761 2178,3698 1015,3718"/>
                <Baseline points="1024,3759 1081,3759 1138,3760 1196,3760 1253,3759 1310,3759 1368,3758 1425,3757 1482,3756 1540,3755 1597,3753 1654,3752 1712,3751 1769,3749 1826,3748 1884,3747 1941,3746 1998,3745 2056,3745 2113,3744 2171,3744"/>
                <TextEquiv>
                    <Unicode>Glocker führten ihren Part viel stilgemäßer durch. Auch</Unicode>
                </TextEquiv>
            </TextLine>
            <TextLine id="r2l72" custom="readingOrder {index:71;}">
                <Coords points="1001,3828 2078,3813 2186,3801 2186,3755 1000,3758"/>
                <Baseline points="1009,3810 1067,3809 1126,3808 1184,3807 1243,3807 1301,3806 1360,3806 1418,3805 1477,3805 1535,3805 1594,3804 1652,3804 1711,3803 1769,3802 1828,3801 1886,3800 1945,3799 2003,3798 2062,3797 2120,3795 2179,3793"/>
                <TextEquiv>
                    <Unicode>in der aristokratischen Gruppe war Fr. Förster glück¬</Unicode>
                </TextEquiv>
            </TextLine>
            <TextLine id="r2l73" custom="readingOrder {index:72;}">
                <Coords points="1010,3877 2065,3860 2190,3840 2190,3810 1009,3827"/>
                <Baseline points="1017,3861 1075,3860 1133,3859 1191,3859 1250,3858 1308,3857 1366,3856 1424,3855 1483,3854 1541,3853 1599,3853 1657,3852 1716,3850 1774,3849 1832,3848 1890,3847 1949,3846 2007,3844 2065,3843 2123,3842 2182,3840"/>
                <TextEquiv>
                    <Unicode>licher als ihre männlichen Mitspieler. Herr Machold</Unicode>
                </TextEquiv>
            </TextLine>
            <TextLine id="r2l74" custom="readingOrder {index:73;}">
                <Coords points="1000,3905 1680,3924 2120,3911 2190,3873 999,3876"/>
                <Baseline points="1007,3910 1065,3910 1124,3909 1183,3908 1242,3907 1300,3907 1359,3906 1418,3905 1477,3903 1535,3902 1594,3901 1653,3900 1712,3899 1770,3897 1829,3896 1888,3896 1947,3895 2005,3894 2064,3894 2123,3894 2182,3894"/>
                <TextEquiv>
                    <Unicode>entbehrte ein wenig des leichtsinnigen Gehabens des jungen</Unicode>
                </TextEquiv>
            </TextLine>
            <TextLine id="r2l75" custom="readingOrder {index:74;}">
                <Coords points="999,3961 2203,3960 2201,3894 999,3926"/>
                <Baseline points="1008,3958 1067,3958 1126,3957 1185,3956 1245,3956 1304,3955 1363,3954 1423,3952 1482,3951 1541,3949 1601,3948 1660,3947 1719,3945 1778,3944 1838,3943 1897,3942 1956,3941 2016,3940 2075,3939 2134,3939 2194,3938"/>
                <TextEquiv>
                    <Unicode>Löwen. Herr Charlé war ein erquickender Typus eines</Unicode>
                </TextEquiv>
            </TextLine>
            <TextLine id="r2l76" custom="readingOrder {index:75;}">
                <Coords points="1008,4006 2191,4000 2168,3946 1008,3957"/>
                <Baseline points="1016,4006 1074,4005 1132,4004 1191,4003 1249,4003 1307,4002 1366,4002 1424,4002 1482,4001 1541,4001 1599,4000 1657,4000 1716,3999 1774,3998 1832,3997 1891,3996 1949,3995 2007,3994 2066,3991 2124,3989 2183,3987"/>
                <TextEquiv>
                    <Unicode>Gauners, der zu schüchtern ist, um sich zu spielen. Herr</Unicode>
                </TextEquiv>
            </TextLine>
            <TextLine id="r2l77" custom="readingOrder {index:76;}">
                <Coords points="1008,4057 2156,4058 2192,4053 2192,4002 1008,4022"/>
                <Baseline points="1016,4052 1074,4052 1132,4053 1191,4053 1249,4053 1308,4052 1366,4051 1424,4051 1483,4050 1541,4049 1600,4048 1658,4046 1716,4045 1775,4044 1833,4043 1892,4042 1950,4042 2008,4041 2067,4041 2125,4041 2184,4041"/>
                <TextEquiv>
                    <Unicode>Malcher traf die athemraubende Gewalt des dämonischen</Unicode>
                </TextEquiv>
            </TextLine>
            <TextLine id="r2l78" custom="readingOrder {index:77;}">
                <Coords points="1898,4116 1938,4124 1968,4108 2024,4112 2037,4101 2054,4110 2070,4101 2151,4097 2152,4057 2110,4058 2086,4047 2061,4056 2010,4050 1981,4057 1950,4048 1899,4054"/>
                <Baseline points="1906,4086 1932,4089 1958,4091 1985,4091 2011,4092 2038,4092 2064,4092 2091,4091 2117,4090 2144,4088"/>
                <TextEquiv>
                    <Unicode>Dr. S. R.</Unicode>
                </TextEquiv>
            </TextLine>
            <TextLine id="r2l79" custom="readingOrder {index:78;}">
                <Coords points="1016,4130 1336,4106 1363,4131 1467,4131 1552,4101 1731,4103 1730,4057 1703,4050 1015,4065"/>
                <Baseline points="1024,4107 1060,4106 1097,4106 1134,4106 1171,4105 1207,4105 1244,4104 1281,4104 1318,4103 1355,4102 1391,4102 1428,4101 1465,4100 1502,4100 1539,4099 1575,4099 1612,4098 1649,4098 1686,4097 1723,4097"/>
                <TextEquiv>
                    <Unicode>Schauspielers mit congenialer Kraft.</Unicode>
                </TextEquiv>
            </TextLine>
            <TextEquiv>
                <Unicode>V
Die Gefährtin. Paracelsus. Der grüne Kakadu.
Die unergründliche Seele der Frau gibt dem forschenden
Auge wandelvolle Erscheinungen. Wer stand niemals vor
dem Weibe, das er am besten zu kennen meinte, mit zwei¬
felnder Empfindung: Ist ihr Thun, ihr Sprechen jetzt aus
ihrem innersten Wesen oder ist's nur gemacht? Und wo
beginnt die Wahrheit, wenn die schwere Frage nach der
Treue der Frau gestellt ist. Wie ist hier alles unsicher?
Wie täuscht der Schein der Dinge? Der eine glaubt die
Wahrheit zu wissen, wie der moderne Arzt Professor
Pilgram in der „Gefährtin", und viel Schlimmeres als
seine Wahrheit ist wahr. Der tiefsinnige Paracelsus, sein;
berühmter College, ist nicht so bündig; er zweifelt auch da,
wo er selbst kraft seiner seelenzwingenden Kunst den Wahn
der Untreue erweckte, ob nicht doch Wirklichkeit ist, was
seine Suggestion scheinbar hervorgespielt hat. Er muss, um
sich selbst Gewissheit zu schaffen, dem Weibe den Zwang¬
suggerieren, ihr Innerstes unverhüllt zu offenbaren, und
der grobkörnige Zunftbürger Cyprian, der seinem stumpfen
Auge und seinem Selbstbewusstsein allzusehr vertraute, muss
erfahren, dass sein Weib, das ihm die ehrliche Treue #ire
wahrt, in Gedanken und Wünschen schon weit auf dem so.
Wege zur Untreue wandelte. Wenn es im „Paracelsus“ par
die räthselvolle Kunst der Hynose war, die Schein #
und Sein durcheinander warf und voneinander löste, #####
so enthüllt im „Grünen Kakadu“ die Kunst des Schau= es
spielers, dass das Spiel der täuschend nachgeahmten
Wirklichkeit die grelle Wahrheit war. Henri spielt
den getäuschten Ehegatten, der den Geliebten seiner Frau
niedergestochen hat, so lebenswahr, dass sein Director selbst
den Schein für Wahrheit nimmt und die wirkliche Wahrheit,
die mit dem Spiele aufs genaueste übereinstimmt, verräth.
Henri spielt, dass er den Herzog von Cardignan, den
Liebhaber seiner Frau, getötet habe, und die Frau Henri's ist
wirklich die Geliebte des Herzogs, den der rasende Schau¬
spieler, aus dem Spiele zur Wirklichkeit erwacht, niedersticht.
Die Wahrheit war also so grausam, wie die Phantasie des
Künstlers sie spielend ersonnen. Die geistreiche Wirrnis von
erlebter und ersonnener Wahrheit, von Gedanken und Rea¬
lität, Spiel und Ernst im hellen Bühnenlichte zu gestalten,
rief die feinste Kunst des Dichters auf. „Paracelsus“ und
„Der grüne Kakadu“ sind in der That das vollendetste,
was Schnitzler geschaffen, ja, sie stellen vielleicht das Beste
vor, was die moderne Dichtung als Kunst hervorgebracht
hat. Die Wirkung ruht vornehmlich auf einzelnen schau¬
spielerischen Leistungen. Am wenigsten in der „Gefährtin“.
die sich in klaren Linien entwickelt und von einheitlicher
Stimmung durchsättigt ist. Frau Förster zeigte in der
kargen Rolle eine so wuchtige Kraft der Innerlichkeit, dass
man bedauern muss, diese wertvolle Seite ihres künstlerischen
Wesens nicht an einer größeren Aufgabe zu sehen. Wir
erinnern hier wieder einmal daran, dass Ibsen seit zwei
Jahren nicht auf der Bühne war. Herr Machold und
Herr Recke spielten ihrer Situation gemäß. Den „Para¬
celsus“ trug Herr Malcher auf die Höhe des gebürenden
Erfolges, er spielte den genialen Gaukler, dessen histo¬
risches Vorbild dasselbe Gemisch von Mysticismus und
halb gewollter, halb wesenhafter Charlatanerie ist, mit
sicherem Verständnis für die heiklen Nuancen und den
Humor der Rolle. Herr Machold war ein kräftiger
Typus eines satten biederen Philisters im altbaseler Zu¬
schnitt. Fr Förster und Frl. Ulmann spielten die
in hypnotisch=ärztliche Behandlung genommenen Frauen mit
der leichten Laune, die das Spiel erfordert. Herr Teller
und Herr Recke vervollständigten stilgerecht das alter¬
thümliche Ensemble. „Der grüne Kakadu“ war nicht grell
genug. Es fehlte der Schauer der Grotesquen. Herr Frank
war zu gemüthlich und die männlichen Mitglieder seiner
Truppe zu wenig scharf. Frl. Ulmann und Frl.
Glocker führten ihren Part viel stilgemäßer durch. Auch
in der aristokratischen Gruppe war Fr. Förster glück¬
licher als ihre männlichen Mitspieler. Herr Machold
entbehrte ein wenig des leichtsinnigen Gehabens des jungen
Löwen. Herr Charlé war ein erquickender Typus eines
Gauners, der zu schüchtern ist, um sich zu spielen. Herr
Malcher traf die athemraubende Gewalt des dämonischen
Dr. S. R.
Schauspielers mit congenialer Kraft.</Unicode>
            </TextEquiv>
        </TextRegion>
    </Page>
</PcGts>
