3392 4256
762 89 2801 155 Pechern Aeenen en eneen aun oires tetrachte seneneneite Genmtent Kenenen 1n. 1
757 114 1780 177 ganz unpedantisch genommen — er zusteuert. Sein
1784 138 2814 179 passives Genie, ein Lyriker in der Lebensführung,
766 168 2823 237 Weg ist mit Kompromissen gepflastert. Es wird ider lieber gut ißt, trinkt und liebt, als arbeitet, und
746 193 1292 270 Zeit, daß er sich aufrafft.
1767 220 2811 272 der die Arbeit denen zuschiebt, die sonst nichts mit
825 251 2814 314 Die Laune zu einer derartigen Betrachtung wäre dem Leben anzufangen wissen. Er heiratet die mit
749 282 2818 349 nicht gekommen, wenn sie der Eindruck des gestrigen 737 Millionen Dollars erblich belastete Miß Mary¬
765 326 2824 396 Abends verdrängt hätte. Man svielte den jungen Eleonore Tunderstam, die der ihr adäquaten Men¬
755 370 2817 401 Strindberg und eine Revolutionskomodie schen (und sie suchte einen Menschen, dem sie all
760 399 2816 500 Schnitzlers die zu den besten Eingebungen des ihr Geld und sich selbst schenken kann) in Hannibal
751 440 1792 493 Dichters zählt. Beide Werke bieten Anlaß zu heiß at¬
1781 453 2066 516 gefunden hat.
764 477 1792 534 mender, die Sinne entflammender Wirkung, wenn bei
1844 479 2805 556 Die Regie hatte Dr. Ernst Lert der seit Be¬
764 522 1789 561 Strindberg die Leidenschaften naturhaft entzündet
1793 516 2811 594 ginn dieser Svielzeit unser Theater leitet. Mit künst¬
756 551 1784 612 werden wenn bei Schnitzlers Komödie Witz und
1791 569 2811 636 lerischer Straffheit und Feingefühl arbeitet er ernst¬
761 598 1781 654 Ernst bedeutungsvoll durcheinanderrumoren, wenn
1787 622 2815 680 lich am künstlerischen Aufstieg dei hiesigen Bühne.
753 637 1786 696 der Trubel kunstvoll geschnürt in einen so farbenbun¬
1795 655 2805 722 Seine Regie gründet im Erfassen, Erwecken und
749 680 1775 736 ten Wirbel gerät, daß Trug und Warheit sich tau¬
1792 690 2809 755 Aufmuntern von Solisten, Chor und all den ande¬
766 721 1775 771 melstark verwirren. Beide Werke blieben hinter ihren
1791 725 2817 796 ren, die zur Vollendung einer gelungenen Vorstel¬
762 759 1784 812 Möglichkeiten zurück. Stärker als Strindberg wurde
1785 785 2815 825 lung nötig sind. Wir sind hier auf dem besten
763 805 1778 854 von Barnowsky Schnitzler ausgerüstet — aber auch
1789 817 2803 866 Wege, ein künstlerisch gefügtes Ensemble zu er¬
759 843 1776 895 hier gah. das farbensatte Gewoge des Schlußbildes
1789 854 2809 922 halten. Lerts stärkste Seite war bis jetzt entschieden
753 876 1776 937 mehr den Triumph einer wohlgeratenenAeußerlichkeit.
1780 903 2810 955 die Oper, die uns Glucs „Iphigenie“ (als Eröff¬
834 935 1781 992 „Fräulein Julie“ ist der vulkanische Vorstoß eines
1780 944 2816 1006 nungsvorstellung), Strauß' „Salome“ Humver¬
761 944 1778 1016 Kraters, in dessen Innern Geschlechterhaß und Groll
1779 987 2812 1039 dincks „Königskinder“ als Hauptsächlichstes brachte.
757 1005 1785 1055 der Enterbten glühte. Die Generation vor uns er¬
1794 1020 2809 1085 Im Schauspiel führte er uns einen sehr wirkungs¬
754 1047 1790 1096 schrak davor und schien sich wieder zu beruhigen. Das
1780 1052 2808 1107 voll belebten „Coriolan“ vor. Ein Sturm= und
759 1097 1782 1146 Problem Strindbergs wurde, obschon man den ersten
1798 1091 2815 1164 Drangiyklus, der das Gären der Zeit in der Litera¬
760 1131 1775 1184 Ausbruch nicht übersah, doch irgendwie vertagt und
1790 1141 2812 1217 tur zeigen wird, folgt im Frühjahr, ebenso ein d'Al¬
754 1173 1777 1225 erst unsere Zeit hat sich mit dem Phänomen Strind¬
2612 1185 2775 1245 H. K.
1786 1193 2044 1246 bert=Zyklus.
765 1209 1787 1266 berg auseinandergesetzt. An der Kompliziertheit des
1841 1220 2830 1291 Der Fontane=Preis, der im Vorjahr nicht
760 1254 1788 1295 Dichters gemessen erscheint das Problem des Trauer¬
1785 1264 2811 1332 nerliehen wurde, kommt in diesem Jahr doppelt zur
753 1287 1789 1347 spiels „Fräulein Julie“ primitiv und einzellig auf
1783 1315 2806 1367 Verteilung. Er wurde vom diesjährigen Juror Erik
756 1335 1784 1386 den erotischen Kampf zwischen Komtesse und Lakai,
1791 1360 2809 1418 Ernst Schwabach zuerteilt: Max Brod für sein jetzt
762 1378 1782 1420 zwischen morscher Wohlgeborenheit und brutal trotzi¬
1789 1399 2817 1453 vorliegendes prosaisches Gesamtwerk, Emil Sin¬
1591 1412 1781 1472 Es er¬
866 1414 1555 1470 Proletenbegehrlichkeit eingestellt.
752 1410 872 1475 ger
1787 1439 2823 1494 clair für seinen Roman „Demian, die Geschichte
759 1435 1786 1522 hebt sich darüber durch Leidenschaftsgrade durch
1792 1476 2080 1538 einer Jugend“.
2121 1479 2818 1533 — Max Brod, der bekannte Prager
1299 1498 1416 1550 des
760 1482 1290 1550 interessante Nebenzüge
1434 1486 1799 1559 Atmosphärischen,
1792 1519 2054 1573 Schriftsteller,
2046 1517 2805 1574 der mit seinem Roman „Schloß
753 1522 1781 1580 Immerhin hat das Uebergewicht die Sensation
1790 1555 2813 1620 Nordepygge“ zuerst die Aufmerksamkeit auf sich
759 1570 1792 1618 und ihr muß auch eine heutige Aufführung
1787 1596 2810 1644 lenkte und anfänglich als Flaubert=Schüler ange¬
752 1605 1783 1661 dienen, trotzdem sie überlebte Motive historisch sieht.
1785 1634 2813 1697 sprochen wurde, hat in einer stattlichen Reihe epischer
747 1661 1787 1706 Die gestrige Aufführung betome und unterstrich
1800 1680 2818 1735 Schöpfungen mit häufig selbstbiographischem Hinter¬
760 1689 1783 1747 alles, was an dem Werke roh und reißerisch ist, ohne
1788 1725 2821 1785 grund ein zähes, ausdrucksvolles, die Probleme um¬
758 1738 1789 1783 seine infernalische Glut dampfen zu lassen. Sie
1795 1755 2821 1807 grübelndes Talent durch einen energischen Willen zu
752 1768 1790 1833 verfiel dem Geist der Schauspielerei. Die Rückkehr
1795 1802 2813 1857 steigern gewußt. Er hat auch als Lyriker den Trieb
764 1815 1785 1873 der Frau Durieux nach Berlin ist begrüßens.
1799 1842 2811 1897 zur Eigenart in mehreren Werken bekundet. Emil
753 1856 1778 1908 wert, da uns ihre nervöse Art, ihr phantasi volles
1788 1884 2816 1957 Sinclair ist ein junger Autor, der mit seinem Erst¬
759 1893 1787 1953 Temperament, ihr mondäner Geist gefehlt haben.
1785 1928 2520 1990 ling schnell Beachtung gefunden hat.
754 1946 1779 1995 Zur Darstellung der Comtesse Julie benötigt man
1853 1959 2813 2030 Das Schicksal der Wiener ehemaligen. Hof¬
768 1982 1789 2029 einen anderen Jahrgang. Diesem Anprall erster
1796 2006 2806 2063 bühnen ist nunmehr entschieden. Nach einer Drah¬
770 2023 1784 2069 stürmischer Wallungen ist sie entwachsen. Selbst
1791 2058 2809 2108 tung aus Wien hat die Regierung beschlossen, sie als
759 2057 1777 2117 wenn man sich über die äußere Erscheinung der
1795 2101 2816 2167 Nationaltheater fortzuführen. Zugleich wird
764 2100 1776 2154 Gereiftheit hinwegsetzt hätte man Anspruch auf
1797 2131 2815 2216 gemeldet, daß Heine an der Spitze des Burg¬
759 2150 1785 2199 Töne, die sich durch Raffinement und Umschreibung
1789 2166 2102 2239 theaters bleibt.
761 2184 1786 2237 nicht ersetzen lassen. Frau Dureicux blieb die Her¬
759 2226 1794 2280 rin, die sich herabläßt. Aller Taumel, aller Groll,
1845 2230 2816 2283 Theateraufführungenw. am Bußtag und
756 2269 1783 2315 alle Verzweiflungen hielten sich in Grenzen von
1788 2250 2826 2318 Totensonntag. Am Bußtag sind, nach einer eben
766 2314 1784 2365 Launenhaftigkei. Erst bei Schnitzler wurde man'
1793 2312 2803 2367 ergangenen Verfügung, wie am Karfreitag die
759 2343 1774 2395 ihrer Mitwirkung froh. Da gab sie die lüsterne
1797 2346 2814 2404 Theater, Kanzertsäle Habaretts, Lichtsvieltheater usw.
753 2386 1784 2454 Gattin des Margius von Lansac, und dieses kapriziöse
1783 2388 2821 2435 grundsätzlich geschlossen zu halten. Bei den Theatern!
753 2434 1251 2487 Bild glaubte man ihr.
1783 2433 2811 2490 findet eine Ausnahme nur zugunsten ernster, der
818 2461 1786 2527 Eugen Klöpfer hat auf die Darstellung des
1788 2472 2811 2519 Weihe des Tages Rechnung tragender Stücke statt.
756 2499 1784 2555 Lakaien Jean starke Anrechte. Es steckt in ihm An¬
1796 2517 2811 2570 Für den Karfreitag sind demgemäß Werke wie „Par¬
754 2548 1803 2611 wartschaft auf Nachfolge Bassermanns, seine raube
1790 2539 2818 2605 sifal“ und das Fuchssche Christusdrama nicht bean¬
753 2592 2814 2649 Kehle verfügt über Exponenten der Leidenschaft. Die standet worden. In den Koniertsälen kann neben
757 2625 1793 2691 Distanz zwischen ruhiger Charakteristik und auf¬
1788 2628 2824 2691 rein geistlicher auch ernste Musik dargeboten werden,
765 2666 1791 2727 wallander Glat ist bei ihm noch unausgeglichen. Im
1797 2674 2815 2734 sofern das Programm und die äußere Veranstaltung
766 2719 2814 2772 Gleichgewichtszustand versimpelt er, und gestern warldes Konzerts der Bedeutung des Tages gerecht wer¬
760 2752 1796 2818 er zwischen den Temperamentsausbrüchen fast süßlich.
1798 2754 2826 2813 den. Am Totensonntag sind wie am Donnerstag
1789 2797 2817 2842 und Sonnabend der Karwoche bei allen genannten
759 2799 1790 2851 Eine bessere Führung hätte aus ihm mehr heraus¬
759 2836 1787 2890 geholt. Auch die Besetzung der Christine mit Ilka
1787 2823 2817 2896 Unternehmungen nur ernste Darbietungen zuge¬
1488 2873 1794 2932 Szenisch fehlte
765 2873 1433 2935 Grününg leuchtete nicht ein.
1788 2867 2816 2927 lassen mit der Maßaabe daß Theater, die schließen
767 2916 1787 2978 zwischen Nacht und morgen der Einschnitt. Trotzdem
1796 2920 2827 2974 müßten, wenn sie ihr Repertoirestück nicht geben
762 2966 1787 3027 setzte sich Strindberg durch — doch mit Stockungen,
1792 2958 2809 3013 dürften an dessen Aufführung nicht gehindert wer¬
765 2999 1436 3056 die man früher nicht wahrnahm.
1784 2994 2823 3062 den sollen. Am Karfreitag, Bußtag und Totensonn¬
825 3014 2813 3083 Schnitzlers „Grüner Kakadu“ ist ein technisches tag sind Nachmittagsvorstellungen verboten. Bei
768 3058 2818 3126 Meisterstück, das die Bühnen zum intensivsten Wett= Zweifeln über den Umfang dieses Verbots wird die
769 3123 1789 3172 bewerb aufreizt. Barnowsky hätte hierzu der ehe¬
1787 3117 2812 3175 Theater=Abteilung des Polizcivräsidiums Auskunft
766 3157 1794 3217 maligen Garde bedürft, unter denen Erscheinungen
1794 3160 2814 3231 erteilen. — Also die gleiche Verfügung wie im vori¬
764 3200 1794 3265 wie Gottocot dominierten. Seine gestrigen Absichten
1786 3204 2012 3269 gen Jahr.
768 3235 1799 3306 scheiterten an Halbheiten der Episooe. Schon der
1836 3230 2830 3304 In der Staatsoper finden in der kommenden Woche
764 3284 1784 3330 Wirt Prospere, der wie eine Stimmgabel den
1789 3286 2817 3343 folgende bemerkenswerte Gastspiele statt: Herr Fritz
1655 3321 1781 3381 Hans
764 3326 1669 3378 Grundton angeben müßte, enttäuschte.
1787 3322 2818 3379 [Feinhals singt als dritte und letzte Rolle am kommen¬
2709 3350 2817 3409 die
1799 3366 2720 3416 den Dienstaa im „Fliegenden Holländer“
761 3362 1794 3417 Fischer scheint in Dresden denn doch etliches ver¬
1790 3386 2819 3446 Titelvartie, Herr Roffmann als 2. Rolle auf Engage¬
768 3405 1783 3460 Aernt zu haben. Auch ein Komödiantenvater muß
2230 3430 2822 3486 M., den Grasen Almaviva im
1795 3433 2169 3489 ment am Freitag, 7
769 3442 1794 3499 Ergendwie echt sein. Man darf es sich versagen, ähn¬
1793 3465 2810 3524 Barbier von Sevilla“. Am Montag. 10 d. M
762 3487 1787 3536 liche Feststellungen bei jedem Einzelnen des figuren¬
1787 3492 2807 3555 beginnt Frl. Maria Ivogün vom Münchener National¬
766 3527 1781 3577 reichen Stückes zu wiederholen. Bloß Frl. Daigny
1788 3537 2037 3598 theater ein al
2123 3539 2825 3606 Abende berechretes Gastspiel und zwar
760 3556 1788 3619 Servaes und die bereits erwähnte Frau Durieux
1795 3578 2440 3639 als Gilda in Verdis Rigoletto.
759 3609 1792 3656 waren Ausnahmen. Auch Herr Klöpfer war in
1837 3594 2816 3669 Deutsches Theater. In der am Freitag statt¬
760 3643 1788 3695 der Zeichnung des eigentlichen Strolches halbwegs
1787 3649 2818 3715 findenden Erstaufführung von Richard Beer=Hof¬
759 3691 2856 3746 interessant. Conrad Veidt spielte, so treffend rein manns Dichtung Jaakobs Traum“ wirken in den !
762 3727 2875 3807 äußerlich der Typus des Stars herauskam, denn Hauptrollen mit: Alexander Moissi. Maria Fein, Paul I
