3436 4256
1439 137 1888 240 box 15/2
985 141 1320 229 Kakadu
740 145 998 228 ruene
238 148 657 248 9.3. Der
472 169 1309 260 Der Bluehe Kanaad
2936 1195 3175 1280 — □
186 1228 830 1307 hienen. Tatsächlich hat auch
836 1224 1113 1317 gehäuft hat.
1996 1237 3175 1312 wegschiebt, dem sie vor einigen Wochen so nahe war. Sie
200 1282 837 1361 lem dreizehnten Dezember den
903 1298 3185 1378 Konnte es zweifelhaft sein, daß der Kaiser, nachdem hat eine Drachensaat ausgestreut, und nun wird Ungarn
223 1334 833 1404 r geführt, sondern der andere
839 1345 2015 1412 die Handelsverträge mit den auswärtigen Mächten ge¬
1998 1345 3174 1430 von großen Aufregungen, vom heftigsten Wahlfieber ge¬
220 1384 834 1457 bffy, der einzige, den sich die
838 1386 2003 1445 schlosen waren, um keinen Preis vor den fremden
1994 1390 2351 1475 schüttelt werden.
205 1435 838 1506 tzt wird Baron Feilitzsch trotz
837 1440 2002 1516 Staaen erklären werde, er müsse sein Wort zurückziehen
208 1475 2031 1556 Ackerbauminister des neuen und dürfe seine Unterschrift nicht geben? Eine solche
208 1574 367 1637 thält:
828 1591 1989 1654 Schrillen, sein Leichtmut und seine naive Denkungsart,
1995 1592 3175 1667 urteilung gefunden wie hier. Mitten in der klassischen
826 1637 2002 1707 die peder Erfahrungen noch Studien zu bannen ver¬
1994 1636 3089 1717 Literaturepoche läßt sich Gentz wie folgt vernehmen:
205 1618 831 1728 Pölkerkunde“: „Die
838 1678 2003 1746 möge. „Ich werde immer ein Schüler bleiben auch wenn
2067 1685 3176 1748 Das Lustspiel „Amphitryon“ hat mir die angenehmsten und
204 1699 837 1789 nmunitätslehre.“ Von
834 1719 1996 1797 ich as Greis zur Grube fahre!“ klagt er selbst. Es war
1996 1726 3183 1794 ich kanu wohl sagen, die einzigen rein angenehmen Stunden ge¬
1994 1772 3188 1850 schaffen, die ich seit mehreren Jahren irgend einem Produkt der
198 1767 842 1866 ier, Berlin, III. Seite 20
822 1785 2002 1849 seyr natürlich, daß ein so gearteter Charakter in Ver¬
1996 1823 3183 1893 deutschen Literatur verdankte. Mit uneingeschränkter, mit unbe¬
833 1826 1987 1890 binding mit Oesterreich trat. So hilft er denn in Prag,
1995 1862 3178 1913 dingter Bewunderung habe ich es gelesen, wieder gelesen, mit
829 1872 1997 1931 wo # vor den Entscheidungstagen des Jahres 1809 zu
1997 1908 3183 1964 Molière verglichen und dann aufs neue in seiner herrlichen
827 1915 2000 1987 den damaligen aristokratischen Berühmtheiten in enge
1984 1945 3178 1997 Originalität genossen. Selbst da, wo dieses Stück Nach¬
203 1929 824 2029 maus „Crone Ständlin“
832 1969 2000 2030 Bezichungen trat, den Salon des Burghauptmannes
1995 1995 3182 2053 bildung ist, steigt es zu einer Vollkommenheit, die nach meinem
215 2007 339 2080 19.
838 2016 1996 2071 Grafm Kolowrat beleben, in dem sich die erbittertsten
2001 2034 3192 2090 Gefühl weder Bürger, noch Schiller, noch Goethe, noch Schlegel
832 2051 2008 2132 Feinle Napoleons ihr Stelldichein geben. Man kommt
2000 2077 3114 2124 in ihren Uebersetzungen jemals erreichten. Denn zugleich
830 2112 1994 2168 überen, ein Journal „Germania“ ins Leben zu rusen,
1990 2120 3180 2175 Molière und so deutsch zu sein, ist wirklich etwas Wunder¬
205 2116 482 2230 leton.
1985 2169 3194 2228 volles. .. In Molière ist das Stück bei all seinen einzelnen
826 2159 1998 2219 das für die Gemeinsamkeit Oesterreichs und Deutschlands
2001 2207 3180 2255 Schönheiten und dem großen Interesse der Fabel, die ihm so
829 2204 1998 2262 kämpen soll, „deren Wurzeln tausendästig im Boden
1991 2238 3178 2311 wenig angehört als Kleist, am Ende doch nichts als eine Posse,
831 2240 1996 2312 ruher“. Der Dichter wird zum Agitator, er vergißt die
204 2245 804 2349 ödie „Der zerbrochene
1999 2281 3178 2354 hier aber verklärt es sich in ein wirklich Shakespearesches Lust¬
831 2300 1999 2371 Literitur und stellt sich ganz in den Dienst der Politik.
220 2315 311 2385 ug“
2009 2338 3130 2386 spiel und wird komisch und erhaben zugleich. Die Sprache is
833 2344 1998 2423 Er lesingt Oesterreich, verherrlicht den Kaiser, dessen
1994 2364 3181 2438 durchaus der ersten Dichter würdig, diesen Styl nenne ich klassisch.
202 2359 813 2441 ben im Deutschen Volkstheater.)
828 2399 2001 2457 ruhige Hinnahme einer von den unseligsten Ideen be¬
2073 2423 3186 2489 Und Adam Müller, an den diese Zellen gerichtet
205 2428 837 2505 t dem tragischen Ende, zeigt
817 2436 2000 2515 herrschten Politik er für Größe hält, und entzückt den
2007 2459 3182 2558 sind, nach Gentzens Meinung „der fähigste Kopf unter
201 2475 837 2549 slauf die auffallendsten Be¬
831 2489 1996 2549 Burchauptmann wie dessen Freunde. Da Kolowrat nach
1991 2517 2752 2591 den deutschen Literaten“, erwidert:
210 2533 828 2602 In einer kahlen und kühlen
824 2535 1999 2598 Teplitz übersiedelt, folgt ihm Kleist dahin. Damen und
2088 2556 3190 2640 „Amphitryon“ handelt ebensogut von der unbefleckten
205 2575 837 2656 Nordens geboren, wird er
828 2582 2004 2637 Herren der Gesellschaft zeichnen ihn um die Wette aus,
1990 2589 3191 2685 Empfängnis der heiligen Jungfrau als von dem Geheimnisse
204 2625 840 2698 krischen Laufbahn von der
819 2634 1995 2697 man verheißt ihm eine Direktorsstelle am Burgtheater;
2001 2653 3184 2712 der Liebe, und so ist er gerade aus der schönen Zeit ent¬
211 2672 826 2740 ntasie erfüllt, und der poe¬
819 2677 2005 2739 dieses selbst schickt ihm manche gewichtige Rolle Louisdors
2008 2706 3188 2754 sprungen, in der sich endlich die Einheit alles Glaubens, aller
225 2702 828 2789 mit allen Gebresten seines
834 2727 2003 2791 für Stücke, die es später nicht aufführen kann. Buol, der
1998 2741 3189 2811 Liebe, aller Religionen aufgetan. Protestieren Sie nicht länger
291 2769 854 2835 von Homburg, in die
830 2781 1995 2842 österreichische Gesandte in Dresden, Metternichs Nach¬
1993 2783 3194 2864 gegen die Zukunft Gottes, des Herrn in Wissenschaft. Leben
201 2806 829 2897 r ein seltsames Doppelgesicht.
819 2815 1994 2885 folger, läßt in seinem Salon den „Zerbrochenen Krug“
2001 2821 2288 2900 und Kunst!
203 2854 842 2936 kfühl, das auch Goethe mit
828 2867 2007 2923 von adeligen Dilettanten spielen, und als ein gräfliches
2063 2872 3191 2957 Solche Stimmen, deren Echo aus dem Munde vieler
214 2903 829 2976 beurteilt, norddeutsch seine
829 2909 2012 2992 Konsortium den Pacht des Wiedener Theaters übernimmt,
1991 2910 3178 2999 hoher österreichischer Herren klingt, locken Kleist in die
202 2947 831 3025 eine Gründlichkeit und seine
824 2948 2000 3028 gibt man hier, leider ohne tiefere Wirkung, vor anderen
1986 2967 3173 3048 Richtung der Proteusnaturen, die mit revolutionärem Un¬
218 3002 821 3079 Entscheidungen zu treffen —
826 3014 1998 3069 deutschen Lühnen, das poetische „Käthchen“, das erst nach
1991 3025 3243 3104 gestüm einsetzten, um später unter den seltsamsten Ver¬
831 3053 1999 3131 dem Tode seines Autors von der alten Bischofsstadt
217 3051 830 3126 unruhiges Schwanken, seine
2000 3074 3179 3129 kleidungen der Reaktion. Rom und der Staatskanzlei
209 3102 834 3171 rbte Seele, die schon aus
828 3100 2004 3164 Bamberg aus eine unbestrittene Theaterherrschaft gewann.
1995 3126 3182 3185 Metternichs zu dienen. Auch die Entstehung des „Zer¬
217 3145 331 3211 tlitz
321 3139 829 3219 mit den knabenhaften
816 3149 1995 3222 Die Siege Napoleons verbannen Kleist aus Oesterreich,
1987 3155 3185 3237 brochenen Kruges“ hatte ein Halbösterreicher beeinflußt.
219 3192 837 3274 die Unzuverlässigkeit seines
816 3195 3185 3298 aber immer wieder drängte es ihn zu dessen Boden zurück. Dies war der junge Wieland, der Sohn des berühmten
221 3245 3197 3349 pbantgstischer Grillen undEr hat bei Lebzeiten uiraends eine so warme Be= Oberonsängers, nicht zu dessen Freude gehoren, da er un¬
