3436 4256
1979 203 2446 302 box 15/5
198 220 1875 321 9.4. Der Bruene Kakadu— Zyklus
2338 1546 2472 1642 —
2151 1507 2222 1642 —
2625 1554 2794 1642 —
3013 1558 3137 1651 Witen
2531 1570 2652 1645 S
3153 1515 3288 1654 6300
766 1615 1255 1687 Nachdruck verboten.
1584 1623 2793 1696 vorhandenen Kräften aupassen. Rasch hinter einander starben
2770 1641 3300 1704 manns „Glück im Winkel“
1575 1660 2792 1741 Mittenwurzer, das Ehepaar Gabillon, Charlotte Wolter, Helene
2771 1682 3316 1754 wurzer einen jener starken
690 1681 1304 1761 Die Wiener Hoftheater.
1571 1699 2781 1787 Hartmann. Baumeister ist durch ein immer wieder auftreiendes
2780 1728 3309 1796 Dichtung und Darsteiler sich
467 1732 2785 1821 Während die einst so gemüthliche, behaglich schöne Haupt= Leiden an der Ausübung seiner Kunst verhindert. Angesichts
2836 1770 3318 1844 Unter den seit Neujahr
378 1789 2788 1877 und Residenzstadt Oesterreichs an tiefinnerlicher Zerklüftung, dieser Verhältnisse wäre es klüger gewesen, die temperamentvolle
2768 1795 3302 1883 wie vorauszusehen war, P
372 1831 1599 1901 an zunehmendem wirthschaftlichen und sozialen Elend krankt,
1577 1849 2779 1923 Heroine, Adele Sandrock, zu behalten, wenigstens so lange,
2777 1869 3311 1927 zugkräftigsten. Sein literau
369 1875 1592 1945 und ihr Handel und Wandel hinter manchem Provinzialort
1574 1888 2786 1964 bis eine übenbürtige Schauspielerin die scheidende ersetzt hätte.]
2766 1904 3318 1966 und es fragt sich überhaupt
371 1906 772 1993 zurückblieb, ist
750 1929 3307 2011 doch der allabendliche Andrang vor! Ein Burgtheater ohne eine große tragische Schauspielerin ist im politische Zeitereignisse im
373 1972 1600 2038 beden Theatergebänden unvermindert wie zur fernab¬
1577 1973 2789 2055 Grunde ein Unding. Auch an ersten Liebhabern herrscht ein
2766 1982 3318 2060 nisse abzuspiegeln. Aber kank
220 2014 1591 2066 liegenden „Phäakenzeit“ der dreißiger und vierziger
1585 2025 3301 2094 empfindlicher Mangel: Victor Kutschera, ein Liebling des Pu=man Sartorius im Sinne
195 2060 1591 2119 Jahre geblieben. Der Besuch des Schauspiels, der Oper
1578 2062 3305 2149 blikums, kehrte zu dem „Deutschen Volkstheater“ zurück, wo er von vornhinein elektrifirt. B
378 2097 1590 2153 —und der Operette ist den Wienern Lebensbedingung, da Plauder¬
1583 2113 3318 2193 als hübschester, frischester Heinrich von Navarra und poelischer der vollen Höhe seines Könne#
373 2141 1589 2202 abende am Theetisch nach Berliner Art oder zwanglose Con¬
1585 2151 3313 2238 Pfarrer von Kirchfeld zuerst die Herzen gewann. An seine zu stehen,“ sagte Ludwig S
382 2188 1591 2252 versazioni wie in Italien, keinen Reiz für sie besitzen. Bühnen¬
1577 2197 3307 2273 Stelle trat Herr Frank, ein munterer, doch keineswegs ernst zu nesene Schauspieler seinen
382 2229 1591 2291 mitglieder jeder Gattung haben in den Augen des hiesigen
1582 2240 3313 2325 nehmender Amoroso. „Cyrano von Bergerac“, Rostands geniale von Neuem in der Heimatk
376 2276 1593 2342 Publikums einen größeren Nimbus als Komponisten oder Dichter
1571 2287 3310 2368 Komödie, kam in Wien nicht zur Geltung wegen ungenügender werfen. Ob seine kräftige2
378 2323 2777 2405 — wiederum ein wesentlicher Unterschied zwischen süd= und Besetzung. Als Erretter aus solcher Bedräugniß wird nun
2762 2347 3303 2415 hofen entläßt oder ob „das
375 2361 1591 2418 norddeutscher Empfindungsweise. Gab es auch Anfangs dieses
1574 2377 3309 2453 Kainz erwartet. Er soll im Geiste Löwes und Fichtners wirken, fähig bleibt, muß die na
367 2404 3317 2492 Jahres im Hotel Continental ein Banket zu Ehren des person= scheint aber für diese Aufgabe nicht sehr begeistert, sein, dnl Tragödie „Herostrat“ ist un
377 2440 1201 2512 lich anwesenden Gerhart Hauptmann
1177 2455 1317 2503 so
1296 2470 3324 2555 geschah dies er nur zwei Jahre, nicht, wie es Anfangs beschle n war, ein Brettern der Burg verschun
379 2497 1577 2560 größtentheils durch die Initiative Direktor Schleuthers, denn
1582 2509 3313 2588 ganzes Dezennium im Verband des Burgtheaters rbleiben will. gefallen hatte. Mit ein
379 2544 1588 2596 nachhaltiger als mit dem schlesischen Gast beschaftigke man sich
1657 2552 3318 2643 Adele Sandrock hegt den Plan, ein beson' tes Theater=fürl sich die Dichtung ohn
366 2571 1578 2641 mit Sonnenthal=Henschel und der virtuosen Leistung Fräulein
1570 2588 3308 2679 sich und interessante Gäste zu erbauen. Bei ihrem Gastspiel des Publikums erfreut,
370 2617 1583 2683 Witts als Hanne Schäl. Böse Zungen versichern segar allen
1579 2640 3318 2725 im Berliner Goethe=Theater bewegte sie sich in der Sphäre den fünften Akt geschickt mit
375 2668 1581 2728 Einstes: seit der Verfasser der „Weber“ zum zweiten Mal den
1578 2685 3301 2750 nervöser, pikanter Salondamen, ihre Befähigung aber reicht der Tempelbrand die fehr #
374 2719 1576 2775 Grillparzer=Preis erhalten, habe Grillparzers Marmorbild im
1569 2721 3318 2814 weit darüber hinaus. Als besonderer Prüfstein für die feelische Vielleicht ergeht es dem „He
366 2740 1586 2820 Volksgarten mit dem Kopfe geschüttelt. Aber es giebt genug andere
1571 2767 3309 2858 und plastische Gestaltungsgabe einer Schauspielerin gilt vor= Erde“, die vom Deutschen
374 2801 1579 2861 Dinge die dem Dichter der „Aynfrau“ die Ruhe stören könnten.
1575 2816 2769 2884 zugsweise Hebbels „Indith“ Unter Laubes Leitung war sie
2753 2826 3316 2891 Aufführungen zurückgelegt w#
363 2850 1586 2913 Obwohl er bei Lebzeiten ein Schwarzseher war, würde er doch
1565 2859 2763 2922 eine Glanzrolle von Christine Enghaus, der Gattin Hebbels.
2755 2871 3281 2949 und Interesse erweckt. Viel
359 2881 2761 2968 mge geahnt haben, welche Veränderungen dem Wesen des Burg=Aeußerlich erinnerte ihre junonische Erscheinung an die prächtige
2753 2915 3210 2987 Schnitzlers Kömödien.
353 2928 444 2988 15
425 2931 1575 2991 aters vorbehalten waren. Gerade das Charakteristische dieser
1571 2944 3324 3018 Judith des florentinischen Malers Allori im Palazzo Pitti. noch die Epoche Sandrock=M
363 2981 1587 3027 Pone, die Vornehmheit, ist ihr abhanden gekommen, theils
1566 2977 3307 3073 Adsie Sandrock, nicht schön, nur im Besitz wunderbar sprechen=nachhaltigen Eindruck. In
390 3020 1578 3081 d# die im Personal entstandenen, nicht ausfüllbaren Lücken,
1565 3030 3299 3098 der Augen hebt mehr die herbjungfräuliche Wittwe hervor Hausi Niese, die Soubrette
356 3046 1569 3131 ##is durch Einflüsse und Konflikte verschiedenster Art. Die
1566 3069 1634 3122 n
1671 3071 3318 3164 vergeistigt selbst die bedenklichsten Momente derl zwar mit Glück. Als Wie
362 3112 1575 3174 Medeen, Sapphos und Heros werden überall besser gespielt
1569 3119 3311 3201 T#ittag, welche immer für Jahrzehnte lang von der die Vertreterin freier Liebe.
364 3146 1584 3220 als im Prachtbau am Fränzensring, während der vierte Stand
1559 3162 3304 3234 Bohne wegen Mangels an kongenialen Darstellern zu macht. Zum zweiten Mal
355 3190 3316 3287 und die kleinen Leute vorzügliche Darsteller finden — „Darsteller veschwinden pflegt. Nicht eine mit frischen vollen mit dem Schauspiel „Vermäc
373 3238 3308 3323 von niederschmetternder Naturwahrheit“, wie Max Kalbeck sagt.] Llezen prangende Verführerin sahen wir vor uns, sondern die Opfer illegitimer Verhältnisse
446 3283 3319 3371 Dies Alles dem neuen reichsdeutschen Direktor Paul vißonärstarrende, bleiche Tyrannenmörderin Giulio Romanosl die Tochter des Vorstadtmusi
360 3297 1569 3388 Schleuther in die Schuhe schieben zu wollen, wäre ungerecht.
1567 3342 3298 3424 aus der Münchener Pinacothek. Mit gleicher Sicherheit be= weist sich die sogenannte „Di
361 3366 1555 3438 Schon sein Vorgänger Burkhardt eröffnete dem Realismus die
1566 3378 2761 3454 wegt sich die Künstlerin in schlicht bürgerlicher Sphäre. Bei
2745 3400 3329 3483 Schnitzlers, die nach dem #
364 3402 2969 3457 Pforten, an denen früher die Musen Wache hielten, und zweit uslaller angeborenen Leidenschaftlichkeit stehen ihr Herzenstöne zu ausfüllen.
354 3462 3330 3534 muß er sich nach der Decke stiecken unselenten Spielplan den! Gebote, die der Wolter, so bestechend sie war, fehlten. Suder=! Als Lockvogel für das
2809 3527 2890 3619 8
2978 4094 3101 4173 Mnhr
2300 4111 2504 4182 K Wnegn
