3484 4256
266 143 1345 217 9. 3. Der vruene Kakadu
748 711 1283 871 Sheuter
626 807 874 908 T2NUU 19
416 871 1043 990 Dekadenztragödie.
567 964 1443 1051 Unser Berliner Theaterreferent schreibt
487 1029 609 1093 unse
573 1070 1445 1141 Frau Tilla Durieux, gewiß nicht die
475 1111 1452 1190 bedeutendste Persönlichkeit, aber wahrscheinlich
499 1175 1450 1229 die sicherste Könnerin auf der heutigen deutschen
488 1215 1460 1280 Bühne, ist nun eben zum zweitenmal dem
498 1267 1446 1330 Lessing=Theater verpflichtet. Um ihr
394 1280 485 1356 2
487 1304 1441 1358 eine bequeme, eigentlich allzu bequeme An¬
472 1355 1452 1400 trittsrolle zu bieten, hatte Direktor Bar¬
1359 1386 1391 1418 41
478 1398 1446 1449 nowsky zwei sehr bekannte, tragikomische Ein¬
487 1444 1446 1494 akter der letzten Generation herausgesucht.
488 1483 1447 1543 Denn perverse Aristokratinnen, das ist Tilla
492 1531 1451 1580 Durieux' Spezialität. So war sie erst Fräulein
493 1575 1444 1628 Julie in dem berühmten Einakter des jungen
488 1622 1452 1673 Strindberg. Um den Zorn auf todesreifen,
493 1661 1452 1713 überkultivierten Adel zu entladen, muß diese
488 1708 1444 1768 Julie ein sehr verderbtes und kühles Geschöpf
491 1753 1443 1807 sein — um den tragischen Schluß zu liefern,
495 1795 1450 1840 muß aber ihr Fall sie bis zu völliger Besin¬
491 1834 1447 1892 nungslosigkeit entwurzeln. Es geht nicht recht
487 1876 1450 1924 zusammen — aber die einzelnen Teile macht die
486 1926 1456 1986 Durieux natürlich glänzend. Nachher ist sie (mit
484 1973 1457 2020 einer unnötigen Nüance von Dummheit, aber
492 2013 1450 2069 sonst sehr witzig) die Marquise in Schnitzlers
496 2067 1458 2115 „Grünem Kakadu“. Es ist kein
494 2097 1458 2161 Zufall, daß das in skeptischer Genußsucht
486 2146 1226 2203 aufgelöste Wiener Spielertum
1235 2148 1452 2208 niemals
493 2190 1461 2246 wieder etwas so Starkes zustande gebracht
490 2225 1460 2270 hat wie in diesem Akt. mit dem es eine
491 2268 1459 2330 Art Selbsthinrichtung vollzogen hat. Das Stück
492 2329 1466 2383 wird denn auch — was doch nur ganz weni##e
484 2362 1439 2415 Werke der Modernen von sich rühmen können —
494 2406 1467 2458 in zwei Jahrzehnten zum fünften Male von
495 2449 1455 2505 einer Berliner Bühne aufgenommen, und es
494 2499 1457 2558 wirkt noch immer fast so stark wie bei seiner
484 2540 1456 2596 Uraufführung. Die war eine der glänzendsten
494 2583 1457 2635 Vorstellungen Otto Brahms. Josef Kainz stand
494 2629 1453 2676 damals vor seinem Abgang nach Wien zum
493 2666 1468 2731 letztenmal in einer Berliner Premiere auf der
492 2713 1458 2765 Bühne. Und wie er als Schauspieler Henry
494 2769 1458 2820 seinem Prinzipal zurief: „Ihr wißt gar nicht,
485 2799 1467 2864 was für ein Künstler in mir steckt!“, und dieser,
490 2848 1467 2901 den berühmten Kainzschen Ton kovierend, ihm
1491 140 1918 228 box 15/3
1468 706 2378 786 entgegenschrie: „... gewiß wissen wir es!“ —
1469 745 2494 828 da unterbrach das jubelnde Parkett für Mi=
2445 807 2486 855 1
1465 822 2424 868 nuten die Vorstellung. Einer der in Berlin ganz
1479 867 2487 944 seltenen Fälle von Schauspielerovationen großen;
1474 911 1845 975 Stils im Theater.
1545 942 2425 1020 Der Darsteller des Wirtes war heute noch
1473 1000 2429 1055 oder wieder derselbe wie damals: Hans
1473 1046 2436 1102 Fischer, ausgezeichnet in der leichten Komik
1460 1098 2427 1151 des Schmierenvaters, hinter der schwer und ge¬
1475 1142 2423 1198 fährlich der echte Revolutionär droht. Die Evi¬
1462 1190 2425 1244 gonen neben ihm hielten den Vergleich mit dem
1469 1237 2434 1284 größeren Geschlecht nicht gut aus. Starke Hoff¬
1465 1271 2425 1315 nung knüpft sich nur an den Darsteller, der mit
1465 1315 2424 1365 dem sentimentalen Strolch Schnitzlers und
1467 1361 2435 1416 schon mit dem brutalen Lakaien Strindbergs sich
1462 1409 2439 1459 als Erbe des unvergeßlichen Rudolf Rittner vor¬
1473 1449 2437 1503 stellte. Eugen Klöpfer hat wohl nicht dessen
1469 1488 2433 1554 scheu verschlossene Tiefe, sein Temperament
1467 1529 2426 1581 kommt leichter an die Oberfläche des bunten
1477 1571 2434 1645 Theaters, aber es hat etwas von der echten, ge¬
1470 1609 2434 1681 fährlichen Naturkraft, der drohenden Wucht und
1468 1667 2421 1724 scheinbar auch von dem wilden Humor jenes
1472 1720 2424 1767 größten Realisten aus Brahms Ensemble. Eugen
1464 1751 2433 1819 Klöpfer bedeutet zweifellos die wertvollste Be¬
1468 1798 2431 1851 reicherung der Berliner Schauspielkunst in dieser
2132 1837 2394 1901 Inlius=Bad.
1470 1842 1682 1914 Spielzeit.
