3436 4224
1482 176 1900 269 box 15/2
1016 187 1337 268 Kakadu
790 199 966 268 uen
506 193 671 268 Der
269 191 1328 312 9. 3  K  nee
1268 1343 1669 1437 Telephon 12801.
890 1407 2024 1506 Alex. Weigls Unternehmen für Zeitungs-Ausschnitte
1707 1499 1846 1575 264
1082 1505 1768 1634 „OBSERVEN
900 1612 2022 1696 L. österr. behördl. konz. Burean für Zeltungsberichte u. Personalnachrichten
1087 1686 1861 1760 Wien, I., Concordiaplatz 4.
1319 1753 1618 1817 Vertretungen
931 1786 2026 1859 in Berlin, Budapest, Chicago, Genf, London, New-York,
891 1861 2035 1917 Paris, Rom, Mailand, Stockholm, Christiania, St. Petersburg.
1170 1887 1755 1958 (Quellenangabe ohne Gewähr.)
897 1979 2098 2092 Ausschnitt aus: Figaro, Wien
906 2098 1091 2161 vom:
1259 2099 1579 2231 W
1020 2191 2374 2279 Das Deutsche Volkstheater veranstaltete gelegentlich der Erstaufführung
887 2278 2279 2335 — zweier Einakter eine Art kleiner Heerschau seiner dermalen disponiblen Kräfte.
1032 2303 2374 2396 Was nicht in Kleists „Der zerbrochene Krug“ zu Wort und Spiel
907 2371 2359 2463 kam, wurde uns in Schnitzlers „Der grüne Kakadu“ wohl adjustiert vor¬
891 2407 2359 2520 geführt. — Paraden vor hohen Herrschaften und einem neugierigen Publikum
909 2475 1750 2559 fallen bekanntlich immer zur Zufriedenheit aus.
1044 2525 1452 2595 So war es auch hier.
1034 2542 2377 2628 Wenn sich auch „Der zerbrochene Krug“ als nicht viel haltbarer
921 2620 2382 2699 erwies, als bei den verschiedenen da und dort vorangegangenen Versuchen, ihn
921 2659 2387 2760 dem unverdienten Scherbendasein in der Gerümpelkammer zu entreißen, so verriet
917 2746 2380 2810 doch „Der grüne Kakadu“ mit seinen Sprechversuchen an der neuen Stätte,
916 2807 2386 2864 daß seine Stimm= und Stimmungsmittel — und auf die Geltendmachung
915 2842 2387 2903 dieser beiden wurde seitens der Spielleitung dieser Bühne diesmal besonderes
914 2897 1702 2959 Gewicht gelegt — keine gewöhnlichen seien.
1041 2953 2390 3011 Das Stück hinterließ einen starken Eindruck und das war wohl alles, was
919 2994 1687 3066 man von Autor und Regie fordern konnte.
1040 3033 2401 3100 Von den Mitwirkenden mögen besonders die Damen Galafres, Ritsche.
920 3075 2384 3195 und Schaffer, sowie die Herren Birron, Kramer und Jensen genannt werden.
