3436 4224
1957 174 2408 269 box 16/1
208 174 1818 303 9.4. Der gruene Kakadu zyklus
1150 354 2205 458 Saal nach Abwicklung des Gruppenaufzuges 2c.
1156 417 2203 514 für den Tanz bestimmt ist, wird ersucht, dort nicht
1162 491 2194 550 zu rauchen. — Heute abends 8 Uhr Generalprobe
1155 538 2201 602 im großen Stadtsaal für den Gruppenaufzug und
1160 591 2196 655 werden sämmtliche costümierte Darsteller zur Theil¬
1164 622 1777 705 nahme freundlichst eingeladen.
1546 713 1800 796 Sport.
1190 767 2176 858 (Das Preisrodeln) im Hallthal findet nicht,
1159 844 2181 899 wie es in der uns zugesandten Mittheilung irr¬
1151 888 2188 968 thümlich hieß, am Samstag, sondern am Sonntag
1163 940 1530 1020 den 17. ds. statt.
1772 964 2076 1059 ehen
1339 1028 2014 1126 Theater und Musik.
1195 1110 2187 1182 (Innsbrucker Stadttheater.) Heute gelangt
1157 1174 2189 1240 im ungeraden Abonnement, Serie roth, der stets
1161 1231 2189 1285 mit ungetheilter Heiterkeit aufgenommene Schwank
1168 1276 2198 1341 „Die dritte Escadron“ von B. Buchbi der
1162 1324 2195 1385 zur Darstellung. Morgsetzt Herr Robert Garrison
1166 1373 2192 1433 sein Gastspiel als Richard III. in Shake peares
1154 1406 2198 1476 gleichnamiger Tragödie fort. Diese Aufführung
1162 1466 2201 1548 bildet die 112. Abonnements=Vorstellung, Serie
1153 1511 1308 1573 braun.
1185 1546 2191 1635 Der ungemein starken Kartennachfrage für die
1152 1607 2200 1688 sonntägige Nachmittagsvorstellung wegen werden
1160 1658 2188 1719 die Herrschaften, die sich Logen und Sitzplätze re¬
1148 1694 2182 1772 servieren ließen, dringendst gebeten, die vorgemerk¬
1153 1741 2194 1815 ten Billete baldigst, sicher aber Samstag abholen
1149 1798 1511 1860 lassen zu wollen.
1595 1807 2193 1878 Sonntag Abend beginnt die
1162 1857 2204 1905 Schauspielerin Helene Odilon vom Deutschen
1142 1889 2200 1958 Volkstheater in Wien ein drei Abende umfassendes
1145 1957 2196 2022 Gastspiel, für welches folgender Spielplan festgesetzt
1152 2001 2193 2072 wurde: Sonntag, 17. ds., „Der Star“ (Novität),
1155 2053 2188 2109 Montag, 18. ds., „Untren“ (Novität), Dienstag,
1154 2102 1804 2164 19. „Die Haubenlerche“
1802 2097 2191 2168 Karten für jede
1155 2148 2175 2201 dieser drei im Suspendu stattfindenden Vorstellun¬
1144 2201 2182 2261 gen sind von heute ab an der Tagescasse im
1162 2241 2188 2306 Theatergebäude von 9—12 und halb 3—6 Uhr
1147 2287 2187 2360 erhältlich. Die Logen=Abonnenten werden höflichst
1148 2340 2194 2412 ersucht, baldmöglichst ihre Willensmeinung wegen
1156 2388 2194 2476 eventueller Beibehaltung ihrer Logen bekannt zu
1148 2439 1319 2528 geben.
1183 2487 2193 2584 Der vorgestrige literarische Abend brachte uns
1143 2573 2189 2624 drei Einacter von Dr. Arthur Schnitzler und zwar
1147 2617 2180 2686 die Schauspiele „Paracelsus" und „Die Ge¬
1150 2652 2210 2725 fährtin“ und die Groteske „Der grüne Ka¬
1151 2714 2235 2797 kadu.“ In der Buschausgabe steht allen dreien
1152 2758 1540 2831 das Motto voran:
1420 2791 1846 2876 Wir spielen immer;
1413 2858 1897 2922 Wer es weiß, ist klug.
1183 2909 2201 2975 Jedes dieser drei Werke sucht den Beweis für
1140 2936 2199 3021 diesen Ausspruch des Dichters zu erbringen. Imt“
1146 3001 2182 3078 erstgenannten Stück ist der berühmte Arzt Paracel¬
1148 3061 2176 3109 sus der Kluge, der mit sich und den andern, die
1151 3087 2238 3170 seine Kunst bewundern oder hassen, spielt und sicht?
1153 3148 2182 3223 dessen bewufst ist. Auf seiner Kunstreise durch die
1139 3198 2181 3267 Welt gelangte er als berühmter und gleichzeitig auch
1149 3252 2183 3302 verfolgter Mann in ein Städtchen, in dem seine
1149 3295 2185 3354 Jugendliebe als die schöne Gattin eines reichen
1156 3341 2180 3410 Waffenschmiedes haust. Beim Empfang ob seiner
1138 3387 2182 3455 Kunst vom spießbürgerlichen Ehegatten der schönen
1141 3455 2179 3524 Frau brüskiert, beschließt er sich durch seine Kunst
1152 3495 2191 3561 an ihm zu rächen und versetzt zu diesem Zwecke das
1145 3540 2181 3599 Weib in einen hypnotischen Schlaf, um ihr zu sug¬
1124 3594 2179 3656 gerieren, sie habe sich mit einem Junker, der sie mit
1129 3638 2175 3705 Liebesanträgen verfolgt, vergangen. Das Kunststück
1115 3688 2188 3760 gelingt, und der eifersüchtige Gatte muss am Ende
1130 3745 2180 3799 froh sein, dass Paracelsus den Bann von ihr nimmt.
1152 3780 2175 3837 Aber bevor er dies thut, zwingt er sie noch mit
1150 3829 2188 3910 dem gleichen Mittel durch eine gewisse Zeit hindurch
1137 3869 2183 3951 die Wahrheit und nichts als die Wahrheit zu reden,
1146 3933 2176 3986 und da stellt es sich denw heraus, dass ihre erste
1148 3986 2182 4047 und einzige Liebe Paracelsus gegolten und sie ihrem
1152 4025 2177 4093 Gatten anfangs nichts als Freundschaft ins Haus
1140 4066 2178 4141 gebracht, aus der sich erst allmählich ein herzlich res
1154 4128 2162 4171 Verhältnis entwickelte. Dieses in der Hopnose ae¬
