3436 4256
1024 208 1353 280 Kakadu
1413 207 1904 306 box 15/1
816 220 996 282 uene
522 214 673 283 Der
262 211 1406 321 9.3. Le Kuamma
1575 744 1939 836 Bühne und Welt.
2448 763 2597 845 261
902 837 1751 913 Der Text, der ebenfalls vom Komponisten
1751 857 2605 927 Feuilletscher und Augierscher Werke träumten.
901 890 1744 959 stammt, bietet in seinem ersten, unleugbar
1751 920 2600 978 Die Lebenden gehen vor, ich nonne d her nur
894 942 1743 982 geschickteren Teil durch den hereingetragenen
1745 956 2604 1001 das rasch verschwundene Lustspiel „L’homme
904 985 1738 1041 Gegensatz von heiterer und tragischer Stimmung,
1758 1002 2600 1063 du jour“ (Grmnase), eine seichte Glossierung
903 1018 1743 1086 die Schilderung der urwüchsigen umständlichen
1751 1041 2593 1096 politischen Strebertums; von der folgenden Dar¬
890 1036 1751 1117 Hochzeitsbräuche der Musk gute Momente, der
1744 1073 2607 1134 bietung dieses alten Hauses, in dem vor Zeiten
889 1089 1746 1146 zweite Akt läßt die Handlung zu sehr stocken
1745 1097 2606 1168 Seribe herschte und wo auch Sardon einige
901 1136 1739 1196 und macht uns den eigentlichen belden, Franz,
1757 1158 2591 1208 seiner gelungensten Erfolge feiert, läßt sich
897 1180 1745 1238 der im ersten Teile unser tiefstes Mitleid erregt.
1752 1184 2600 1235 nichts Gutes sagen. Es heißt „L' Epave:
895 1217 1735 1270 höchst unsympathisch, während Heinrich immer
1745 1221 2600 1272 (Das Wrack), der Verfasser ist Gugenheim,
902 1262 1740 1307 mehr imponiert und sein Geschick unsere Teil¬
1748 1266 2600 1331 der nicht ungeschädigt an Geist und Geschmack
901 1289 1734 1358 nahme findet. Was nun die Dertonung angeht,
1748 1297 2601 1348 für das Ambigutheater, das Heim inscenierter
900 1333 1738 1389 so handelt es sich, bei ganz hübscher Begabung.
1753 1342 2597 1409 Kolportageromane, „arbeitete“. Es handelt sich
896 1358 1736 1431 doch um ein wenig lebensfähiges Werk, was
1743 1382 2598 1437 um einen General Napoleons I., der nach dem
890 1410 1734 1467 auch der schwache Erfolg bestätigte. Die Be¬
1745 1415 2594 1481 Sturze des Adlers fünf Jahre im Irrenhaus
888 1445 1743 1503 handlung des Orchesters leidet vor allem an
1744 1450 2586 1506 verbringt. Das ist traurig, viel trauriger und
888 1476 1730 1542 einer starken Monotonie, es gibt keine Höhe¬
1751 1509 2591 1557 grausamer erscheint aber der Gedanke des Ver¬
897 1534 1737 1582 punkte, die Instrumentation ist nicht klar, weil
1746 1535 2594 1600 fassers, dieses trostlose Ueberbleibsel ins kilte
891 1564 1735 1623 überladen, dabei fehlt es an Glanz. Die Auf¬
1738 1568 2601 1627 Licht der Rampe zu zerren. Die Handlung
896 1605 1735 1662 führung unter Prof. Kleffel war im allgemeinen
1749 1616 2596 1671 kann natürlah nur eine Verschwörung gegen
897 1645 1739 1696 recht lobenswert. Die beste Leistung unter den
1747 1659 2591 1716 die Restauration sein, schließlich tobt der Greis
888 1692 1732 1745 Hauptrollen bot Frau Felser als tief em¬
1747 1694 2591 1757 im Wahnsinn auf einem Tische. Das Publi¬
893 1723 1740 1791 pfindende Chrisige. Der anwesende Komponist
1734 1729 2595 1787 kum lachte. Der Autot hatte es anders gemeint.
893 1763 1505 1815 konnte nach jedem Akt erscheinen.
1794 1772 1832 1806 —
1821 1779 2599 1829 Das Theater lebt von Ueberraschungen.
1022 1802 1730 1860 Neueinstudiert in der Oper gingen
1747 1813 2582 1874 Leider brachte das „Daudeville“ keine
889 1838 1730 1895 u. a. in Seene „Aida“, in der sich Fräulein
1748 1848 2484 1908 mit dem vorläufig letzten „Réjanestück“.
2475 1858 2586 1905 Die
881 1875 1728 1932 Offenberg in der Titelrolle auszeichnete, ferner
1741 1885 2592 1943 Hausfrau läßt sich vom Direktor scheiden,
887 1926 1727 1965 am 20. November erstmalig im Neuen Hause
1732 1924 2587 1975 diesmal anscheinend umeiderruflich. Dies ist die
891 1950 1729 2014 mit herrlicher scenischer Ausstattung „Tristan
1731 1975 2589 2010 große Sensallen der hiesigen Theaterwelt. Herr
883 2000 1716 2050 und Isolde“. Willy Birrenkoven, dessen Stimme
1735 2006 2594 2057 Porel wird vielleicht künftig Stücke geben, nicht
886 2025 1728 2089 leider an Klangschönheit doch empfindliche Ein¬
1742 2048 2592 2102 Roilen mit Beiwerk, wie dies zu Ehren seiner
881 2068 1727 2138 buße erlitten, bot als Tristan eine verständig¬
1734 2087 2580 2135 Ergattin so lange zum Schaden der Bühnen¬
880 2113 1724 2171 vornehme Leistung. Frau Pester=Prosksp die
1739 2122 2578 2167 literatur geschab, und Frau Gabrielle wird ander¬
880 2156 1735 2215 die ausgeschiedene Primadonna Fräulein Marie
1739 2162 2585 2211 weitig in Dramen ihr Calent betätigen. Das
878 2182 1720 2266 Brandis ersetzen soll, war eine großzügig¬
1740 2199 2582 2275 wäre ein versöhnender Schluß, über den man
881 2222 1315 2288 leidenschaftliche Isolde.
1737 2235 2089 2295 sich freuen könnte.
1022 2257 1720 2318 Im Schauspiel wurde am 28. No¬
1854 2266 2592 2337 „LAdversaire“ (Der Gegner ein
874 2314 1718 2376 vember Beperleins „Zapfenstreich“ zum
1730 2312 2585 2372 vieraktiges Tustspiel von Capus und Arêne
873 2331 1719 2406 ersten Male in ausgezeichneter Darstellung,
1737 2358 2587 2418 (Theaterreferent des „Figaro“, Abgeordnete 2c.)
883 2379 1712 2440 an der besonders die Herren Leprer, Aßmann,
1731 2392 2575 2448 spielen Guitry und die Brandés in dem Re¬
881 2434 1727 2483 Borcherdt, Marr, Siebert, Weinmann und Fräu¬
1740 2438 2578 2495 naissancetheater ... vielleicht bis zum Ende der
868 2463 1728 2521 lein Winkler (Klärchen) beteiligt waren, gegeben
1738 2481 2578 2535 Saison. Der Erfolg ist unbestreitbar. Aber
865 2498 1349 2573 und fand starken Erfolg.
1531 2507 1695 2571 2. 2.
1733 2517 2583 2575 aues Talent ist an einen schematischen Normal¬
1734 2551 2583 2613 stoff vergendet, dem sich nun einmal nichts
933 2562 1721 2633 Tüneburg. Im hiesigen Stadttheater er¬
1728 2590 2580 2645 Neues abgewinnen läßt, und wenn sich ein
870 2601 1718 2677 lebte ein fünfaktiges Lustspiel „Der kleine
1738 2627 2578 2685 Genie darüber den Kopf zerbräche. Diesmal
880 2660 1715 2719 Zacharias“ von Dietrich Eckart am 7. Mo¬
1729 2677 2567 2737 liebt die Frau des A. ihren Mann, gibt sich
883 2698 1723 2764 vember seine Uraufführung. Das Stück, das
1726 2705 2568 2767 jedoch in einer momentanen Verstimmung dem B.
865 2722 1715 2795 die typischen Eigenschaften des Anfängertums
1736 2755 2571 2790 Dies ist nicht wieder gut zu machen, meinen
869 2770 1728 2831 aufweist, fesselt gleichwohl in mancher Scene
1731 2784 2573 2837 die Autoren, die durch den Alund der Mutter
870 2799 1725 2877 durch flotte Bühnenmäche und bietet auch in der
1725 2823 2567 2874 der Frau A. ihr Dertikt abgeben. Die Gatten
878 2856 1711 2902 Charakteristik der beiden kontrastierenden Dichter¬
1727 2865 2569 2916 lassen sich scheiden. Das ist alles! Dier Akte!
874 2902 1708 2955 gestalten, des darbenden Idealisten und des er¬
1735 2902 2583 2982 Zwei Rollen! Tausende von gut geprägten
875 2926 1715 2988 folgreichen Modeautors, sowie der schelmischen
1720 2941 1905 2999 Worten.
863 2974 1705 3028 Soubrette, die die Rolle von Heinrich Heines
1843 2963 2577 3029 Im Palais Ropal spielt man den be¬
861 3002 1717 3067 kleinem Zacharias mit dem Sack voll barter
1732 3024 2583 3080 rühmten zweiten Schwankakt. Das Werk hat
873 3046 1712 3110 Calern spielen möchte, manchen feinen Zug, so daß
1723 3061 2573 3113 ein körperliches Phänomen als Voraussetzung.
865 3085 1718 3154 dem Stück eine freundliche Aufnahme beschieden
1727 3103 2569 3151 Auch alt. In der „Famille Pontbiquet“
877 3126 1000 3185 war.
1721 3132 2574 3198 von Bisson wird der alte Richter auf Stunden
1726 3180 2570 3238 taub; in einem andern Dandeville stockt dem
926 3182 1705 3253 Parts. Es erübrigt sich, den unbedeuten¬
1726 3212 2568 3265 Herrn, der eben alles enthüllen will, die Sprache.
863 3245 1702 3299 den Novitäten der Sommersaison einen Nachruf
1721 3259 2565 3304 wie immer, wenn ein Gewitter am Himmel
864 3286 1714 3341 zu halten, mögen sie in Frieden ruhen! Außer
1718 3297 2567 3350 aufzieht. Der Titelheld der „Marmotte“
874 3323 1705 3381 diesen Toten sind zwei andere zu erwähnen,
1719 3325 2567 3382 (Murmeltier) schläft, #r hat früher viel mit
870 3353 1701 3410 die ungleich mehr Interesse bieten: Gustave
1713 3367 2561 3418 Dämchen gewacht, nun schläft er zur Ver¬
858 3398 1694 3455 Larroumet, der Theaterkritiker des „Temps“,
1715 3417 2572 3468 zweiflung seiner Gattin, die liebesdurstig, aber
867 3449 1703 3496 dessen Amt nunmehr Adolphe Brisson einnimmt,
1711 3448 2574 3501 nicht schlaftrunken ist. Den Schwankmachern
869 3481 1702 3544 und Delannav, der einstige jenne premier
1719 3495 2563 3536 ge#t unweigerlich nach dem zweiten Akt der
866 3506 1708 3575 der Comédie Francaise, von dem die jungen
1722 3524 2566 3589 Arem aus, in diesem Falle den Herren Mars
856 3555 2571 3633 Mädchen in seinen Gestaltungen Mussetscher, und Xanrof. Noch viel alberner ist „Le
