3436 4352
726 179 1233 247 iene Kakadu
425 181 487 245 D
172 181 1231 283 9. 3 eeee
1379 173 1809 261 box 15/3
2219 175 2981 304 P, Ooat D1u.
2243 322 2844 413 APRIL 12, 1910
2193 437 2957 519 Is very lovely in death, sees Gottwold take
2198 504 2957 560 two violets from his prayer book (she had
2191 528 2948 584 given them to him), and hears him say
2199 569 2953 625 that they are like the eyes of his little Han¬
2191 603 2951 677 nele. It is a very different world when one
2197 637 2370 691 is dead.
2233 681 2963 730 Of a sudden the vision changes, and the
2195 715 2959 757 atrocious Mattern appears, drunk and
2189 750 2965 811 vengeful. But a Stranger comes and
2192 779 2955 845 Schides him. The Lord Chris. would be like
2191 811 2959 865 this Stranger, and would tal., like him.
2193 861 2963 908 He has Gottwold’s face, but is dressed as
1526 846 2090 935 LYCEUM THEATRE
2196 905 2951 947 the Lord would dress, as she has seensthe
2198 929 2955 988 pictures and images of Him in theschurch.
1417 937 2177 1012 Harrison Grey Fiske Presents
2199 973 2959 1027 Thgaffrighted Mattern rushes out to hang
2182 1015 2961 1061 himself. The Stranger takes Hannele’s
1502 995 2137 1060 Hannele“ and The Green
2183 1041 2957 1101 hand—she has heard such angelje cho¬
1660 1049 1947 1120 Cockatoo.“
2185 1083 2949 1129 ruges!—and she rises from her coffin know¬
1441 1092 2188 1153 Mrs. Fiske oontinues to put the American
2198 1109 2960 1178 ing now that it is the Lord Christ who
1433 1138 2176 1194 stage in her debt by producing plays- of
2193 1152 2967 1207 Lids her rise. She kneels at his feet. He#
1430 1173 2174 1230 serious import and internationally recog¬
2197 1193 2948 1239 lifts her, takes her in his arms, and to¬
1425 1205 2176 1265 nized merit. Her company appeared at the
2204 1230 2965 1293 gether they ascend to glory up a golden
1415 1259 2181 1297 Lyceum Theatre last night in two pieces os
2198 1260 2323 1312 stalr.
1427 1295 2187 1327 German parentage—Gerhardt Hauptmann's
2213 1296 2951 1353 And we in the world are left in the dark¬
1432 1329 2181 1378 Hannele’s Himmelfahrt“ (called in English
2194 1331 2951 1383 ness of the world. Slowly our former
1440 1364 2170 1405 Hannele*) and Arthur Schnitzler’s The
2198 1370 2947 1417 light returns to us, our light of earth, and
1418 1402 2174 1455 Green Cockatoo.“ Schnitzler’s one-act
2200 1406 2959 1450 then again we see the sordid room in the
1439 1422 2173 1483 Pgrotesquerle“ served as a curtain raiser,
2195 1444 2958 1497 shabby almshouse, the Doctor bending over
1425 1475 2173 1524 and Hauptmann’s beautiful and ethereallzed
2191 1481 2958 1534 the child’s bed, and Sister Martha watch¬
1424 1505 2174 1551 allegory ended the evening’s record of solid
2197 1518 2914 1568 ing anxiously with a candle in her hand.
1424 1538 2183 1598 achievement. A word later of the Vienna
2221 1555 2810 1611 'Is she dead?“ asks the Sister.
1418 1567 2193 1638 dramatist’s little pieture of the contrasts
2226 1591 2882 1641 She is dead,“ the Doctor answers.
1418 1611 2182 1669 In Paris life on the eve of the fall of the
2213 1620 2961 1678 And this is the play that a Mayor and
1426 1658 2172 1703 Bastile. Hannele,“ being more important,
2185 1662 2956 1707 sundry; other worthy citizens denounced
1421 1677 2181 1748 is entitled to prior consideration, To turn a
2188 1694 2947 1761 as "Impions,“ “sacrilegious“ and so follow¬
1432 1730 2171 1787 venture in the pure upper air poetry like
2191 1732 2622 1786 ing, sixteen years ago.
1427 1770 2186 1819 Hauptmann’s play into another language
2212 1767 2957 1811 Mrs. Fiske took the part of Hannele, and
1435 1806 2180 1849 Invites many misjudgments. The diction
2193 1807 2964 1862 without oversimulating childishness made
1431 1841 2169 1885 must suffer and Hauptmann’s lyrics, and
2197 1842 2962 1901 the figure natural. It is a paszive role,
1426 1874 2175 1926 even some of his prose passages, Geemed
2193 1881 2968 1918 and nearly every other part is Simplickty
1423 1914 2173 1957 last night to have lost a good dealltü the
2194 1913 2963 1969 itself. Mr. Blinn deserves a special word
1417 1945 2180 2003 translation. Poetry is volatile in essence,
2189 1954 2953 2004 for his acting as the schoolmaster, and the
1425 1985 2168 2026 and style resists the most conscientious ef¬
2189 1989 2952 2030 Stranger and the Dark Angel of Mr. Buck¬
1422 2023 2167 2064 forts at translation. A competent perform¬
2198 2028 2950 2079 land was highly impressive. The full cast
1423 2058 2171 2112 ance of Hannele,“ such as was given last
2187 2053 2561 2111 of Hannele“ was:
1424 2093 2171 2140 winter at the uptown German Theatre,
2196 2104 2953 2148 Hännele Mre. Fiske
1419 2119 2170 2175 must therefore always be more satisfactory
2189 2138 2953 2184 Gottwald Holbrock Blinn
2199 2154 2961 2204 Sister Martha Allee John
1410 2159 2173 2207 as a whole than the best intentioned Eng¬
2197 2188 2954 2228 Tulpe Florine Arnold
1416 2192 2177 2251 lish production. Tet Hauptmann's "dream
2191 2214 2946 2263 Hedwig Mabel Reed
1405 2237 2166 2285 poem“ is exceedingly simple in structure
2188 2239 2948 2276 Pleschke Sheldon Lewis
2186 2268 2944 2300 Hanke R. W. Tucker
1411 2276 2170 2321 and puts no severe test on a company of
2188 2292 2938 2329 Seidel Edward Mackay
1408 2305 2167 2361 actors. The maln thing is to preserve the
2197 2319 2944 2367 Berger Paul Scardon
2198 2345 2678 2390 Schriidt
2723 2353 2783 2384 N
1406 2347 2172 2388 Zextraordinarlly direct and almost childlike
2783 2353 2941 2396 " Heffron
2190 2371 2948 2421 Dr. Wachler. Henty. Stephenson
1400 2366 2171 2418 spirit of the original, and in that the per¬
2212 2415 2906 2471 In her delirium Hannele Imagines she sees:
1397 2414 2180 2467 formance of Mrs. Fiske’s company deserves
2191 2429 2941 2492 Mattern Fuller Mellish
1425 2451 2165 2498 generous commendation. In details it could
2197 2477 2935 2522 A woman’s flgure Virginia Kline
1414 2481 2167 2536 be made more literal, more Silesian and
2194 2500 2946 2542 A tall, dark angel.. Wilfred Buckland
2183 2526 2944 2569 First angel Merle Maddern
1410 2530 2168 2579 more Hauptmannesque. But the dramatic
2189 2550 2945 2594 Second angel... Veda McEvers
1415 2565 2161 2607 idea is conveyed adequately, and with a
2183 2575 2941 2622 Third angel Helena Van Brugh
2192 2604 2944 2643 Sister Martha. Miss John
1415 2589 2174 2649 good deal of its native power and sincer¬
2190 2626 2941 2670 The village, tallor R. Owen Meech
1419 2633 2165 2686 ity. The entire fitness of the play for pres¬
2206 2652 2936 2693 Jottwald Mr. Blin
1404 2664 2166 2711 entation, absurdly misjudged sixteen years
2191 2678 2945 2726 Pleschke Mr. Lewis
2187 2705 2938 2741 Hanke Mr. Tucker
1400 2707 2166 2754 ago, was happily vindicated and public
2183 2734 2935 2775 Seidel Mr. Mackay
1411 2745 2165 2788 reparation was thus made by the New
2181 2759 2939 2797 A strang- Mr. Blin
2178 2783 2930 2832 Four white-robed youths—Misses Mercer. Mar¬
1410 2781 2105 2832 York stage to a much misused author.
2240 2807 2658 2844 strand, Droste and West.
1450 2812 2174 2865 Hannele“ has been called Haupt¬
2175 2803 2935 2876 Mourners—By Misses Arnold, Mary Maddern,
1407 2830 2171 2901 mann’s masterpiece,“ a grandiloquent way
2242 2860 2930 2917 Fulton and Reed, and Mesers. Meech, Arun¬
2240 2881 2653 2935 del, Harrison and others.
1419 2890 2169 2936 of expressing the opinion that this“dream
2196 2902 2946 2982 The Green Cockatoo,“ which was, or is
1413 2928 2173 2969 poem“ is the best of the celebrated Ger¬
2175 2943 2942 3010 supposed to have been, the name of a
1409 2956 2158 3012 hardt’s works. It is nôt unknown to New
2189 2992 2929 3043 drinking place in the Paris of 1789, and
1422 3000 2171 3051 York playgoers who can remember what
2185 3033 2935 3085 near the Bastile. Bastile, 1789. Tou smell
1423 3032 2156 3081 occurred sixteen years ago. It made some
2191 3061 2929 3124 Revolution as soon as you glance at the
1414 3063 2167 3108 stir here in 1894, quite as much stir out¬
2176 3103 2939 3153 programme. And when you rend that the#
1404 3105 2159 3164 Iside the theatre as within. Mr. Gerrg and
2177 3130 2947 3196 action takes place on the evening 0f July 14
1407 3130 2164 3190 others oblected because a girl of fitcen
2179 3179 2760 3220 you can guess what will happen.
1400 3186 2162 3224 years had been selected for the part of
2207 3191 2957 3264 The keeper of the cabaret is one Pros¬
1399 3214 2170 3258 Hannele. The objectors thought the pres¬
2179 3228 2934 3301 pere, a theatrical manager gone to seed.
1406 3259 2161 3303 entation of the play would be an“impious
2186 3282 2935 3337 He brings to" The Green Cockatoo“ the
1411 3292 2154 3337 performance,“ and that the health and
2178 3317 2938 3378 patronage of gallants and aristocrats of
1406 3330 2160 3371 morals of the child actress would suffer
2173 3352 2927 3410 the town, who are attracted by the per¬
1404 3363 2159 3417 Injury. Mayor Gilroy, at a public hearing
2173 3395 2932 3440 formances of a troupe of shabby actors
1396 3397 2160 3440 In April, 1894, declared the piece “saerl¬
2182 3424 2938 3488 who impersonate the most vicious erim¬
1409 3435 2155 3480 legious“ and forbade the appearance of
2179 3465 2937 3526 Inals and perform plays of crime—not at
1410 3475 2155 3510 Miss Alice Pierce, the child above referred
2175 3504 2927 3558 all of the Jimmy Valentine,“ Arsène
1404 3509 2156 3551 to. But, except for giving the play a
2176 3531 2936 3578 Lupin' or“Raffles' order. An actor named
1402 3548 2152 3583 great gratuitous advertisement which must
2168 3563 2924 3614 Henri has some notoriety for improvising
1404 3578 2153 3630 have pleased the promoters of the produc¬
2178 3611 2917 3667 little pieces with murder in them. Now
1412 3620 2148 3666 tion, the opposition was without effect
2175 3649 2917 3697 he acts a little story he has just heard
1414 3652 2159 3705 The play was produced at the Fifth Ave¬
2168 3683 2923 3729 told. It is to be his last appearance, for
1414 3696 2153 3732 nue Theatre on the ist of May, and an
2171 3716 2929 3766 having taken unto himself a wife he will
1407 3728 2153 3780 actrese whose years did not call for the
2166 3755 2939 3814 leave the stage to-night and go to the
1413 3759 2160 3810 Interference of societies for the protection
2162 3790 2931 3844 #country to live. But he learns that the
1406 3805 2159 3851 of minors, Miss Adu Blanche, appeared as
2179 3833 2913 3873 story which has Just been told him is the
1403 3839 2149 3883 the.-bild, Hannele. Miss Maude Banks
2167 3869 2918 3914 Istory of his own wife’s faithlessness with
1414 3877 2146 3912 was the Deaconess and the Apparition of
2172 3907 2922 3948 a ducal lover. And so he enacts a scene
1402 3907 2152 3957 Hannele’s Mother; Miss Alice Butler was
2167 3941 2924 3985 of wild revenge, in which he kills an
1404 3945 2157 3985 the Sister Martha and Mr. Charles Rich¬
2162 3974 2912 4019 Imaginary duke. Never has he acted with
1408 3980 2157 4030 man was Gottwold the Schoolmaster and
2165 4014 2914 4063 such passion. And at its height a crowd
1406 4019 2156 4056 The Stranger whom Mayor Gilroy and
2159 4026 2915 4097 froars intó the cabaret, yelling: The Bas¬
1401 4053 2031 4109 others persisted in calling Christ.
2163 4078 2933 4133 tile has fallen!“ And, behold, in comes
1429 4080 2151 4141 Mr. Gerhardt Hauptmann, who was in
2111 4110 2912 4159 o his grage the duke, unon whom Henri falls
