3484 4320
1100 277 1165 334 2
1173 264 1250 336 K
338 259 2575 357 9. 4. Der pruene akadn Zyklus box 15/5
1637 1122 3405 1185 stellen. Die Hypnose auf der Bühne hat die Zuschauer schon an sich Motiv. Schnitzler wendet e
1638 1179 2882 1247 interessirt. Man dachte vielleicht an Svengali, der Trilby hypnotisirt,
2868 1182 3403 1248 teressante Züge ab, nament
732 1124 1603 1301 Feuilleton 0an 4,
1653 1231 2875 1293 aber bei Schnitzler ist die Sache feiner und eines Dichters würdig.
2871 1232 3409 1282 Sonnenthal, der sie auch mit
2868 1280 3407 1345 daß Schnitzler das Stück zu
1640 1275 2881 1344 Immerhin erschien die Sache, wie ja nicht anders möglich, zu
1656 1321 2879 1381 kostümirt. Gespielt wurde sie etwas zu behäbig. Herr Robert
2880 1326 3408 1390 Sonnenthal nicht den Bajazz
420 1330 1606 1434 Ein Einakterabend im Wiener Burg¬
1659 1373 2882 1429 zwar paßte sich den Zauberdoktor völlig an den Leib; er versetzte ihn
2879 1372 3406 1430 ist, daß für den Zuschauer di
2868 1417 3414 1501 zu sehr verwischt. Das bring
881 1399 1169 1499 theater.
1652 1420 2874 1537 teren besen Aenskselälngnigte uac den Schratt wer
2991 1473 3406 1548 Wie in diesen beid
398 1478 1635 1551 („Paracelsus“, Schauspiel; „Die Gefährtin“, Schau¬
1637 1510 2878 1586 als Justina sehr angenehm. Die Uebrigen taugten weniger, sogar
2876 1506 3389 1598 führbarkeit des Weibes d
410 1524 1644 1612 spiel; „Der grüne Kakadu“, Groteske. Sämmtlich von
804 1562 1274 1651 Arthur Schnitzler.
1646 1575 2872 1644 Herr Thimig, der als alter Stadtarzt von der Erzpedanten¬
2880 1577 3396 1647 Gefährtin“ ist ein
1231 1600 1613 1685 Wien, 2. März.
1652 1618 2245 1690 sorte keinen rechten Humor fand.
2880 1629 3411 1700 jenen beiden Kostümstücken
520 1655 1655 1732 L. H—i. Im Burgtheater hat man gestern drei Einakter des
2871 1674 3402 1744 stehen nicht an, zu sagen
1764 1657 2877 1744 „Der grüne Kakadu“ spielt in der französischen
407 1718 1637 1776 erfolgreichen Jung=Wieners Arthur Schnitzler zum ersten Male gespielt.
2870 1726 3405 1792 in nuce ist. Man hat se
1650 1711 2880 1791 Revolution, gerade als die Bastille gestürmt wird. „Zum grünen
405 1770 1645 1829 Der Gesammterfolg war ansehnlich, doch vertheilte er sich ungleich
2874 1778 3405 1843 Wendungen des Seelenleb
1641 1777 2874 1850 Kakadu“ heißt eine halbunterirdische Spelunke, deren Wirth Prospere
400 1814 1652 1874 auf die drei Stücke. Das literarisch bedeutendste ist das zweite, es
2875 1829 3410 1893 für die Bühne pointirt
1645 1828 2871 1885 ein ehemaliger Theaterdirektor ist. Er hat sich eine hochgeborene
400 1859 1640 1924 hatte auch die tiesste Wirkung. Es ist ein echtes Gesellschaftsbild aus
1647 1881 2870 1932 Klientel gemacht, indem er das thut, was in Budapest einst der be¬
2873 1870 3400 1939 wenig, keines fällt im un
399 1916 1651 1989 unserer Zeit, während die beiden anderen in eine poetisch=romantische
1639 1925 2872 1994 kannie „Sauwirth“ that. Er ist nämlich mit seinen Gästen saugrob
2883 1927 3403 1981 Stimmung gearbeitet, mit
403 1975 1079 2043 Vergangenheit zurückkonstruirt sind.
2876 1968 3408 2048 Hinsicht ist Maeterlinck den
1656 1981 2875 2042 und das macht diesen einen solchen Spaß, daß sie ihn in Mode ge¬
2977 2015 3413 2092 Professor Robert Pilg
1655 2023 2870 2085 bracht haben. Sein Lokal ist voll mit Aristokraten, denen, da man sich
532 2003 1642 2088 „Paracelsus“ ist nämlich der wirkliche Paracelsus, im
1654 2071 2876 2130 an der Schwelle der Schreckenszeit befindet, fortwährend die ärgsten
2871 2047 3388 2132 begraben. Sie ist plötzlich
401 2050 1638 2136 sechzehnten Jahrhundert, der als Zauberer reputirte Arzt, also ein
1652 2124 2874 2179 Dinge angedroht werden. Zu ihrem Spaß natürlich. Die Hauptsache
2877 2123 3416 2185 Abend, die letzten Trauerg
399 2121 1643 2186 Kollege des Mediziners Schnitzler. Der Dichter faßt ihn ganz lege
1650 2169 2880 2224 ist aber, daß Prospère eine Anzahl ehemaliger Schmieren=Schauspieler
2874 2160 3420 2241 derung, daß er die Sache so
411 2166 1652 2232 artis auf, als eine Art Krafft=Ebing jener Zeit, der seine Wunder
1649 2221 2872 2271 bei sich hat, die den ganzen Abend als Verbrecher posiren müssen.
2873 2212 3405 2285 Arbeit spricht. Da erschein
402 2221 1657 2279 einfach durch Hypnose und Suggestion wirkt. Nur war man damals
1653 2267 2868 2330 Als flüchtende Mörder, mit Beute heiwkehrende Taschendiebe, als
2865 2267 3374 2326 1 storbenen, mit einer Bitte.
412 2272 1638 2338 in der Inszenirung noch etwas trivial, man mußte als Wunderdoktor
1646 2320 2869 2378 Wahnsinnige, Verschwörer, Galeerensträflinge u. s. f. Das macht die
2864 2302 3399 2381 dem Schreibtisch der Veren
400 2318 1645 2373 auftreten und sich von den besugten Pflasterstreichern exekriren lassen.
1641 2359 2875 2428 seinen Herrchen gruseln und gibt den seinen Dämchen eine Gänsehaut
2872 2360 3404 2427 nehmen. Es seien ihre eige
412 2369 1638 2428 Paracelsus kommt nach Basel zurück, wo er einst jung gewesen,
2873 2408 3412 2477 heikelsten Interessen behande
1640 2405 2873 2474 zu spüren. Der bedeutendste dieser Komödianten ist ein gewisser
413 2418 1639 2475 und findet das schöne Mädel, dem er als Studiosus feurige
1645 2461 2875 2520 Heuri (Herr Sonnenthal). Der ist ein Genie und wüthend
2875 2464 3388 2518 Schlüssel und sagt, da er
403 2458 1651 2522 Fensterpromenaden gemacht, als ehrbare Gattin des ehrsamen
1652 2521 2867 2572 verliebt in die verkommene Schauspielerin Leocadie (Frl. Witt).
2869 2507 3400 2576 stellung, da ich Alles weiß?
410 2518 1643 2574 Waffenschmieds Cyprian wieder. Dieser brave Spießbürger
1634 2543 2878 2620 Er heirathet sie sogar und ist so eifersüchtig, daß Othello mit ihm ver¬
2878 2565 3406 2624 die ganze Geschichte“, sagt
408 2558 1648 2624 ist ungeheuer selbstsicher und wiegt sich im sorglosen
1638 2611 2871 2662 glichen ein Paffenschmied Cyprian (siehe oben) ist. Er träumt davon,
2875 2609 3403 2668 Jahre lang, wie sein Assisten
405 2601 1646 2662 Besitze der Schönen, obgleich ihr ein Junker stark den Hof macht.
1645 2657 2867 2709 mit ihr auf das Land zu ziehen u. s. w. Heute will er
2865 2658 3397 2727 wonnen, wie sie sich angehör
398 2657 1646 2720 Er ladet auch Paracelsus zu sich, behandelt ihn jedoch als schwindel¬
1636 2707 2866 2776 zum letzten Male agiren und hat sich dazu etwas besonders Schreck¬
2870 2712 3405 2768 moralischen Höhe alles Verste
411 2711 1641 2764 haften Hexenmeister, der für die Bewirthung mit auserlesenen Zauber¬
2862 2752 3411 2824 Anstand in den Lauf der ##
1638 2749 2875 2818 liches ausgesonnen. Er hat nämlich kurz vorher das Lokal mit
409 2756 1643 2831 stückchen bezahlen soll. Paracelsus rächt sich, indem er Frau Justina
2866 2795 3408 2871 für einen Helden der Resigne
1646 2806 2865 2862 seiner Leocadie verlassen, deren Lebenswandel Jedermann kennt, und
400 2809 1641 2871 hypnotisirt und der Schlafenden suggerirt, sie habe sich mit dem
1641 2858 2867 2920 kommt nun ganz verstört zurück. Er erzählt mit höchster Natürlich¬
2871 2854 3399 2911 lichen Dekorums und glaub
399 2858 1640 2917 Junker wirklich vergangen. Geweckt, gesteht sie ihrem Manne ver¬
1646 2901 2872 2966 keit, wie er soeben den Herzog von Cadignan mit Leocadie über¬
2860 2901 3399 2960 zu haben und ist im Ganzen
412 2910 1649 2973 zweifelt den vermeintlichen Fehltritt und ist davon nicht abzubringen,
1636 2954 2873 3012 rascht und todtgestochen habe. Er benimmt sich so täuschend wahr,
2877 2952 3401 3019 Abschiuß gefunden hat. Da
401 2954 1649 3014 obgleich der Junker selbst nachdrücklich protestirt. Schließlich wriß
2870 3003 3391 3066 motive. Der Zug kommt an,
1637 2996 2874 3051 daß der Wirth selber das Spiel für Wahrheit hält und sich's ent¬
407 3008 1651 3066 Paracelsus selbst nicht mehr, wo die Suggestion aufhört und die
1646 3050 2876 3120 schlüpfen läßt, wie der Herzog in der That schon lange ein Verhältniß
2870 3022 3401 3102 bringt . .. Und Dr. Haus
414 3048 1647 3110 Wahrheit anfangen mag. („Ein Zaub'rer nur bin ich, sie ist ein Weib.“)
1651 3095 2870 3161 mit Leocadie habe. Genri fährt auf, alle Othellos bäumen sich in ihm
2867 3100 3395 3152 einen schönen Kranz geschickt
407 3102 1641 3155 Er muß sie wieder einschläfern und ihr im Schlafe auftragen, das
1642 3144 2872 3214 und . . . in diesem Augenblick tritt der Herzog ein. Henri sticht ihn
2871 3150 3395 3215 Die Begegnung ist peinlic
403 3152 1643 3215 Alles zu vergessen und nur noch die reinste Wahrheit zu sagen.
1644 3197 2874 3256 einfach nieder. Unter den dabei sitzenden Aristokraten ist besonders die
2867 3200 3398 3251 weiß, daß er weiß, und zwi
411 3201 1640 3260 Geweckt, thut dies Frau Justina in so hohem Grade, bis in ihre
2867 3244 3394 3306 Im Laufe des Gesprächs er
1646 3243 2869 3309 Marquise Séverine ganz entzückt von dieser Entwicklung. Einen wirk¬
416 3242 1660 3297 Kinderschuhe zurück, daß Alle nachdenklich werden. Sie gesteht dem
2873 3297 3393 3355 kürzlich in Ostende verlobt h
1644 3290 2870 3345 lichen Herzog wirklich erdolchen zu sehen, ist schon der Mühe werth. Sie
415 3293 1638 3371 Junker, daß der nächste Sturm ihre Tugend zu Falle gebracht hätte,
2872 3345 3396 3400 während er hier den Mann
1646 3342 2879 3411 ist eine der großen Blasirten und ist mit hrem betagten Mann und einem
416 3325 1638 3406 was dem selbstbewußten Gatten nicht erfreulich klingt. Dem Paracelsus
2864 3389 3388 3447 Frau mit einer Anderen! 6
1640 3389 2869 3451 sie anschmachtenden Poeten. Der Blutgeruch regt ihre Nerven an
407 3393 1640 3452 aber gesteht sie, daß sie ihn, den Studenten, geliebt und ihm das Fenster
1645 3445 2863 3503 und ... „Rollin, warten Sie heute Nachts unter meinem Fenster,“
2863 3437 3405 3502 diesem Verrath der Freundsc
408 3447 1638 3505 offen gelassen, daß er aber die Gelegenheit nicht zu nützen gewußt.
2875 3492 3403 3555 meines. Ein Alltagsabenteuel
1646 3466 2876 3550 sagt sie zum Dichterling im Abgehen. Es ist wie eine Szene aus den
408 3491 1649 3555 Nun sei das Alles vorüber und sie gedenke nunmehr eine hoch¬
1640 3532 2866 3590 verrufenen Blut= und Lustromanen von Rachilde. (In einem spielt
2868 3531 3396 3601 habt! „Du hast sie nicht zu
420 3532 1647 3605 anständige Frau zu bleiben. Sehr naiv versichert sie ihrem Gatten:
2867 3582 3406 3645 Deiner Dirne!?“ In seinem
1651 3578 2877 3647 ein Kapitel im Schlachthause, wo eine Gesellschaft feiner Patientinen
416 3584 1656 3646 „Wenn Du mich hütest, kannst Du mir vertrauen.“ Das Stück ist in
1642 3627 2875 3697 der Schlachtung beiwohnt, um kuhwarmes Ochsenblut zu trinken.)
2870 3626 3394 3699 dem Hause. Wie gut, da
423 3636 1645 3703 Versen geschrieben, die wirklich poetisches Verdienst haben. Die Situa¬
1649 3678 2868 3733 Das Stück ist, wie man sieht, eine Variante von Leoncavallo's Oper:
2872 3687 3386 3745 Schmerz wäre ihr das
423 3690 1646 3744 tion der in aller Unschuld sich schuldig wähnenden Frau hat ihren
423 3742 3369 3807 seltsamen Reiz; man könnte sich das von Shakespeare gestaltet vor¬ „Der Bajazzo". Auch der von Herzl bearbeitete „Tabarin“ hat dieses] öffnet ihm die Augen,
