3436 4224
1958 92 2404 190 box 16/1
190 106 1810 222 9.4. Der gruene Kakadu  Zuklus
159 716 565 842 Telsfon 12801.
155 826 873 930 nfür Zeitungs-Aussehnitte.
720 907 951 980 Ausschmn
155 902 675 1051 BSERVER“
709 930 1044 1062 Nr. 93
154 1038 1092 1145 au für Zeitungsberichte u. Personalnschrichten
151 1110 902 1221 h. Türkenstrasse 17.
160 1194 693 1283 in Budapest: „rigyeld“ —
147 1257 970 1365 Thicago, London, Newyork, Paris, Steckholm.
160 1260 1103 1511 Shak I. N.
529 1458 948 1586 ben
834 1809 3148 1873 unmittelbaren Gegenwart, das Versspiel „Paracelf=.3“ der deut=1 äußern Anstrich einer Diebsherberge gibt. Der g-riebene Pro¬
141 1828 713 1923 ter in Stuttgart.
827 1867 3153 1934 schen Renaissance und die Groteske „Der grüne Kakadu“ dem späre hält sich ein eigenes Personal, das in seinem Lokal all¬
152 1895 843 1966 er: „Die Gefährtin“, „Paracelsusz“ und
830 1904 3155 1967 durch den Tag des Bastillesturms gekennzeichneten Anfangsstadium abend“h die Rollen von Dieben und Diebsgesellen spielt und
154 1948 659 2014 du“ von Arthur Schnitzler.
840 1961 1394 2032 der französischen Revolution.
1971 1942 3160 2020 das zu dem eigenartigen Schauspiele herbeiströmzende ganze ele¬
155 1979 858 2064 r „Die Gefährtin“, „Poca¬
873 1983 1991 2047 Von besonderer Eigenart ist das kleine Drama „Die Ge¬
1982 1996 3148 2064 gante Paris durch den Vortrag mit kühner und kühnster Fan¬
155 2036 1990 2104 üne Kakadu“ lernten wir gestern sfährtin“; es gibt uns streng genommen in dramatischer
1972 2044 3153 2100 tasie erfundene Verbrechergeschichten unterhält. Das Schick¬
155 2075 3145 2149 hnenschriftsteller Arthur Schnitzler Form die Schlußanwendung eines Romans. Dieser Roman sal aber fügt es, daß einer dieser sonderbaren Thespis¬
151 2131 3149 2203 chöpfungen die genannten Werkchen hat ausgespielt, wenn der Vorhang sich hebt; sein Inhalt ist ljünger, ohne daß er es weiß, seine eigene Leidensgeschichte
170 2167 3146 2244 als durch sie seinen Namen durch das Schicksal einer Frau gewesen, die „zur Geliebten, aber vorträgt: er improvisirt einen Roman, in hessen Verlauf er
181 2212 3146 2259 und „Das Vermächtnis“ gemacht nicht zur Gefährtin des Mannes“ geschaffen war. Das, was als Rächer seiner verlezten Gattenehre einen Marquis ersticht,
157 2248 3148 2325 kleinen Dramen intexessanie Arbeiten, auf der Bühne sich abspielt, sind die Seelenkämpfe des Mannes, um wenige Augenblicke darauf aus dem gleichen Motive die
164 2315 3143 2360 bei ihrem ersten Erscheinen vor dem der 10 Jahre lang an der Seite dieser Frau gelebt, der ihr  That wirklich zu begehen. Mit ungemeiner Kunst wird in dem
160 2348 3143 2400 sseres Schicksal gewünscht hätten alsSchicksal geahnt hat, dem sich aber erst an dem Tage, da er kleinen Drama der Schauplaz der Handlung und die gewitter¬
832 2386 3154 2445 sie zur Erde bestattet hat, die volle Wahrheit über ihren schwüle Revolutions=Atmosfäre geschildert, unter deren Druck die
156 2392 851 2448 hnen zuteil wurde. Hätte man sich
152 2435 3161 2493 n der Kunst und speziell in der drama= Lebensroman enthüllt. Die kleine Handlung ist kunstvoll Ereignisse sich abspielen: man steht unwillkürlich unter dem
163 2468 3154 2526 gleichen Weise abiehnend verhalten, entwickelt, die Karaktere der wenigen auftretenden Per=] Eindruck, als flute in die dumpfe Kellerkneipe des ehemaligen
151 2525 843 2580 iode, die wir beate noch stolz als
844 2515 1992 2573 sonen sind fein gezeichnet, und das Ganze ist mit Stim¬
1969 2497 3166 2586 Schauspielerprinzipals die Revolution mit ihrer ganzen elemen¬
848 2560 1985 2616 mung gerabezu durchsättigt. — Das Versspiel „Paracelsus“
155 2561 854 2609 ichnen pflegen, wohl nie über ihre
1965 2559 3154 2607 taren Gewalt und allen ihren künftigen Schreckensszenen herein.
148 2602 2035 2662 iehen sein, denn gegen die kecken bewegt sich fast ganz und gar in der herkömmlichen Bühnen¬
2027 2606 3160 2658 Die Aufführung der 3 Stückchen war im ganzen gut.
1979 2627 3156 2692 Die 3 Hauptpersonen des Dramas Die Gefährtin“ wurden
835 2555 1983 2743 Maekterichrter ait uer tereter enen.
150 2693 848 2749 ielsach zahm zu nennen. Goethes.
1981 2681 3148 2744 von Hrn. Ellmenreich, Frl. Paschke und Hrn. Jessen
155 2733 846 2793 hr für unanfechtbar gehaltene Kunst¬
840 2713 1977 2787 Inhalts und der niedlichen Versform, in der es vorgetragen
1975 2721 3152 2799 in feiner Abtönung gegeben. Hr. Ellmenreich fand das Kolorit
148 2779 850 2833 , als irgend ein Stück der modernen
825 2759 1984 2826 wird. Künstlerisch ist es jedenfalls das am meisten anfechtbare
1977 2764 3147 2831 für die ruhigen und weichen Züge in dem Karakterbilde des
839 2819 1987 2871 der 3 Stückchen, weil es moderne Zustände in ein historisches
156 2809 855 2881 nd Schillers „Räuber“ und „Kabale,
1982 2810 3149 2866 alten Professors sehr glücklich, versagte aber, wo die herbere
154 2854 1986 2914 fihre Zeit in rückhaltloser Darlegung Gewand hüllt und dieses darum zu sehr als Maskenkleid er¬
1986 2847 3149 2908 Leidenschaft einzusezen hat, wodurch die Wirkung des ganzen
152 2886 1994 2961 nicht darstellbar gegolten, genau so scheinen läßt. Es behandelt ein angebliches Abenteuer des be¬
1974 2897 3167 2967 nicht unerheblich abgeschwächt wurde. In „Paracelsus“ machten
161 2936 1989 3003 irgend ein Drata von Hauptmann kannten Arztes Theophrastus Paracelsus aus der Zeit, da der
1976 2932 3150 2995 die Herren Schrumpf, Amanti, Alsen und Richter so¬
188 2986 849 3052 erwähnten Einaktern erweist sich¬
828 2974 1990 3042 im Geruche ühernatürlicher Begabung stehende Gelehrte sich in
1976 2984 3162 3043 wie die Damen Doppler und Künniger sich in gleicher
159 3013 846 3095 ts weniger wie einen Stürmer
831 3022 1987 3088 Basel aufhält. Der berühmte Wundermann nimmt Rache an
1987 3029 3142 3092 Weise um die Vorstellung verdient. Im „grünen Kakadu“
828 3060 1987 3122 einem dortigen Bürger, weil dieser ihm vor 13 Jahren sein
165 3066 846 3135 neue Wege, gewiß, aber nur
1984 3068 3147 3135 zeichneten sich durch karakteristische Darstellung namentlich Hr.
1976 3117 3147 3180 Schmidt=Häßler als Prospère und Hr. Richter als Schau¬
144 3102 1987 3162 altlose und Konventionelle, an dem Liebchen weggeheiratet hat. Zeitwidrig genug tritt er dabei als
831 3159 1990 3211 ein ganz moderner Hypnotiseur auf, der à la Hausen dem
152 3155 835 3215 Ektion so lange gekränkelt, zu über¬
1969 3161 3158 3217 spieler Henri aus. Die zahlreichen kleineren Rollen, die
153 3201 837 3253 stlerischen Gedanken und seine künst¬
1979 3196 3160 3266 für die Zeichnung des Milien bestimmend sind, wurden haupt¬
826 3202 1989 3259 schmucken Weibchen einen Liebesroman mit einem Junker sug¬
835 3242 1983 3305 gerirt. — Ein Stimmungsbild von mächtiger Wirkung ist das
160 3241 837 3297 dem Leben unserer Zeit zu schöpfen
1984 3233 3143 3295 sächlich von den H.H. Jessen, Göhns, Blöß, Kaser Ellmen¬
832 3281 1991 3341 lezte Stückchen, „Der gre##e Kakadu“ das der Urheber
1980 3275 3161 3352 reich, Schlotthauer Alsen, Schrumpf, Trotz und Salomon, so¬
166 3289 842 3341 amatischen Kunst über die gewohnten,
838 3326 1990 3384 selbst als eine „Groteske bezeichnet. So viel weltgeschichtliche
153 3322 833 3386 untergegangenen Mittel hinaus neue
1978 3318 3160 3385 wie den Damen Rossi, Paschke, Künniger und Klant wirkungs¬
1983 3362 2085 3422 voll
151 3373 843 3430 e3 Einakter haben das miteinander
835 3371 1983 3433 Stimmung wie hier ist wohl seit Scheffels „Hugideo“ selten
2111 3365 3155 3420 #eben. Ein Kabinetsstückchen karakteristischer Schauspiel¬
838 3410 1990 3469 in einen engen Rahmen gedrängt worden. Der „grüne Kakadu“.
153 3418 833 3474 ungsbilder wirken sollen, und zwar
2072 3407 3149 3487 bot Hi Amanti in der Episode des Grain dar, des
1978 3451 2175 3529 wirkliche
167 3464 1999 3512 ihr koloristisches Motiv 3 verschie= ist eine Spelunke in Paris, der ihr spekulativer Inhaber, ei
2335 3456 3153 3533 ,der sich unter die Pseudoverbrecher verirct.
2234 3492 3062 3575 hatte alle 3 Stückchen vortrefflich inszenirt.
180 3488 2120 3566 , das Drama „Die Gefährtin“ der ehemaliger Theaterdirektor, aus geschäftlichen Gründen den Herr
