3392 4352
889 0 1260 73 Kakadu
1391 -4 1821 91 box 15/1
181 -2 598 94 9.3. Der
414 23 1254 112 L Fruent Ae
1484 687 2514 747 ###noy; Abgeordneter Daszynski bezeichnet die Po
1019 711 1332 788 ###s Ketannt.
377 708 844 782 #ensprs Gerschauenge
1641 737 2828 803 Flügels als eine Politik der leeren Worte. „Wir ieven in einem
1982 788 2115 851 TEE
377 828 2829 908 bei, hängende Begriffe. Der Sonne wurde das Blut und die Herzen zahlreich gefolgt. Nach den „Webern“ kamen Hannele Matterns
374 864 478 913 die
555 867 2815 909 Opfer vargebracht, damit wurde sie genährt, zur! Himmelfahrt", „Einsame Menschen“ und „Fuhrmann Henschel“
364 895 484 953 und
477 893 929 961 Leistung ihrer täglich
970 892 1657 966 n vollbringenden Arbeit stark ge¬
1650 915 2830 966 von Hauptmann, „Die Ehre" und „Heimat“ von Sudermann,
370 934 631 993 des I macht.
675 943 1650 1012 ie Opfer aber lieferte der Krieg. Die mexika¬
1648 952 2831 1001 Jugend“ von Halbe, „Der Meister von Palmyra“ von A. Wil¬
354 964 488 1045 anen
479 984 1123 1041 nischen Annalen verfehlen nie
1149 985 1652 1043 u erwähnen, daß, ehe
1645 983 2826 1054 brandt, und nun schließen sich diesen Werken und Verfassern
356 1010 490 1078 nne.
476 1010 1653 1070 die Sonne geboren wurde, erst der Krieg geschaffen werden mußte,
1652 1041 2812 1116 „Johanna Wedekind“ von Felix Philippi und „Der grüne Papagei“.
362 1053 482 1105 cmit
472 1055 1643 1116 der die Opfer zur Ernährung der Sonne lieferte. — Die geöffneten
1651 1070 2059 1134 von G. Schnitzler an.
474 1096 1654 1154 Mäuler dieser Schlangen, aus denen je ein Menschengesicht heraus¬
348 1093 483 1146 Jahr
1683 1106 2823 1164 Philippis Stück wurde im Sarah Bernhardt=Theater mit der
348 1136 480 1189 eische
480 1137 1648 1190 sieht, sind einander gegenüber, am unteren Rande der Scheibe
1653 1136 2818 1196 Leiterin dieser Bühne in der Titelrolle gespielt. Sarah Bern¬
353 1174 477 1229 allen
485 1173 1644 1233 angebracht. Die Schwanzenden am oberen Rande, berühren sich
1647 1185 2825 1256 hardt hat es gewählt um ihren Übertritt in das Fach der Mütter
348 1218 492 1264 önne
474 1211 1646 1275 nicht, sondern lassen einen schmalen Raum zwischen sich, in dem
1656 1227 2837 1290 zu vollziehen. Ein Kritiker geht so weit, zu sagen, daß Sarah
353 1248 1644 1308 Erd=I man das Bild des Zeichens und des Tages „dreizehn Rohr“ an¬
1645 1250 2828 1314 Bernhardt mit ihrer unvergleichlichen Kunst des Schminkens es
346 1288 1646 1360 sonne gegeben findet, das, wie ich oben sagte, das Geburtsjahr der
1650 1302 2833 1349 fertig gebracht habe, sich sogar das Aussehen einer bejahrten Frau
351 1322 485 1384 n die
467 1320 1243 1384 gegenwärtigen, der historischen Sonne ist.
1641 1344 2825 1401 zu geben. Eine stärkere Leistung hat die unerschrockenste Galanterie
516 1350 1641 1425 Diese gegenwärtige Sonne umgeben von den vier vorweltlichen
329 1363 485 1435 ngen,
1648 1385 2819 1426 noch nie geliefert. Die Wahrheit ist, daß es der ganzen unver¬
375 1415 1654 1472 be= Sonnen, ihr Geburtsjahr, die zwanzig Tageszeichen, die Sinn¬
1650 1427 2818 1480 gleichlichen Schminkkunst der göttlichen Sarah in der letzten Zeit
325 1431 486 1502 galles
473 1447 1647 1497 bilder des Feuers und des Krieges, die sind es, die auf dem, aus
1643 1452 2820 1518 nicht mehr gelungen ist, ihr Alter ausreichend zu verbergen, daß es
477 1485 1642 1544 dem alten, großen Tempel stammenden sogenannten Kalenderstein
1646 1491 2832 1546 in ihren schmachtenden oder stürmischen jugendlichen Liebhaberinrollen
318 1518 386 1580 :
480 1515 1642 1577 dargestellt sind — gewissermaßen ein Idol der Sonne, so wie sie
1651 1541 2825 1599 nicht auf das peinlichste herührte. In der „Johanna Wedekind“ ist
322 1562 477 1630 ennes,
471 1557 1657 1609 von den Mexikanern konzipiert wurde, und auch dem gewöhnlichsten!
1652 1574 2820 1632 die sechzigjährige Künstlerin endlich an ihrem Platze. Die Rolle
468 1598 1642 1671 Manne zweifellos in allen Einzelheiten verständlich. Von einer
1642 1607 2820 1680 der Schmerzensmutter erwachsener Söhne entspricht ihrem Alter.
310 1618 479 1690 uf dem
470 1639 1656 1707 geheimen Weisheit, von der verschiedene Antoren gefäbelt haben,
1640 1653 2824 1719 Der deutsche Leser hat ohne Zweifel erraten, daß „Johanna Wede¬
473 1674 1644 1727 ist darauf nichts zu sehen. Aber in der Assoziation von Sonne und
317 1678 473 1727 bilden.
1648 1692 2479 1750 kind“ die Pariser Lesart des „Dornenweges“
2530 1702 2819 1758 für den der
317 1719 474 1765 der in
478 1723 1646 1774 Krieg, die es vor Augen führt, ist dieses Monument so recht das
1652 1715 2823 1781 französische Übersetzer Kraus, ein Sohn der bekannten aus Öster¬
327 1751 481 1808 Federn
481 1759 1646 1813 Sinnbild jenes kriegerischen Stammes, der „inmitten der Binsen,
1647 1764 2809 1825 reich stammenden ehemaligen ersten dramatischen Sängerin der
303 1788 475 1845 en vier
465 1793 1642 1860 inmitten des Rohrs, an dem rauschenden, blauen Wasser“ — in der
1642 1807 2816 1866 hiesigen Großen Oper, anscheinend keinen passenden französischen
368 1838 1640 1896 acht! Mitte der Salzwasser=Lagune, sich seine Heimat, ein zweites Venedig,
1639 1846 2813 1919 Ausdruck zu finden wußte. Den Inhalt des Stücks zu erzählen,
302 1874 1645 1928 endende I gründete und von dort aus das Tal und alles umliegende, Land
1644 1874 2809 1926 erübrigt sich, da es in Berlin und den meisten anderen Theater¬
307 1918 1634 1974 der die 1 bis an die Gestade der beiden Meere sich unterwarf, bis auch er
1641 1922 2815 1968 städten Deutschlands und Österreichs eine lange Reihe von Auf¬
300 1954 1642 2009 bringen dem Verhängnis unterlag den fremden Männern, die geheimnis¬
1641 1963 2809 2031 führungen erlebt hat. Auf die Zuschauer wirkte es auch hier sehr
313 1994 1643 2048 d von I voll dem Meere des Ostens entstiegen, seine Herrschaft abgeben
1631 2006 2818 2081 stark. Bei der ersten Aufführung war der Erfolg durchschlagend
309 2031 1642 2089 wanzig mußte, und damit gleichzeitig den alten Glauben und die alte
1640 2039 2026 2091 und uneingeschränkt.
308 2062 1635 2121 wanzigKunst und die alte Kraft verlor. Nur die alte Sprache ist ge¬
1668 2079 2812 2150 Die Kritik beurteilte es verschieden. „Figaro“ spricht davon in
314 2110 1639 2178 imalen blieben, und in dem Schnitt des Gesichts der heutigen Fischer,
1638 2097 2328 2174 den Ausdrücken höchster Anerkennung.
2319 2123 2819 2183 „Das Drama ist mächtig,
308 2144 1635 2199 neten.! Gärtner und Landbauer, und in dem kraftvollen Aufbau des
1635 2156 2819 2222 packend und ergreifend. Sein Fehler ist außer der etwas düstern
311 2188 1635 2243 beitet, Leibes glaubt man die Züge jener edlen Nation wiederzuerkennen,
1631 2202 2808 2257 Tönung, die durch eine Art biblischen Mystizismus noch hervor¬
321 2234 1636 2287 gegen=1 die einst einen Motecuhcoma und einen Quauhtemoc gebar und
1638 2237 2818 2281 geboben wird, der Umstand, daß wir vom Anbeginn des Rätsels
314 2262 366 2307 1
587 2270 1639 2334 n einem Meer von Blut, durch Hunger, Pest und Ver¬
1640 2272 2817 2330 Lösung kennen. Das vermindert natürlich die Spannung, nimmt
319 2288 476 2352 ichens
463 2298 1284 2370 zweiflung u Boden geworfen werden konnte.
1631 2313 2809 2391 aber nichts von der guten Szeuenführung und litterarischen Haltung
326 2336 466 2386 st des
1628 2352 2726 2407 des Stückes, das sicherlich sehr merkwürdig und fesselnd i
311 2372 467 2435 jung“
1628 2391 2809 2449 „Débats“ loben mit Vorbehalten. „Johanna Wedekind ist uns als ein
624 2386 1460 2471 Deutsche Theaterstücke in Frankreich.
320 2402 469 2473 uar“
1624 2411 2813 2478 recht starkes Werk mit schönen Absichten erschienen, das nur etwas
1179 2437 1611 2511 Paris, 7. November.
341 2436 476 2510 der
1638 2472 2812 2525 eintönig ist und der großen Leuchtkraft der Meisterwerke entbehrt.
480 2473 1635 2546 Als Antoine vor zehn Jahren „Die Weber“ von Gerhart
321 2493 475 2564 onne,
1630 2504 2804 2563 Es ist in Melodrama, das ein großes und schönes Drama hätte
463 2519 1634 2587 Hauptmann aufführte da konnten wir von einer Wendung in den
1633 2545 2807 2591 werden können. Es ist interessant und anziehend und rührt
326 2559 465 2635 tein¬
462 2574 1627 2626 Pariser Theatergewohnheiten sprechen und feststellen, daß dies
1638 2586 2818 2637 empfindsame Personen zu Tränen.“ „Eclair“ nennt das Stück
334 2611 469 2667 oder
513 2615 1632 2670 abgesehen von einer Darstellung des „Sohns der Wildnis“
1629 2627 2804 2687 zwar „ein ziemlich banales Drama“, fügt aber hinzu: „Man be¬
324 2635 477 2708 irkis¬
459 2654 1639 2710 von Friedrich Halm in italienischer Sprache — der erste Fall der
1625 2670 2812 2725 geguet darin jedoch, insbesondere im ersten Aufzug, ungemein gut
339 2690 463 2739 war
447 2674 2816 2757 Aufführung des Werkes eines lebenden deutschen Bühnenschrift= behandelten Auftritten und einer sehr sichern Zeichnung der meisterhaft
453 2723 2786 2766 stellers in Paris seit dem Anfang des 19. Jahrhunderts, seit derhingestellten Charaktere. Das ganze Werk ist überdies von einem sehr
346 2768 2826 2854 men= Zeit Kotzebues, war. Seitdem sind die deutschen Stücke einander edeln Geist, einem stärkenden Hauch hoher sittlicher Schönheit beiehe
