3436 4256
2075 188 2548 275 box 15/6
279 169 1926 289 9.4. Der-Ernene KakaduZ#klus
1110 1115 1381 1189 yunte.
1475 1136 3326 1195 #egein, beiseite gesteilt und dürfte denselben fellen im Auftrage Dupuys und des Justizministets!
671 1164 3317 1206 * Der Sozialistenführer Bebel liebt es be= lassen. Ermutigend sind ihre bisherigen Erfahrungen! Lebret Esterhazy eine Geldsumme anzubieten.
549 1197 1494 1259 kanntlich, auf die Schweiz, in der er das viel¬
1479 1209 1955 1282 mit § 14 jedenfalls nicht.
2383 1225 3325 1282 falls er seine Papiere dafür herausgeben wolle. Die!
554 1239 1499 1310 genannte Schlößchen besitzt, zurückzugreifen. Dabei
1530 1245 2391 1307 Der schlesische Landtag nahm mit ebenfalls
2399 1263 3327 1320 Besprechung habe in Gegenwart eines einwands¬
563 1271 1498 1356 ist ihm jüngst ein ziemlich starker Irrtum unter¬
1475 1291 2395 1349 allen Stimmen gegen diejenigen der slavischen Ab¬
2391 1301 3316 1358 freien Zeugen stattgefunden. Esterhazy habe ab¬
554 1310 1478 1381 laufen, wie wir den „Baseler Nachr.“ entnehmen.
1483 1323 2411 1394 geordneten eine Resolution an, in welcher erkfärt
2392 1341 3320 1405 lehnend geantwortet und werde morgen oder über¬
564 1361 1484 1417 die folgendes schreiben: „Herr Bebel meinte mit
1480 1369 2400 1432 wird, der Landtag halte an der wiederholt kund¬
2388 1380 3315 1445 morgen den Vorfall in einem Londoner Blatte
561 1402 3340 1444 Bezug auf den Paragraphen der Vorlage zur Ge¬ gegebenen Anschauung fest, daß in dem unverbrüch= publizieren. Er werde seine Papiere nur dann ver¬ K
573 1440 879 1506 S
546 1506 3321 1593 war bei seinem Beginn das Publikum noch so des Vereins wurde mit Recht an die Spitze der Publikum zeichnete sämtliche Mitwirkende, nament¬
547 1548 1485 1607 ganz in der Kakadu=Stimmung, daß die Hypnoti¬
1476 1557 2390 1623 Aufführung gestellt. Hierauf folgte ein Prolog von
2384 1557 3315 1636 lich aber Herrn Musikdirektor Zellner, dessen ernstes
557 1590 1474 1640 sierungsgeschichte, in die Schnitzler hier eine ehrbare
1474 1591 2391 1648 Julius Wolff. Der Dichter brachte die Fülle
2391 1606 3304 1662 Streben wärmste Anerkennung verdient, durch
555 1629 1476 1683 Waffenschmidts Gattin verstrickt, nicht recht ver¬
1465 1630 2385 1686 seiner formvollendet gebotenen poetischen Gedanken
2391 1645 3315 1711 großen Beifall aus. Der Kotzoltsche Gesangverein
547 1670 1474 1725 fangen wollte. Das hypnotische Experiment, das
1474 1674 2388 1741 bereits häusiger zur Verherrlichung der Feste dieses
2389 1689 3309 1732 nahm durch die Pflege, welche er fast ausschließlich!
556 1707 1480 1754 der bekannte Arzt Paracelsus hier zweimal vor¬
1477 1711 2393 1767 Vereins dar. Er schilderte das Körperlose, nach Be¬
2384 1709 3302 1781 dem a capella-Gesang zuteil werden ließ, seit Jahren
554 1736 1481 1795 nimmt, hat den Zweck, den Schmied Cyprian, einen
1470 1753 2387 1801 endigung einer Leistung Entschwundene der musi¬
2388 1766 3312 1819 einen hervorragenderen Platz im Berliner Musik¬
543 1774 1477 1834 Freund des Arzkes, von seinen Zweifeln an die
1473 1791 2387 1844 kalischen Reproduktionen im Vergleich mit anderen
2381 1792 3309 1866 leben ein. Ohne seine Thätigkeit, welche sich sowohl
539 1820 1466 1887 Kunst des Freundes zu kurieren, erwies sich aber
1468 1829 2406 1891 Kunstgatlungen. Dann pries er aber das Ideale der
2386 1848 3303 1901 auf Gesänge früherer Jahrhunderte, als auch auf
549 1848 1473 1926 auf der Bühne sehr bald als unfähig, eine größere
1473 1869 2391 1936 Rückerinnerung und die Bedeutung des speziell
2392 1875 3309 1946 Werke von Komponisten der Neuzeit erstreckt,
547 1894 1471 1955 dramatische Spannung zu erzeugen. Auch Herr
1470 1911 2394 1961 deutschen Liedes. Der Königliche Schauspieler,
2379 1900 3317 1984 würde sich eine fühlbare Lücke in den hiesigen!
545 1938 1473 1988 Kainz, der Hypnotiseur des Stückes, ver¬
1477 1949 2390 2007 Herr Kurt Junker, sprach den Prolog einfach
2373 1952 3304 2010 musikalischen Reproduktionen bemerkbar machen.
549 1972 1469 2035 mochte die Langeweile nicht zu bannen, die
1468 1995 2382 2051 und natürlich, ohne dabei in den Fehler des allzu
2377 2002 3305 2062 Den Anwesenden wurde eine Festschrift über¬
538 2017 1462 2087 sich gemach in die Reihen des Zuschauer¬
1466 2030 2383 2081 pathetischen Deklamierens zu verfallen. Der jetzige
2382 2032 2528 2084 reicht,
2521 2043 3299 2092 die eine ausführlichere Lebensgeschichte
540 2060 1474 2112 raumes einschlich. Wohl gehorchte oben auf
1463 2067 2394 2126 Dirigent, Herr Musikdirektor Leo Zellner, war
2380 2079 3297 2131 des Gründers und ersten Dirigenten. Heinrich Kotzolt,
545 2101 1472 2150 den Brettern Frl. Dumont, als Frau Justina
1473 2107 2380 2155 als Komponist mit Goethes „Harzreise im
2378 2121 3302 2174 enthtelt und die Entstehung und weitere Geschichte
536 2138 1481 2187 Cyprian pflichtschuldigst der suggestiven Wirkung
1472 2136 2389 2202 Winter“, die er für achtstimmigen Chor und acht
2374 2147 3288 2211 d#e Vereins schildert. Hieran schließt sich ein Ver¬
540 2179 1464 2231 seiner Bannblicke, aber im Publikum entzog sich gar
1472 2186 2382 2229 Solostimmen setzte, vertreten. Die Haupteigenschaf¬
2376 2185 3300 2246 zeichnis der Solisten, welche in den Konzerten mit¬
552 2202 1465 2273 mancher durch voreiligen Aufbruch der widerwilli¬
1468 2220 2381 2278 ten des Stückes bestehen in seiner nicht zu schweren
2373 2213 3297 2291 wirkten, ein ebensolches aller vom Verein gesungenen
542 2245 1469 2314 gen Hypnose, in die ihn dieser Paracelsus sehr
1469 2257 2379 2313 Sangbarkeit und oft sehr hübschen Klangwirkungen.
2374 2273 3291 2327 Kompositionen und der jetzigen singenden Mitglieder.
555 2295 1462 2344 gegen die Absicht seines Dichters zu versenken be¬
1468 2295 2382 2365 Von den übrigen Chorliedern ist vor allem Meister
2375 2306 3302 2362 Madrigale und geistliche Musikstücke älterer Zeit
553 2332 1470 2386 strebt war, und so ist billigerweise der Beifall, der
1468 2343 2385 2393 Georg Vierlings „Wenns Ostern wird am
2383 2352 3293 2401 wurden in den 50 Jahren 84 verschiedene aus¬
549 2375 1470 2431 dem langatmigen uninteressanten Puppenspiel nach¬
1463 2374 3300 2440 Tiberstrom“ mit seiner feinen Charakterisierungs= geführt. Die ältesten von diesen sind solche von
546 2414 1466 2477 rauschte, wohl nur als Demonstration für Herrn
1458 2418 2382 2479 kunst und poetisch herzlichen Empfindung zu
2367 2434 3291 2474 Josquin de Prös und Heinrich Isaak, die
539 2448 887 2518 Kainz zu deuten.
1465 2457 3295 2515 nennen. Außerdem waren noch Stücke von Wil= beinahe schon ein halbes Jahrtausend überdauern.
1457 2492 3291 2560 helm Taubert. Robert Volkmann undKompositionen neuerer und neuester Zeit wurden
1464 2534 2380 2591 Franz von Holstein ausgewählt. Herr Professor
2372 2550 3300 2609 327 gesungen und von deutschen Komponisten, die
615 2550 1462 2620 Die Feier des fünfzigjährigen Bestehens des
1469 2576 3296 2624 Fritz Struß svielte Beethovens F=dur-Romanze irgendwie etwas Nennenswertes im a capella-Ge¬
542 2602 1469 2661 Kotzolischen Gesangrereins wurde am Sonntag
1458 2622 3285 2683 in trefflicher Weise und Frl. Willy Arendts, sang geschaffen haben, sind die meisten vertreten.
548 2650 1469 2709 im Saale der Singakademie mit einer Morgenmusik
1463 2654 3283 2720 im Vollbesitze ihrer vornehmen, tiefen Alt= Robert Schumann und Georg Vierling. von
555 2692 1465 2735 begangen. Das Programm begann mit der dem
1468 2691 3281 2749 stimme, sang Lieder von Schubert, Brahms denen der letztere den ersteren noch mit vier Stücken
548 2721 1472 2780 Thomaner=Chor in Leipzig gewidmeten Komposition
1470 2732 3283 2793 und Hans Hermann. Ueber die Leistungen des überholt, denn es wurden von ihm 30 verschiedene
546 2761 1462 2813 des 67. Psalms „Gott sei uns gnädig und segne
1459 2764 2793 2819 Vereins ist eist fürzlich an dieser Stelle ausführ= Gesänge ausgeführt,
2771 2778 3278 2834 sind die am höusigsten
3267 2783 3350 2831 Or
540 2796 1467 2845 uns“ von Heinrich Kotzolt. Das geschickt geschriebene
1465 2793 3285 2869 licher gesprochen worden. Man merkte, daß die vom Verein gesungenen Tonsetzer. Es bleibt
3266 2819 3361 2866 2.
552 2841 3299 2882 und eine andachtsvolle Stimmung aufweisende Werk! Sänger sich der Festlichkeit des Tages wohl bew. #i nur noch übria, dem Kotzolischen Verein ein weiteres!
560 2886 3370 2968 des verdienstvollen Gründers und ersten Dirigenten waren und ihr Bestes zu geben suchten. Das Blühen und Gedeihen zu wünschen. — Am Abend M#
3273 2167 3349 2233 zu
