3436 4224
2070 204 2542 296 box 15/5
1149 209 1373 276 Kaka
306 217 2030 306 9.4. Der gruche mann ZukIns
452 501 1080 591 —
1724 544 1869 601 —
989 600 1343 685 Telefon 12801.
1634 690 1911 771 Ausschnitt
531 686 1642 811 gag Unternehmen für Zeitungs-Ausschnitte.
1573 779 1900 880 Nr. 44
847 755 1471 882 „OBSERVER“
432 862 1851 923 I. österr. behördl. concess. Bureau für Zeitungsberichte und Personalnachrich
2371 942 2778 1004 Telefon 12801.
734 949 1605 1017 Wien, IX/1 Türkenstrasse 17.
671 1015 1672 1096 — Filiale in Budapest: „Figyelö“, VIII. Josefsring 31a. —
2091 1040 3101 1118 Unternehmen für Zeitungs-Ausschnitte.
2968 1075 3186 1150 Ausschnftt
418 1150 899 1248 Ausschnitt aus:
2244 1108 3260 1258 „OBSERVER“ Nr. 68
895 1153 1601 1271 Seegess
1846 1239 3322 1325 L. österr. behördl. cone. Bureau für Zeitungsberichte u. Personalnachrichten
436 1287 853 1388 vom 2 3½ 9
2031 1302 3147 1400 Wien, IX/1, Türkenstrasse 17.
2263 1385 2938 1485 Filiale in Budapest: „Figyeló“ —
1949 1454 3231 1553 Vertretungen in Berlin, Chieago, London, Nowyork, Paris, Steckholm.
657 1521 1691 1621 Theater, Kunst und Wissenschaft.
688 1587 1722 1659 B. Wiener Theater=Brief. Wien, den 21. März.
1864 1525 3055 1683 Kusschnilt ana. (ee Souche
625 1625 1731 1698 *Seit Sudermann die Einakierttilogie als neue dramalische
641 1672 1726 1732 Specialität zur Mode machte, suchte man unwillkürlich bei einer
634 1726 1715 1776 Folge von drei turzen Stücken, die den Abend fullen sollen,
628 1764 1722 1813 den verbindenden Geranken. So ging es auch der jüngsten
1876 1698 2421 1845 von 7/7./7.
623 1797 1738 1842 dreigetheilten Gabe Arthur Schnitzlers. mit seinen drei
633 1846 1721 1897 Einaktern „Paracelius"Dte Gefährtin" und „Der
633 1859 1724 1920 grüne Kakadu“. Das Publikum wollte durchaus den
624 1914 1720 1961 Ariadne=Faden finden, der die drei heterogenen Dichtungen
625 1956 1717 2004 an einander schlinge, und mußte zum Schlusie das Gedanken¬
623 1989 1729 2048 kunststück, das es selbst machen wollte und das der Dichter
2245 1945 3316 2087 Vor dem Burgtheater.
631 2030 1732 2089 keineswegs beabsichtigt hatte, aufgeben. Nein, die drei Stücke
623 2067 1729 2124 haben kein teudenziöses Band, sie stehen durchaus siei und
627 2106 1732 2155 verschieden geartet da, und diese Ver##edenheit ist vielleicht ihr
2118 2103 3234 2199 Ungar (zu einem Passanten): Kérem! Was
633 2140 1732 2201 größter Vorzug. Jedentalis ist es ein größeres Verdienst, drei
629 2188 1723 2233 verschiedene Eingebungen zu haben, als ein und denselben
2015 2165 2906 2255 wird da heute für ain Stück gegeben:
627 2226 1723 2280 Vorwurf verschieden zu MUnstriren. Vieles fällt einem leichter
2104 2241 2867 2329 Passant: Der grüne Kakadu!
626 2262 1737 2311 ein als viel. Und Schnitzter sucht seine Eingebungen mehr in
627 2297 1737 2351 der Tiefe als in der Breite, mehr in der Kunst als im Kunst¬
2109 2313 3231 2386 Ungar: Teremtette! Das brauch ich mir nichte
634 2341 1734 2397 stück — ihm fällt in der That viel ein. Mit all seinen bisherigen
639 2380 1735 2437 Schöpfungen hat er dargethan, daß die Psychologie das Feld
2005 2385 3098 2466 anzuschau'n. Hab’ ich ja selber ainen zu Haus.
641 2415 1731 2475 ist, wo er zu ernten hofft. Er pflügt und gräbt mit emsigem
641 2459 1735 2514 Zielbewußtsein, und giebt der liebe Gott nur zu rechter Zeit
638 2491 1734 2544 Regen und Sonnenschein, so soll es eine reiche Aussaat werden.
641 2536 1720 2579 Schnitzter darf so de ken, er ist ein tüchtiger Arbeiter, ein
628 2572 1733 2622 junger Arbeiter, einer, der das weite Felo der Zukunft noch
639 2612 1738 2669 vor sich hat. Was an ihm zumeist werthvoll erscheint, das ist
629 2646 1720 2697 der männliche Ernst, die Tiefe seiner Beobachtungen, das Ein¬
430 2687 1724 2755 Far 50 2 dringen in scheinbar verschleierte Seelenoorgänge. Er fühlt Kraft
638 2701 1829 2778 in sich, und diese Kraft versucht er in stärkender Arbeit. Daß elusive
638 2772 1811 2819 die Versuche noch Keitik zulassen, daß sie Anerkennung und 'orto.
518 2769 621 2818 200
1724 2781 1821 2832 hlbar
634 2804 1842 2881 Zweisel in gleich starkem Maße herausfordern, das wird dem Vorat
572 2814 624 2854 0
629 2835 1725 2902 jungen Dichter bei seinem rüstigen Vorwärtsschreiten keinen
470 2842 623 2909 " 1000
641 2868 1794 2949 Schaden bringen. „Viel Feind, viel Ehr“ und selbst die äegsten jet
562 2901 639 2948 Im
662 2922 1820 2983 Zweifler können Schnitzler das Talent nicht absprechen. Freilich; #e#
437 2925 656 2988 Abonneme
658 2980 1799 3031 wird es sich zeigen müssen, ob dieses Talent ein ausgesprochen rn.
452 2978 652 3044 Abonnente
638 3003 1717 3055 dramatisches sein wird. Seine bisherigen Werke sind, trotz der
2339 2982 2918 3074 Bezugs-Bedingungen.
633 3042 1723 3114 großen seenischen Gewandtheit und trotz virtuoser Technik, aus¬
1889 3036 3066 3128 Für 50 Zeitungsauschnitte (Artikel oder Notizen) fl. 7.50
3087 3057 3298 3138 inclusive
643 3077 1728 3132 gesprochen epischer Natur. Seine Feinde würden sagen: „Ge¬
2905 3101 3056 3152 „ 14.—
3101 3116 3265 3162 Porto.
1978 3110 2084 3163 100
640 3123 1725 3163 dankenarbeit.“ In der That erfindet Schnitzler mehe, als er
2936 3129 3061 3189 25.—
1974 3156 2087 3201 200
3082 3141 3275 3203 Zahlbar
637 3153 1723 3218 findet, das Unmittelbare, Dramatische ist ihm — vorläufig ver¬
1920 3172 1986 3215 „
2894 3170 3067 3230 „ 55.—
1981 3191 2095 3243 500
643 3197 1731 3248 sagt. Aber man hat es hier mit einem starken Talente zu
1925 3196 1987 3259 „
2853 3185 3302 3274 . 100.— im Voraus.
1924 3232 2094 3296 „ 1000
649 3227 1726 3282 thun, mt einer Fähgkeit, die nicht steuerlos in die offene See
648 3282 1722 3327 hinaus treibt, sondern von einem starken Willen, einem
2019 3250 3358 3334 Im Gegensatse zu anderen Bureaux für Zeitungsausschnitte ist das
1455 3306 1728 3355 Die drei Ein¬
641 3310 1462 3372 concentrirten Selbstbewußtsein geleitet wird. —
1904 3319 3362 3371 Abonnement durch keine bestimmte Zeitdauer begrenzt; — auch steht es den
651 3347 1728 3398 alter machten ungleiche Wirkung. Im „Paracelsus“ läßt
1901 3345 3202 3421 Abonnenten frei die aufgegebenen Themen zu ergänzen oder zu ändern.
638 3393 1730 3440 Schnitzler durch das auf der Bühne nicht ungefährliche Mittel
3319 3365 3379 3428 905
650 3426 1725 3475 der Hypnose die Wahrheit über den Schein zum Sieg gelangen
650 3463 1722 3507 und erfreut durch wohlgebaute, festgefügte Verse. „Die Ge¬
641 3500 1731 3554 fährtin“ beleuchtet ein dunktes Ehekapitel mit pessimistischen
648 3532 1752 3602 Lichtern, „Der grüne Kakadn, dessen epifodische Handlung
647 3581 1745 3647 an dem Tage der Erstürmung der Bastille spi##mirkt¬
648 3612 1655 3676 durch die Eigenart, mit der Wahrheit und Lüge, Komö###
643 3638 1749 3718 Leben in einander geschlungen sind Eine starke Beschränk##
653 3700 1730 3749 liegt in der Form und der Ausdehnung des Einalters selbst.
651 3714 1753 3783 Ein großes Drama braucht Zeit und Raum, aber es ist nicht
644 3764 1740 3818 mindere Gestaltungskunst, einen Gedanken in kleinere, gelungene
658 3809 1741 3860 Form zu bringen. Das hat Schnitzter mit bestem Erfolge ge¬
647 3839 1743 3917 than, und es wird interessant sein zu beobachten, wohin sein¬
661 3875 1758 3949 Weg ihn führen wird, ob zum hohen Drama oder zum breiten¬
680 3940 733 4000 11
