3436 4256
1175 177 1369 251 Kak:
2124 188 2608 289 box 15/6
343 189 1987 295 9. 4. Der pruene Mnnaan ZykIng
1733 955 1915 1012 —
641 951 1022 1031 0 — Pronuto "
1337 958 1494 1023 chafter!
472 985 2891 1062 Grafen Münster in Paris das Großkreuz des Ordens weiht haben= ist heute Mittag im Sichthose de, Demgergeser Gerer
1472 1019 3318 1091 Reichspostmuseums feierlich enthüllt worden. Der der ivom Generalmaior General à la ##
466 1045 942 1103 vom hl. Karl verliehen.
1466 1080 3356 1134 würdige Raum war mit Topfgewächsen geschmückt. Moltke befehligten Aufstellung die direkten
545 1061 1477 1141 Der russische Gesandte am Württembergischen Hofe,
462 1120 3399 1183 Fürst Kantakuzene hat den Wladimir=Orden 2. Kl. Eine zahlreiche Versammlung füllte ihn und diegesetzten, General der Infanterie von Bock
471 1158 3390 1212 erhalten, der Ministerresident bei dem Großherzog von den Hof umgebenden Galerien. Die Wittwe, die Polach, Generalleutnants von Bülow und
1469 1207 2470 1293 weheien wir in Somabend der Beniuer Sistansihnung
2466 1216 3398 1296 (Egeilie) gruppirten sich verständnitzvoll um den sDar
468 1247 1462 1344 Theater, Kunst u. Wissenschaft.
1452 1279 2478 1335 seiner drei Einalter: „Die Gefährtin“, „Der grüne
2471 1278 3389 1348 des Paracelsus. — Ganz anderer Art ist der Humo
884 1315 2483 1382 Berlin, Montag 1. Mai. Kakadu“ und „Paracelsus“ bei. Es gab wieder
2483 1314 3390 1383 „Grünen Kakadu“. Er hat etwas Diabslisch
1472 1367 2488 1435 einen Erfolg, Sen weitaus lautesten nach dem zweiten
538 1343 1485 1428 H. Opernhaus. „Götterdämmerung“, der
2476 1372 3394 1427 sich, wie er da die französische Aristokratie, obscho
1483 1399 2487 1483 Stück. Das war vorauszusehen, denn die „Groteske“, wie
464 1396 1487 1487 dritte Tag des Wagnerschen Bühnenfestspiels, wenn auch
2481 1406 3388 1468 Boden unter ihren Füßen wankt und der Stunn au
1482 1444 2476 1510 Schnitzler etwas gesucht dieses satirische Lebensbild in
473 1446 1481 1518 nicht ganz so glücklich in der Ausführung wie an den
2472 1458 3400 1520 Bastille im Gange ist, in einer Kneipe niedersten G
1485 1507 2475 1558 historischem Gewande nennt, wirkte wie eine Ueberraschung.
461 1496 1488 1562 vorhergehenden Tagen, zeigte ebenfalls, daß man hier zur
2466 1506 3355 1569 perverser Vergnügungen nachgehen läßt.
1473 1554 2482 1608 So flaute die Stimmung gegenüber dem „Versspiel“, das
2473 1535 3398 1619 Schmierendirektor ist der Wirth, der seine Schauspiel
458 1548 1488 1616 Darstellung dieses mächtigen Werkes wohl die geeigneten
1472 1595 2480 1663 zum Schlusse kam, stark ab. Und es wäre wohl noch
2477 1599 3366 1663 Verbrecher ausgiebt und sie allnachmittags vor
466 1601 1481 1660 Kräfte besitzt. Der Siegfried des Herrn Kraus, dessen
1475 1645 2476 1703 mehr geschehen, wenn nicht Joseph Kainz den großen
2467 1637 3388 1699 Parterre von Herzögen und Marquis die schauerli
468 1640 1480 1708 Erscheinung ohne Frage eine sehr sympathische war, ist
1473 1693 2473 1744 Seelenkünder und Arzt aus dem Beginn des 16. Jahr¬
2468 1677 3390 1745 Unthaten berichten und mimem läßt, und dabei
457 1691 1487 1757 freilich dieses Mal gesanglich nicht so glänzend ausgefallen.
1480 1722 2470 1784 hunderts so überaus interessant gestaltet hätte. Schnitzler
2480 1733 3391 1783 und schmähen er und seine Künstler die Zuschau
465 1738 1487 1797 Es schien uns, als habe die Stimme bisweilen eine leichte
1485 1776 2479 1846 scheint sich in letzter Zeit viel mit dem Hypnotismus und
2478 1763 3392 1839 zum Scheine, der bittere Wahrheit ist. Schein und ####
452 1763 1486 1839 Ermüdung gezeigt. Wenn der Sänger in diesem Fall Falset
1483 1812 2480 1873 der Suggestionslehre beschäftigt zu haben. Sie lag neu¬
2466 1812 3391 1881 heit mischen sich in Einem fort durcheinander, un
457 1822 1472 1880 anwandte, was wir schon billigen können, so war das¬
1468 1869 2473 1919 lich dem Scherz „Frage an das Schicksal“ zu Grunde und
2473 1863 3398 1936 diesem Kontrast beruht auch die Handlung inmitte#
466 1874 1478 1932 selbe nur nicht immer schön und edel genug im Klange.
1479 1916 2473 1974 sie selbst bildet den Kern der dürftigen, aber mit allerlei
2469 1915 3397 1986 mit starken Farben gemalten Kulturbildes. Der
462 1910 1478 1972 Fräulein Josephine Reinl auch hätte manchmal
1470 1955 2479 2012 weisen Betrachtungen und guten Gedankeneinfällen ver¬
2476 1963 3390 2021 spieler Henri hat Tags zuvor die schöne Léocadie vol
456 1966 1482 2020 wohl noch mehr aus sich heraus gehen können! Was
1471 2002 2475 2066 drämten Handlung des „Versspiels“. Es ist keine unebene
2466 2007 3387 2065 „Porte St. Martin“ geheirathet, eine Dirne, mit
468 2009 1483 2068 sie als Brünnhilde leistete, war aber dennoch sehr an¬
1482 2052 2479 2102 Arbeit, nur daß sie nicht in den Dienst einer philo¬
2474 2047 3392 2108 schon sieben Jahre zusammengelebt, obschon sie heute
458 2048 1485 2105 erkennenswerth. — Etwas wilder, dämonischer hätten wir
1469 2091 2481 2155 sophischen Idee oder eines künstlerischen Zwecks gestellt
2473 2101 3387 2157 und morgen jenem gehört. Nun glaubt er aber, d
455 2100 1471 2171 den „grimmen Hagen“ des Herrn Mödlinger gewünscht.
1472 2121 2473 2191 erscheint. Und der Sinn der Schlußworte des Paracelsus
2474 2138 3392 2200 ganz allein sein werde, und in ländlicher Einsamkeit
457 2140 1487 2206 Den schwankenden Charakter Gunthers verstand Herr
1480 2188 2481 2249 vom „Spiel mit Menschenfeelen“ bleibt etwas dunkel;
2469 2187 3390 2260 er mit ihr ein neues Leben beginnen; ja gar vom K
455 2185 1492 2254 Bachmann treffend wiederzugeben. „Waltraute“ (Frau
1475 2231 2480 2295 Aber lustig anzuschauen ist es, wie Paracelsus, der einst
2463 2226 3384 2292 wiegen träumt er. Jetzt mimt er eine grause Szene
462 2235 1471 2302 Goetze), „Alberich“ (Herr Krasa) und die „Rhein¬
1477 2282 2475 2337 als Studiosus Hohenheim des Basler Waffenschmiedes
2463 2277 3392 2339 er den Liebhaber seines Weibes, den Herzog von Codi
463 2285 1475 2350 töchter“ Frau Herzog, Fräulein Rothauser und
1468 2321 2480 2398 und Rathsherrn Cyprian ehrsames Eheweib Jnstina heiß
2477 2323 3384 2396 in rasender Eifersucht erdolcht hat. So virtnos thut
468 2329 1472 2391 Fräulein Krainz waren gut und die „Gutrune" des Fräu¬
1471 2358 2479 2437 geliebt hat, nun als Gast des Hauses, vom Hausherrn
2467 2367 3381 2436 daß Manche glauben, es sei wirklich so geschehen,
458 2366 1485 2435 lein Weitz war durchaus annehmbar. Große Klang¬
1476 2414 2481 2476 als Zauberer und Quacksalber behandelt, eine Probe seiner
2470 2418 3377 2479 Wirth flüstert ihm zu, daß er es gewußt, daß sie ih
467 2420 1479 2478 schönheit entfaltete wieder das von Dr. Muck geleitete
1471 2464 2476 2525 Kunst giebt. Schnitzler läßt nämlich den Weisen schon
2467 2464 3381 2518 dem Herzog hintergeht, und als nun gerave der #
455 2471 1475 2525 Orchester. Ergreifend oft treten die gewaltigen Tonmassen
1479 2510 2480 2565 eingedrungen sein in die Geheimnisse des Hypnotismus
2464 2508 3385 2558 hereineilt, die Standesgenossen zu warnen, denn dr#
471 2514 1472 2570 ein, die, für den gigantischen Aufbau des Werkes erforder¬
2468 2550 3379 2617 tobt der Sturm auf die Bastille, da stößt ihm Henri
1470 2549 2486 2618 und so suggerirt Paracelsus Frau Justina die Reue um
455 2554 1482 2614 lich, wenn sie auch die Gesangsstimme theils erdrücken
1470 2604 2471 2670 eines Ehebruches willen, mit Junker Auselm, der sie um¬
2467 2598 3381 2666 wirklich den Dolch in's Herz und blutiger Fre
464 2605 1476 2663 und der Deutlichkeit der Aussprache im Wege
2466 2646 3369 2697 schein bricht in die Spelunke hinein mit
1480 2630 2478 2703 wirbt, obschon sie ihn, den Ehebruch, nie begangen. Der
466 2652 1478 2723 stehen, wir nicht gern vermissen möchten. Wenn
2465 2682 3382 2747 rasenden Stürmern. Die Fülle der Einze
1480 2696 2477 2749 gestrenge Gatte geräth darob in große Angst, und als
458 2695 1474 2747 heute zur vollendeten Ausführung einer Oper
2470 2724 3376 2786 der grellen Schlaglichter, die Reihe bunter wechs
1476 2740 2467 2793 der Weise der Frau hierauf befiehlt, bis Sonnenuntergang
455 2727 1471 2808 das sofortige (auch ohne Vorbereitung) klare Verstehen der
2466 2785 3372 2837 Gruppenbilder thaten ein Uebriges, um den lauten
1472 2786 2470 2848 die Wahrheit zu sagen, erfährt Meister Cyprian nun wohl.
457 2781 1480 2846 gesammten Handlung und dentliche Vernehmen des Textes
2467 2820 3381 2882 zu erklären, der den Verfasser viele Male vor die Ga
1481 2825 2475 2882 daß Justina ihm stets die Treue gehalten, daß aber der
468 2836 1477 2895 gehörten, würde Wagner nicht obenan stehen. Jeder Be¬
2463 2870 3388 2932 brachte. Inscenirt war die „Groteske“ von Emil ##
1473 2866 2470 2943 Ehebruchsgedanke sozusagen latent in ihr schlummerte,
454 2886 1473 2947 sucher muß, wenn er ganz befriedigt sein will, sich vorbe¬
2467 2915 3381 2979 mit großem Stimmung erzeugenden Verständniß. A
1473 2917 2467 2975 einst, als der Hohenheim um sie war, jetzt wo
454 2926 1481 2980 reiten und vorher zu den fünf Stunden der Dauer des
2460 2957 3389 3026 zeichnet war wieder Joseph Kainz als Heuri, da so
1478 2956 2476 3028 Junker Auselm um sie girrt. Etwas überraschend
467 2970 1476 3027 Abends noch weitere fünf Stunden dafür in Anspruch
2461 2998 3379 3074 wo er von Neuem sein Liebesglück träumt, wie dor
1472 3012 2462 3076 werden zum Schluß der Junker und Cyprians
453 3011 1473 3076 nehmen. Will man die schönsten Eindrücke festhalten, so
2462 3047 3372 3109 er, von echter Eifersucht geplagt, so täuschend ihre O
1477 3045 2468 3106 Schwester Cäcilie, die ihn längst im Stillen
453 3062 1473 3132 muß man sich ferner in den nächsten Tagen ebenfalls ein¬
2474 3100 3373 3155 und seine Rache mimt, und wie zum Schluß in der
1467 3100 2465 3154 liebt, zusammengegeben. Kainz war, in jüdischer Maske,
458 3109 1473 3164 gehent damit beschäftigen können. Viel Zeit erfordert
2462 3133 3380 3199 tragischen Lösung. Neben ihm sei gleich Rudolf Rit
1476 3128 2473 3204 von großer Wirkung. Er sprach, wie immer, die Verse
465 3158 1473 3214 daher der reine Genuß der Wagnerschen Muse. Bei aller
2471 3193 3385 3255 in der köstlichen Charge des Grain genannt, ein wirh
1480 3196 2467 3248 wundervoll und er brachte die gewaltige geistige Ueber¬
468 3202 1480 3255 hehren Schönheit ist sie angreifend und ermüdend und
2466 3237 3373 3289 Mörder, den die Zuschauer, als er seine w
1464 3228 2477 3294 legenheit in seinem „Spiel mit Menschenseelen“ über¬
469 3248 1470 3314 nervösen Menschen gegenüber nicht gerade als Heilmittel
2458 3272 3382 3341 Mordthat erzählt, für einen dilettantischen St#
1476 3271 2481 3342 zeugend zum Ausdruck. Nissen (Cyprian), Haus
466 3291 757 3375 zu empfehlen.
1477 3340 3366 3387 Fischer (ein stupider Stadtarzt). Bruno Ziener erklären! Au* Haus Fischer (Wirth) und
543 3311 1483 3390 J. N—n. Im Deutschen Theater, wo Arthur
466 3367 3386 3439 Schnitzler schon so manchen starken Erfolg erlebt hat, (Anselm), Lonise Dumont (Justina) und Else Heims] Reinhardt (Philosoph) wirkten gut, ebenso wi
675 3468 1470 3717 Gle Tubt
