3436 4256
1386 136 1822 234 box 16/2
177 147 1228 263 10. Das Vernaechtnis
934 294 1398 389 #amnenunummnnnmimnsnamum
1445 291 1513 381 che
1556 290 1859 391 Aeheneteatelheihetenheihe enengeg
1946 296 2350 395 Salteheneretetarhulcltuenshhtgsig
1475 401 1826 476 Telefon 12801.
918 405 2113 570 7770 Unternehmen für Zeitungs-Ausschnitte.
2168 490 2401 574 Aussehnitt
2098 567 2390 683 Nr. 20
1322 552 2043 663 „OBSERVER“
912 671 2398 743 I österr. behördl. concess. Bureau für Zeitungsberichte und Personalnachrichten
1222 738 2086 829 Wien. IX/1 Türkenstrasse 17.
1177 819 2133 905 Fillale In Budapest: „Figyelö“, VIII. Josefering 31 a.
920 951 2102 1093 Ausschnitt aus „Wiener Tagblatt“
917 1055 1298 1174 vom 1/25
1258 1265 2061 1370 Theater, Kunst und Viteratur.
1234 1338 2193 1428 (Burgtheater.) Gestern hat die erste Aufführung
1160 1406 2189 1481 von Arthur Schnitzler's dreiaktigem Schauspiel: „Das
1156 1437 2196 1523 Vermächtniß“ stattgefunden. In diesem modernen
1167 1503 2185 1572 bürgerlichen Doma wird die für größere Kreise aller¬
1159 1545 2186 1618 dings ziemlich belanglose Frage auf die Bühne gestellt,
1167 1610 2195 1660 ob eine ehrbare und gesellschaftlich angesebene Familie die
1160 1644 2185 1708 Verpflichtung hat, die Geliebte des Sohnes dauernd in
1153 1685 2187 1762 ihr Haus zu nehmen, wenn der Sohn vor seinem
1152 1728 2186 1805 unerwartei eingetretenen Tod die Verlassene dem Schutze
1152 1784 2187 1848 der Seinen empfabl. Eine Vorfrage, ob der Sohn einer
1154 1832 2184 1897 ehrbaren, gesellschaftlich angesehenen Familie über¬
1160 1879 2189 1945 haupt eine beimliche Geliebte und mit dieser ein Kind!
1160 1924 2181 1990 haben soll, würde die Beantwortung dieser Frage viel¬
1152 1959 2192 2035 leicht beeinflussen, aber Schnitzler, der als Dichter die
1168 2012 2191 2086 „Liebelei“ als etwas Legales und Unvermeidliches anzu¬
1161 2065 2195 2111 sehen pflegt, hat davon bgesehen, sich durch solchen
1150 2107 2186 2190 Zweifel nicht einschüchtern lassen. Er bringt ein kait
1148 2150 2185 2207 accompli. Der junge Herr und Dragoner=Freiwillige hat
1157 2203 2181 2266 sein „süßes Mädel“, das sich aushalten läßt und so hübsch,
1157 2248 2193 2301 so gutmüthig und nett sein soll, wie eben alle derartigen
1158 2280 2190 2370 lieben Wiener Mädels, die in dieser Weise ihr Glück machen.
1160 2345 2180 2411 Sie schenkt ihm sogar einen Knaben, für den er wirklich
1153 2380 2182 2458 väterliche Gefühle empfindet, und die ganz herzhaft hervor¬
1155 2429 2188 2504 treten, da er in Folge eines Sturzes mit dem Pferde ver¬
916 2487 2191 2554 Fer 40 Ze inglückt und sein Ende vor sich sieht. — Er stirbt.
1162 2530 2320 2600 Mutter und Kind werden dazu gerufen und verlassen das holuste
2201 2576 2300 2609 orto.
963 2472 1105 2628 7
1154 2583 2313 2643 Haus nicht mehr, obwohl allerlei Rücksichten, z. B. die szahlber
2174 2633 2351 2699 Voraus
1160 2637 2182 2693 auf eine junge, halb und halb verlobte Tochter und
936 2662 1117 2723 1000
1160 2672 2180 2754 andere Momente den Entschluß nicht leicht machen.
1158 2724 2405 2816 Aber es ist sein Vermächiniß! — Natürlich stt es den
924 2729 1045 2800 Abon
1163 2763 2260 2848 steigen alsbald gewisse Wolken auf. Die „Welt“, sern.
909 2789 1158 2849 Abonnenten
1159 2825 2177 2883 wie man seine paar Bekannten gewöhnlich und
1149 2850 2178 2929 schmeichelhafterweise nennt, findet, daß die Familie diese ver¬
1152 2899 2194 2983 lassene Geliebte nicht aufnehmen durfte. Einige streng Kor¬
1142 2950 2178 3022 rekte ziehen sich zurück, der Verlobte der Tochter des Hauses
1153 3010 2182 3076 verbittet dieser den Umgang mit der verwitwveten Maitresse,
1151 3056 2193 3111 und da diese nicht recht ersichtlich, weeum zärtlichere
1147 3104 2187 3148 Empfindungen für die Freundin ihres verstorbenen Bin#ers
1161 3138 2171 3209 bekundet, als für ihren Verlobten, so spitzen sich die Gegen¬
1149 3185 2191 3252 sätze scharf zu, verwickeln sich die häuslichen Verhält¬
1152 3237 2168 3294 nisse derart, daß dem Autor zum Schlusse nichts
1156 3282 2176 3341 übrig bleibt, als der bekannte rettende Gewaltstreich.
1151 3308 2178 3390 Ei läßt das arme Ding, dem auch das Bübchen gestorben
1149 3371 2173 3439 ist, und das nicht einsehen will, daß sie in dem Elternhaus
1153 3424 2166 3484 ihres verstorbenen Schatzes keine bleibende Heim¬
1150 3468 2181 3542 stätte finden kann, unter der Andeutung eines geplanten
1150 3520 2170 3584 Sprunges in die Donau verschwinden! Die eingangs
1145 3558 2163 3629 ermähnte Frage bleibt ungelöst, da aber der Antor die¬
1149 3602 2176 3657 jenigen Personen, die die gesellschaftliche Ordnung und Sitte
1157 3655 2174 3712 hochhaltend. dage gen stimmen, abstoßend oder fast lächerlich
1144 3690 2174 3770 geschildert hat, so scheint er persönlich auf der Seite Derjenigen
1150 3759 2166 3818 zu stehen, die einer verlassenen oder ihres Schaßes be¬
1145 3793 2178 3868 raubten Geliebten die Ansprüge und Rechte einer legitimen!
1138 3827 2174 3921 Gattin einräumen möchten, mindestens in der Theorie.
1134 3891 2166 3959 Wer die Liebeleien und wer noch dazu etwa auch die!
1141 3921 2174 4001 Ehe aus der Erfahrung kennt, den braucht man nicht zu
1139 3979 2164 4043 versichern, daß sich zum Samtz dieser von den Frauen so
1146 4022 2173 4076 verächtlich angesehenen Mäbchen, die sich „aus Liebe“, ohne
1141 4068 2170 4141 Versorgungsgedanken hingegeben haben, viel Schönes,
