3484 4224
1083 703 1180 778 Für
1115 957 1178 1016 Ab
1183 107 2295 165 des Dichters, den er doch badurch H
1173 151 2339 206 daß er keinen gemeinsamen Titel zur Anwendung brachte,
1170 191 2341 247 auch einigermaßen respectiren. So liegt denn weder ein
1168 213 2343 287 äußerer, noch ein innerer Grund vor, die drei Stücke
1166 278 2339 334 Schnitzler's anders als auf ihren absoluten Werth zu
1177 329 2335 382 prüfen, der allerdings recht ungleichartig ist. Er steigt genau
1163 370 1918 435 nach der Anordnung am Theaterzettel.
1266 417 2344 468 „Paracelsus“ bedeutet nicht mehr als die Dramatisirung
1173 455 2334 519 eines hübschen Anekdoteneinfalles, der stark mit psychologischem
1173 498 2341 565 Einschlage versetzt ist. Die Ausführung ist in die Breite
1168 544 2340 600 gerathen, die Verdoppelung der vorgeführten Hypnose schmälert
1167 590 2345 654 die ohnedies mehr äußerliche Wirkung. Der ganze dumme Be¬
1169 643 2336 682 sitzerstolz des Waffenschmiedes Cyprian scheint uns des com¬
1177 672 2486 729 plicirten Apparates nicht werth zu sein, der aufgeboten wird, gelusive
1178 714 2471 767 um ihn zu brechen. Auch sein Ehegesponsens, das sich durch Porto.
1187 751 2487 813 Jahre hindurch begnügt, rein platonisch zu sündigen und Zahlber
2322 777 2508 841 im Voraus
1181 811 2339 861 deren schließliche Läuterung nicht weiter reicht als bis zu der
1180 844 2551 900 Selbsterkenntniß: „Wenn Du mich hütest, kannst Du mir## ist das
1176 886 2544 932 vertrauen“ vermag uns nicht theaterwarm zu machen. Ueber=seht es den
1185 933 2459 986 dies sind die Verse des Stückes bis auf die wirklich schönenydern.
1189 976 2349 1030 Gedankenreihen des „Paracelsus“ über das Leben als Spiel
1189 1030 2344 1083 in Form und Inhalt etwas stark alltäglich. Sie klingen nicht
1179 1056 2371 1127 nach in uns, sie haben kaum die Musik einer guten Prosa.—
1178 1116 2347 1176 Auch die Darstellung verdarb Vieles. Einzig Frau Schratt
1184 1146 2345 1209 traf den rechten, spießbürgerlich=lieben Ton. Herr Krastel
1181 1198 2337 1251 polterte sich wieder einmal aus. Fräulein Häberle und
1176 1246 2331 1297 Herr Frank erschöpfen ihre ganze Kunst darin — hübsch
1178 1288 2324 1343 auszusehen. Was soll man schließlich zu dem „Paracelsus“
1181 1328 2333 1381 des Herrn Robert sagen, der über eine hohle Mephisto¬
1183 1378 2348 1424 Variante nicht hinauskam und nicht einmal die äußersten
1175 1409 2348 1490 Kontouren des überlegenen Humors, der in diesem Großmeister
1175 1462 1918 1523 der Boheme steckt, festhalten konnte?
1276 1482 2340 1555 „Die Gefährtin“ hinterläßt in uns sehr gemischte Ge¬
1188 1537 2344 1596 fühle. Wir können die Bewunderung über die virtuose
1179 1586 2349 1645 Technik des Stückes nicht los werden, so sehr wir uns auch
1187 1629 2353 1674 von den Vorgängen selbst und den Menschen, die sie erleben,
1175 1672 2347 1736 abgestoßen fühlen. Die Scenenführung aber, die Art, in
1185 1723 2348 1779 welcher aus jedem Effecte zwingend der nächst höhere heraus¬
1186 1774 2348 1820 wächst, wird nicht leicht in einem zweiten Stücke gleich treff¬
1176 1808 2344 1857 lich nachzuweisen sein. Wie die ohnedies stark wurmstichigen
1177 1860 2340 1909 Illusionen dieses unglaublichen Herrn Professors über seine
1176 1884 2351 1949 todte Gattin in wenigen Minuten mit stark pointirten Ab¬
1189 1934 2338 1988 sätzen abwärts führen, das ist meisterhaft gemacht. Frau
1186 1984 2336 2035 Eveline betrügt ihn mit seinem eigenen Assistenten, den sie
1181 2023 2352 2069 liebt in ihrer Art. Frau Eveline weiß, daß ihr Geliebter
1179 2065 2345 2121 sich mit einer anderen verlobt hat, ohne daran weiter Anstoß
1185 2119 2343 2174 zu nehmen. Frau Eveline wird nur durch einen vorzeitigen
1189 2157 2345 2204 Tod daran gehindert, doppelten Ehebruch zu begehen. Frei¬
1178 2196 2337 2244 lich kann nur ein so erschrecklich bornirter Edelmüthiger,
1186 2244 2334 2306 wie dieser Professor erst auf dem Umwege über die Schnitzler¬
1178 2276 2341 2342 sche Virtuosität der Beweisführung zur Erkenntniß des
1188 2329 2347 2386 Dirnenthum seiner Frau kommen. Das Stück wurde vortreff¬
1176 2378 2353 2430 lich gespielt. Sonnenthal war so herrlich einfach, daß
1180 2411 2351 2472 Niemand den Muth fand über seine traurige Rolle zu lachen,
1194 2469 2355 2519 er spielte den Professor fast in einen Menschen um. Die Bleibtren
1192 2507 2350 2565 und Herr Zeska kamen seiner Kunst glücklich nahe. Von
1192 2547 2353 2600 allen wurde die penetrante Stimmung des ganzen Stückes
1195 2584 2358 2659 wohlthätig gedämpft. So fand das Publicum starken Gefallen
1189 2634 1655 2692 an diesem starken Fall.
1289 2678 2345 2736 Dasselbe Publicum hat sich beim „grünen Kakadu“
1186 2714 2339 2770 wieder einmal gründlich blamirt. Ein paar besonders Eifrige
1200 2770 2350 2817 haben sich ihren Unmuth vom Herzen gezischt. Die Wenigsten
1198 2813 2358 2869 jedenfalls scheinen ein Gefühl dafür gehabt zu haben, daß sie
1199 2858 2359 2919 einer Arbeit von außergewöhnlicher Bedeutung gegenüber¬
1196 2897 2354 2960 stehen. Mit einem verwegenen Humor, der wirklich etwas von
1202 2941 2361 3008 dem großen Zuge der Revolution an sich hat, führt uns
1199 2986 2357 3030 Schnitzler einen grotesken Ausschnitt des Tages, an welchem
1203 3033 2347 3081 die Bastille gestürmt wurde, vor. Stets auf der Schneide
1207 3086 2355 3130 zwischen blutigem Spaß und blutigem Ernst spielen sicht in
1206 3120 2355 3165 der Kellerwirthschaft eines gewesenen Schmierendirectors
1208 3164 2347 3206 Scenen von einer Lebendigkeit und Drastik ab, die
1205 3205 2344 3257 sowohl einzeln genommen, als in ihrer trefflich zusammen¬
1204 3260 2352 3312 gestimmten Gesammtheit uns nicht einen Augenblick
1352 3293 1446 3343 der
1213 3299 1310 3350 aus
1441 3288 2145 3359 höchsten Spannung kommen
2189 3295 2359 3349 lassen.
1354 3342 2141 3399 die Regie des fast unbändigen
1199 3334 1324 3390 Daß
2140 3335 2348 3394 Lebens,
1209 3374 2355 3435 welches in diesem Stücke an uns vorüberzieht, nicht Herr
1203 3429 2356 3471 werden konnte, darf der Autor nicht entgelten. Gelingt es,
1205 3467 2349 3520 bei den kommenden Vorstellungen die vorhandenen, fast
1210 3518 2356 3570 durchwegs zu lobenden schauspielerischen Leistungen zu einem
1212 3558 2343 3602 Ensemble zu verschmelzen, das nur einigermaßen den Reich¬
1201 3598 2347 3654 thum der Schnitzler'schen Phantasie bloßlegt, dann wird der
1208 3640 2360 3699 verdiente große Erfolg auch nicht ansbleiben. Freilich müßte,
1201 3692 2351 3742 was bestimmt nicht geschehen wird, Herr Sonnenthal
1209 3731 2353 3790 seine ausschlaggebende Rolle sofort einem jüngeren Collegen
1205 3773 2351 3825 abtreten. Denn er besitzt nicht mehr Spannkraft genug, um
1199 3819 2356 3868 das unbedingte Gefühl für den hinreißenden Schwung in uns
1199 3861 2345 3920 wach zu rufen, mit welchem uns der starke Schluß des
1206 3900 2359 3955 Stückes hinausführt auf die Gassen von Paris, in denen
1206 3940 2349 4006 dieselben perversen Aristokraten, deren verkommene Geilheit
1203 3989 2344 4038 wir soeben noch durch Blut aufgerüttelt sahen, einem frei¬
2179 4034 2309 4095 Bld.
1191 4030 1967 4099 heitstrunkenen Pöbel zum Opser fallen.
2177 4068 2350 4163 mreenen
