3484 4480
442 95 915 173 T Pn
325 183 1581 299 Ausschnitt aus: 7ezierd zecder“
826 298 1511 407 1u Sse d
328 363 723 480 vor 3/)
1252 382 1700 478 unsdens
1772 635 3035 689 Den interessantesten Theil der Vorstellung bildete der „grüne Kakadu“,
1731 680 3028 731 der schon an zahlreichen Bühnen großen Erfolg erzielte. Der Titel des
640 581 1545 744 Knnst und Wicenschaft.
1734 710 3025 775 Stückes ist etwas kühn, er könnte mit demselben Rechte, „Der goldene
880 725 1294 798 Neues Theiter.
1738 755 3023 806 Löwe", „Das weiße Roß“ oder „Der schwarze Bär“ lauten.
495 766 1738 840 Die Zusammenstellung der Schnitzlei''schen Einacter, welche gestern
1730 786 3028 850 Der „grüne Kakadu“ ist eine verrufene Spelunke in Paris, die der
447 824 1738 875 ihre Erstaufführung an unserer Bühne erlebten, hatte etwas von der
1739 829 3015 882 Dichter mit charakteristischen Gestalten aus der Zeit des Ausbruchs der
442 855 1737 935 Art jener merkwürdigen Menus an sich, die Napoleon I. für seine private.
1732 872 3000 920 großen französischen Revolution bevölkert. Prospére, ein ehemaliger
450 897 1726 950 Tafel bevorzugte; Suppe, Kraut und Caviar. Der Charakter der
1730 913 3005 965 Theaterdirector, figurirt als Wirth. Er versteht sein Geschäft aus¬
445 933 1727 989 drei dramatischen Schöpfungen Arthur Schnitzler's ist ebenso verschieden
1731 954 3013 999 gezeichnet. Mittels Vorstellungen origineller Art durch engagirte Schau¬
447 976 1726 1025 als die Aufnahme, welche sie bisher gefunden haben. Auch gestern war
1735 983 3013 1043 spieler, welche von fingirten Morden und Abenteuern berichten und sich
452 1015 1731 1066 hier die Wirkung des „Paracelsus“ eine tiefere, als die der „Gefährtin“,
1732 1027 3020 1076 als famose Verbrecher aufspielen, wird die Kneipe der Prospére berühmt.
446 1048 1731 1114 während der „Grüne Kakadu“ ein heftiges Für und Wider erweckte, das
1735 1060 3014 1111 Sie gilt als Anziehungspunkt für leichtlebige Cavaliere, denen die angeb¬
442 1080 1602 1146 in lebhaftem Bravo und andererseits in Zischen Ausdruck fand.
1731 1090 3020 1156 lichen kühnen Erlebnisse der Briganten ein angenehmes Nervenprickeln
496 1128 1737 1196 „Die drei Stücke haben eines gemeinsam und das ist der Zug nach
1741 1128 3023 1190 verursachen. Auch das Ewig=Weibliche ist immer durch einige kleine
444 1163 1741 1227 dem Eigebartigen und Seltsamen. Besönders in „Paracelfus“ tritt
1740 1178 3018 1229 Farvoritinnen vertreten. Genug, man findet hier in dieser Laster¬
442 1207 1740 1266 dieser markant hervor. Als Hintergrund zu dem ebengenannten Versspiel
1738 1216 3016 1274 höhle die beste Zerstreuung und Aufregung man kann sich
443 1244 1731 1306 ist das alterthümliche Basel des 16. Jahrhunderts gewählt, jene Stadt,
1728 1248 3020 1309 an der Phantastik der Verbrecher und der Grazie pikanter Damen
442 1284 1737 1338 in welcher der Titelbeld durch Wunderkuren gewaltiges Aufsehen erregte,
2260 1282 3019 1348 Schnitzler schildert in dem genial
1735 1298 2265 1352 nach Belieben ergötzen.
448 1330 1733 1392 aber zugleich außerordentliche Anfeindung fand. In der That, Theo¬
1745 1334 3007 1385 erdachten Bilde die hervorbrechende Gluth revolutionärer Gesinnung und
445 1362 1742 1420 phrastus Bombastus von Hohenheim genannt Paracelsus, der berühmte
1742 1371 3005 1422 die Versumpfung der vornehmen Welt. Die Versammlung in der
445 1400 1740 1449 Arzt und Chemiker, verstand es meisterlich, sich mit dem Nimbus des
1746 1396 3003 1460 Spelunke Prospére ist im Kleinen ein vortreffliches Spiegelbild der
452 1432 1734 1500 Gedeimnißvollen zu umkleiden. Der mystische Zauber, welchen der einer¬
1736 1432 3025 1496 Vorgänge im Großen. Die Schaar der Höflinge tanzt, ohne es zu
444 1476 1736 1535 seits als Wundermann gefeierte, anderetseits als Charlatan verfolgte
1731 1479 3026 1533 ahnen, leichtsinnig auf einem Vulkan. Noch glaubt sie in den auf¬
450 1525 3007 1572 Gelehrte ausübte, bildet für den Dramatiker so recht einen Anlaß, den sgeregten Scenen nur eine gutgespielte Comödie zu sehen, wie sie solche
442 1558 1746 1615 merkwürdigen Mann in den Kreis seiner dichterischen Phantasie zu ziehen.
2684 1563 3032 1608 da plötzlich zeigt
1734 1568 2623 1622 schon oft an dieser Stelle mit Beifall aufnahm,
2604 1558 2668 1630 *
446 1585 1744 1655 Wir'begegnen dem Weisen im Hause des Cyprian, eines Waffenschmieds.
1740 1603 3028 1663 sich die erschütternde Furchtbarkeit, der gräßliche Ernst der Lage. Der
449 1616 1743 1696 Die Liebeswürdigkeit, mit welcher dieser den Paracelsus in sein Haus
1739 1638 3027 1700 eifersüchtige Schauspieler Henri ersticht den Galan seiner Frau Léocadie
392 1651 1757 1747 P#lud, ist, nur Maske für das Bestreben, die Wissenschaft des Meisters
1732 1677 3036 1729 und diese Blutthat bildet das Signal zu einem wüsten Aufstand. Die
460 1707 1749 1766 Tlächerlich zu machen. Er stellt den Gelehrten dem fahrenden Gesindel
1729 1716 3027 1782 unterdrückte Leidenschaft, die nur verstohlen züngelte, flammt mit
445 1743 1746 1797 #gleich und fördert zum Schluß als Anerkennung für gewährte Gast¬
1737 1746 2218 1821 elementarer Kraft empor.
449 1771 1744 1830 freundschaft seine Probe von dessen Kunst. Cyprian gehört zu den ent¬
1788 1778 3032 1842 Die eindringenden Bastillestürmer füllen den Raum und eine Scene von
437 1824 1738 1898 Tichiedensten. Optimisten mit stärk entwickeltem Selbstgefühl. Er schätzt sich
1737 1828 3048 1898 unbeschreiblicher Wucht illustrirt die Proclamirung der ungebundesten
463 1850 1744 1927 glütlich und mächtig in seinem Besitze und hegt ausgeprägtes Vertrauen
1752 1872 3024 1926 Freiheit. Das Stück, sunkelnd an geistreichen Einfällen, hat an dieser
470 1900 1748 1959 zunseiner Gattin Justina. Selbst als er die letztere in einer etwas ver¬
1739 1910 3024 1963 Stelle fortreißenden Schwung. Der Drang zu feurigen Freiheitsreden
463 1930 1751 1991 fänglieben Situation mit dem verliebten Junker Anselm erblickt, wird
1750 1946 3019 2001 das Auflodern der Empörung, das Fessel= und Zügellose der breiten
460 1982 1741 2032 seine Ueberzeugung von der Treue und Tugend seiner Frau nicht er¬
1747 1986 3026 2049 Masse., ist mit Meisterschaft als Abschluß in den Rahmen des Stückes
449 2009 1747 2070 schüttert. Junker Anselm machte gerade eine amoureuse Erklärung, doch
1739 2024 3024 2093 gezogen. Gewißlich finden die historische Treue, die geschickte Verwerthung
452 2056 1740 2110 der Waffenschmied vermochte der Sache nur die haterste Seite ab¬
1734 2052 3022 2114 kculturgeschichtlicher Details, die Kraft der Sprache, die Kühnheit der
1728 2092 3041 2171 Erfindung ebensoviel Bewunderer, als im Besonderen die picanten Scenen
448 2103 726 2176 zugewinnen.
522 2121 1750 2189 Durch ein hypnotisches Experiment, — welches Paracelsus mit Frau
1751 2130 3033 2193 mit ihren reizenden Frivolitäten auf Gegnerschaft stoßen. Gerade 5#a
451 2172 1746 2220 Justina vornimmt, um die verlangte. Probe zu geben, — beweist er, daß
1742 2172 3031 2243 Demonstrationen einer solchen Gegnerschaft haben sich bisher erfahrungs¬
450 2206 1751 2273 die Anschauungen Cyprian's mit ihrem Stolz und ihrer zur Ueberhebung
1751 2229 3029 2280 gemäß stets als beste Reclame für eine Dichtung erwiesen. Die fas¬
456 2243 1744 2304 gesteigerten Sicherheit als Unklugheit sich darstellen. Der geheimnißvolle
1753 2261 2980 2319 cinirende Wirkung des „Grünen Kakadu“ steht außer allem Zweifel.
453 2297 1741 2348 Meistsr insiquirt der Hypnotisirten das scheinbare Gedächtniß an eine
1781 2292 3034 2352 In der Darstellung machten sich verdient: im ersten Stücke der finstere,
454 2333 1745 2392 angebliche Liebesaffäre mit Anselm. Er weckt tiefgeheime Regungen
1750 2353 3032 2408 bleiche Paracelsus des Herrn Körner, der, allerdings etwas zu sehr
461 2372 1746 2418 ihres Seelenlebens. Cyprian, außer sich vor Verzweiflung, wähnt die
1750 2379 3038 2438 polternde Waffenschmied des Herrn Borcherdt, der kecke Anselm des Herrn
457 2403 1752 2463 Gattin thatsächlich schuldig und geräth mit dem unversehends eintretenden
1751 2417 3036 2481 Otto, der dünkelhafte Stadtarzt Dr. Copus des Herrn Krause, ferner
467 2447 1739 2499 Anselin in ein hitziges Geptänkel. Nach dem Wiedererwachen Justina's
1744 2472 3025 2517 Fräulein Rocco als Justina mit den gut ausgedrückten visionairen Mo¬
465 2485 1750 2547 stellt sich natürlich die ganze Sache als ein Spiel des Parcelsus heraus,
1753 2509 3044 2566 menten, sowie Frl. Ebba Laue als anmuthige Cäcilie, Schwester des
454 2521 1745 2579 welches vornehmlich dir stolzen, sicheren Anschauungen Cyprian's corrigiren
1750 2547 2060 2617 Waffenschmieds.
459 2567 1740 2618 und dessen Skepsis brechen sollte. Als treues Weib schließt sich Justina
1796 2562 3029 2637 In dem Schausviel „Die Gefährtin“, welche eine dankbare Rolle
465 2601 1747 2653 auf's Neue dem Gatten an. Die Liebe, die sie einst vor langen Jahren
1754 2611 3042 2672 überhaupt nicht bietet, wirkten Herr Taeger als Professor Pilgram, Herr
470 2625 1746 2697 für Hohetzheim' empfand, ist erloschen, und sie empfindet für den¬
1754 2649 3058 2710 Grelle als Dr. Hausmann und Frl. Marie Laue als Olga Merholm:
455 2675 1750 2729 selben), der nun als Paracelsus vor ihr steht, nichts mehr. Ein
1752 2687 3053 2750 ihrer Aufgabe ansprechend. Herr Grelle hätte allerdings etwas fester
466 2715 1754 2767 beendeter  Traum! Die Aufmerksamkeit Anselm's, des kecken
1748 2742 3046 2796 und weniger haltlos, auch in der Maske interessanter sein können. Die
462 2755 1750 2809 Schwerenöthers werden auf des Wäffenschmieds Schwester, die liebliche
1755 2780 3049 2825 episodischen Figuren der Professoren Werkmann und Brand waren durch
461 2788 1759 2857 Cärtlie gelenkt, die schon längst den schmucken Gesellen liebte. Auch
1740 2815 3043 2878 die Herren Jacobs und Huth — die erste ein bischen weinerlich — ver¬
463 2819 1758 2885 bezüglich dieses zarten Verhältnisses erscheint Paracelsus als geheimniß¬
1745 2857 2468 2918 treten. Den Diener spielte Herr Wack.
460 2870 1752 2926 voller Knüpfer und Befestiger. In der Figur des eingebildeten Stadt¬
1802 2884 3055 2966 Im „Grünen Kakadu“ spielte Herr Müller den echten Strolch Grain mit
467 2906 1765 2971 arztes Dr. Copul stellt der Dichter einen Vertreter der beschränktesten
1753 2942 3040 2987 Bravour. Schon in seinem Aeußern war er unwiderstehlich. Herr
472 2944 1760 3005 Schulgelehrsamkeit als Gegensatz zu der Freien Wissenschaft des Paracelsus
470 2989 3039 3054 auf die Bühne. Nach Beendigung des mysteriösen Spiels erkennen die Grelle agirte vorzüglich und zeigte ein feuriges Temperament. Ganz
462 3022 3044 3082 Betheiligten die seltsame, unnahbare Größe des bleichen Meisters, der besonders glänzte er in der großen Scene, in welcher er tigerartig auf
1743 3058 3044 3115 den Geliebten seiner Frau, den Herzog von Cadignan sich stürzte, um den
453 3063 1686 3123 mit Zauberkräften ihnen einen Blick in das eigene Innere eröffnete.
538 3123 3041 3147 In einer ganz anderen Späre spielt die „Gefährtin“, Hier handelt Wüstling zu erstechen. Dieser eifersüchtige Schauspieler Heuri erschien hier
1747 3137 3035 3192 wirklich grauenhaft. Den Wirth Prospére, einen schlauen Fuchs, stellte Herr
465 3144 1759 3207 es sich um den mit psycholögischen Feinheiten definirten Unterschied
1746 3170 3043 3227 Hänseler trefflich dar. Die Schauspielerin Léocardie der Frau Huth
464 3179 1762 3239 zwischen einer „Geliebten“ und einer „Gefährtin“. Ueber dem Stücke
1760 3214 3035 3260 reussirte mit verführerischer Pikanterie. Auch ihre beiden Colleginnen
464 3211 1753 3278 schwebt, eine trübe, unerquickliche Stimmung. Wir werden in ein Trauer¬
1750 3249 3042 3297 Michette und Flipotte (Frl. Parnos und Frl. Rocco) zeigten allerliebst
460 3268 1758 3330 haus geführt. Die Gattin des Professors Pilgram ist vor wenig Stunden
1755 3290 3043 3338 freie Manieren. Die schauspielerischen Kräfte Prospére's, phantasievolle
463 3298 1757 3366 bestattel worden. Der Professor ergeht sich in allerhand Reflexionen über
1752 3329 3040 3376 Improvisatoren, wurden durch die Herren Proft, Huth und Wack mit
466 3327 1751 3385 seine nun durch den Tod gelöste Ehe mit einem Weib, das nicht verstand,
1755 3360 3046 3420 der vollen entsprechenden Energie verkörpert. Der Philosoph Grasset
465 3372 1763 3419 ihm eine Gefährtin zu sein. Eine vertraute Freundin der Verschiedenen,
1756 3395 3044 3458 (Herr Borchert) und Schneider Lebrét (Herr Bärwinkel) traten mit der
465 3408 1759 3480 Frau Olga Merholm, stattet dem Professor einen Besuch ab, um gewisse
1752 3443 3028 3497 entsprechenden Betonung ihrer Persönlichkeit in den beweaten Cirkel ein.
464 3445 1762 3521 geheimnißvolle Briefe sich auszubitten. Die Letzteren sind geeignet, die
1754 3491 3026 3536 In der Gruppe der Edelleute präsentirten sich Herr Otto mit vor¬
465 3491 1750 3562 Todté zu compromittiren. Der Professor ist aber über die betreffenden
1763 3516 3035 3571 nebmer Eleganz als Herzog von Cadignan und Herr Körner als Vicomte
466 3525 1761 3600 interessanten Beziehungen seiner verstorbenen Gattin zu dem
1760 3557 3028 3610 de Nogeant. Frl. Laue stellte den jungen unerfahrenen Chevalier
474 3567 1750 3623 jungen Dr. Hausmann seit Langem völlig informirt. Beide Gatten
1762 3597 3047 3655 de la Tremouille dar, den Einzigen, der mit seinem ungetrübten
467 3598 1762 3666 konnten vie den Muth finden, die unglückliche Ehe zu lösen.
1748 3634 3036 3690 Blick die drohende Gefahr und den fürchterlichen Ernst der ver¬
462 3645 1763 3720 Dr. Hausmann entpuppt sich schließlich als ein total Unwürdiger. In
1754 3667 3030 3727 meintlichen Komödie erkennt. Herr Jacobs gab dem Marquis die
472 3681 1757 3730 Sheveningen ist er ein Verlöbniß eingegangen. Die Perfection desselben
1760 3705 3023 3760 die Allüren des schwächlichen Pantoffelhelden. Seine extravagante Gattin —
464 3720 1756 3787 führte offenbar den raschen Tod der Professorin herbei. Pilgram ist
1757 3743 3029 3807 trefflich durch Frau Frank vertreten — illustrirte den frivolen Leichtsinn
475 3757 1763 3835 empökt über die traurigen Gesinnungen des Dr. Hausmann, welcher ihn
2588 3780 3031 3837 obgleich vor dem Ver¬
1754 3791 2595 3843 und die Verblendung ihrer Zeit, indem sie —
476 3802 1751 3853 mit kecker Stirn zur Feier des Verlöbnisses direct einladet, und weist ihn
1765 3819 3028 3881 hängniß stehend, ihren Geliebten für die Nacht einlud. Endlich bieior
475 3834 1763 3904 nach einer stürmischen Scene aus dem Hause. — Ein Schattenbild mit
1761 3852 3036 3925 noch die Rolle des Dichters Rollin zu erwähnen, die mit Herrn Greiner.
474 3881 1756 3933 unsympäthischen Figuren! Alles grau in grau! Geschickte Seelenmalerei,
1759 3904 2066 3978 gut besetzt war.
475 3904 1763 3971 doch ein undankbares Thema. Der Anfang des Stückes, welcher in die
1796 3928 3043 3984 Die Leistungen der Regie verdient alles Lob. Das einstürmende
467 3947 1768 4023 Situation einführt, ist von ermüdender Breite und erst mit dem Auf¬
1759 3972 3034 4025 Volk, die schreiende Masse, die wie Meeresbrandung in wildester Be¬
466 3986 1666 4057 treten des Dr. Hausmann gewinnt die Handlung etwas an Leben.
2969 4012 3046 4064 —
1757 4025 3064 4112 wegung sich herabwälzte, wurden effectvoll geleitet. Das Arrangement
1754 4070 2605 4131 dieser Scene erzielte wahrhaft große Wirkung.
2714 4090 3026 4164 P. Daehne.
