3484 4352
684 158 1285 230 ruene Kakadu
437 158 610 231 Der
203 186 1279 260 9.4eeesesereenee eeee ee
2552 78 2901 146 A
2061 94 2217 151 L3 E
2500 114 2607 158 2.2.—
2033 137 2442 195 TSPENDEMRTTP
2505 145 2845 214 IEANNELE
3018 166 3320 225 GzERAET
1418 138 1848 232 box 15/3
2069 186 2159 233 *
2964 201 3325 269 MUTNN M
2023 208 2326 266 TNAATEE
2511 198 3252 288 Dazust- rer 57
3017 270 3316 329 CNNEZ
1368 369 2738 510 Hannele Forbidden in Citu
1415 474 2800 603 16 Vcars Ago. Reproduced
1335 626 2785 679 By CHARLES HENRV MELTZER.presented on the boards, Amazement
2046 658 2779 702 for some minutes was the chief emotion
1337 662 2044 719 Some of the newspapers had de¬
2046 687 2782 734 noticeable. But ere long. as Hauptmann
1321 702 2037 762 nounced“ Hannele.“ It was sald to be
2046 713 2776 764 whispered to me. it gave way to interest—
2038 732 2782 794 an intérest so real that in some quarters
1309 743 1601 792 blasphemous.
2042 769 2439 811 it became hysterical.
1352 764 2052 827 Reports from Eurone, following on
2064 784 2784 833 The house, I may remark, was almost
1315 825 2769 867 the heeis of its production in Berlin, dark. Every light in front had becn ex¬
2046 857 2776 912 tingulshed. And, to emphasize the sig¬
1308 855 2036 898 had hinfed at what the Germans, in
2043 882 2780 929 nificance of the play (which deals, as you
1312 885 2039 945 their mellifluous way, call" Gottésbe¬
2042 909 2771 952 may know. with death—the death of à
1302 918 1556 972 leidigung.“
2035 940 2775 983 poor, suffering little child, who has lovely.
1348 967 2782 1004 On April, 1894, after the indignationf dreams and harrowing visions as she
1321 986 2784 1045 of New York had been stirred up byl passes from this earth to the Beyond),
2038 1018 2767 1065 between the first and second acts the cur¬
1304 1024 2037 1075 misleading editorials and inaceurate
2049 1053 2778 1104 tain was replaced by a thick, black crape
1298 1073 2043 1125 rumors, two German managers began
2041 1080 2723 1126 vell. drawn solemnly across the stage.
2058 1101 2781 1153 Never in the history of this citv had
1304 1098 2037 1162 rehearsing ihe play at the Fifth Ave¬
2047 1125 2778 1184 angthing like.“ Hannele“ been seen. Never
1301 1142 2040 1184 nue Theatre. The author, a young
2043 1167 2766 1204 had so still and awed an audience been
1304 1184 2764 1240 genius, Just becöming famous abroad, lassembled in a theatré here. Rarely, let
1296 1216 2027 1251 had come to America. Not, however,
2045 1223 2766 1267 it be added, had actors seemed more
1310 1229 2036 1284 in search of more fame or of notoriety
2044 1256 2766 1303 strangely or sincerely moved by the words
1325 1274 2766 1341 (which he despised); but to Jein his put into their mouths and by the situa¬
1287 1282 2036 1328 wife, who, for reasons of her own, had
2041 1313 2549 1367 tions in which they flgured.
1294 1326 2034 1365 left her native land and was visiting
1307 1347 1906 1394 friends of hers in Connectient.
2040 1346 2590 1419 There Was No Blasphemy.
1341 1364 2045 1427 Oue day Commodore Elbridge T.
1299 1402 2031 1459 Gerry, president of the. S. P. C. C. and
2052 1403 2774 1466 But—wien the lights went up again,
1308 1438 2027 1474 prominent in 'society,“ called at the
1297 1448 2770 1504 theatre. He was welcomed with thejätter a tense hour and twenty minutes,
1304 1488 2769 1537 Honor due to his exalted rank and hisethe pretended blasphemy had not reveaied
1303 1520 2024 1563 admitted piety. Without responding 10
2040 1521 2696 1560 itseif. For there was no blasphemy.
1305 1550 2025 1586 the civilities heaped on him, he de¬
2063 1547 2759 1590 The pietists who had protested so ig¬
1306 1572 2028 1606 mändedof the management a copy of
2043 1563 2758 1626 norantly against “ Hannele“' had assured
1305 1602 2018 1637 the “prompt'’ book of the play, glanced
2033 1612 2765 1652 their friends that thlSaviour was one öf
1296 1629 2027 1665 at it, handed it back with a shocked
2043 1640 2745 1676 the characters in the play. And there
1290 1662 2023 1707 groan and a few. comments, and pro¬
2035 1666 2760 1708 was no Savlour—only a dream vision of
1293 1693 1907 1736 tested against the production.
2026 1690 2760 1734 à good sschoolmaster, who had been kind
1336 1706 2027 1765 The play was Hannele.“ and I had
2037 1726 2757 1772 to Hanhele, and to whom, in her child's
1303 1733 1804 1791 made the English version.
2021 1761 2759 1809 mind, she had attributed some of tie
2005 1788 2409 1831 Christ-like qualities.
1283 1783 1800 1851 Bitter Fight Was Begun.
2052 1802 2768 1853 Next morning a. majority of the critics
1326 1841 2754 1889 The author of the original Germanjacquitted Hannele.“ Some declgred that,
2035 1872 2751 1907 far from being irreveren:, it made ons
1303 1875 2027 1917 work, which had created a sensation
2018 1907 2751 1942 feel as if one was in church. The Dis¬
1285 1916 1987 1960 abroad, was Gerhart Hauptmann.
2025 1936 2641 1969 trict Attorney found it advisable to
1317 1960 2629 1996 Constituting himself a public censorlthe# lese majeste implied in in
2031 1983 2622 2028 genius. For, as I have sald, Hau
1281 1988 2030 2028 of morals, Commodore Gerry proceeded
2035 2015 2617 2056 is à genlus—and some thought t
1281 2026 2019 2061 to move heaven and hell, the churches
2031 2045 2621 2080 in him a possible Schiller or Maet
1597 2059 2016 2107 Hall, to „prevent the
2032 2071 2629 2116 Inspector Byrnes was instructed
1296 2061 2025 2124 and Tammany Hannele. The few
1290 2087 1559 2128 production o
2026 2102 2638 2144 make arrests. And, on the opening
1291 2113 2022 2156 Inewspapers already opposed to the play
2027 2127 2690 2169 the crowds which stood öutsidesthe Fr
1298 2136 2031 2176 Trenewed their onslaughts—before theu
2023 2157 2717 2197 Avenue Theatre, waiting for“sensations
1286 2166 2016 2212 had learned, some of. them, even ho#
2037 2180 2764 2229 went home unsatisfied. Alllthe Lsensa¬
1303 2208 2764 2261 to spell the names ofthe work and oritions“ were inside the house, In the minds
1298 2229 1563 2279 its author.
1322 2256 2767 2303 The Mayor, a Tammany magnate, wasjand in the hearts of those who watched
1282 2274 2344 2312 appealed to by Commodore Gerry. Asitthe performance.
1298 2282 2767 2355 an easy wav to prevent the sacrilegell That was the beginning of thereputa¬
1290 2327 2735 2373 complafhed of, the young actress engagedltion which Hauptmann ha“ won here
2047 2359 2772 2397 Soon after, the production of his “Sunken
1283 2362 2030 2401 for the part of Hannele was forbidden
2037 2385 2498 2427 Bell,“ which I had also hä
2627 2393 2764 2433 ivilege
1293 2393 2027 2435 to appear on the stäge. She was not six¬
2022 2415 2482 2463 bf putting into English, P
2644 2423 2766 2466 poetic
1290 2415 2014 2473 teen. The heroine of the play was sup¬
2037 2444 2420 2487 and dramatie claims.
1287 2452 1822 2491 posed to be about fourteen.
2047 2472 2471 2515 Last night, after sixte
1294 2461 2028 2513 Her mother her mahagers, the author,
2024 2507 2489 2544 inele'' was revived—in à n
1286 2512 2013 2545 the translator, in valn protested against
2030 2528 2500 2575 the Lyceum. No Gerry
1277 2535 2031 2566 the bigotry of the respected Gerry and
2031 2557 2547 2602 the production. No newspape
1301 2554 2026 2598 the perhaps less respected Mayor. Uhen
2034 2589 2537 2627 unced the play blasphemon
1312 2592 2028 2623 they engaged an elder lady, of diminutive
2037 2619 2546 2659 To be sure, between the M
1323 2622 2037 2655 tature, to interpret Hannele, She had
2029 2628 2523 2685 tion and the last Cardinaf6
1318 2645 2016 2698 een twice divorced and was uncommonly
2014 2659 2519 2718 sis at least as good a pietis
1313 2673 1516 2711 ntelligent:
1300 2684 2526 2729 Meanwhlle the adversarles of Gerhartlidore Gerry—had indireetle
1273 2714 2535 2770 Hauptmann's"dream play“ had not beeniinele“ under his protection bi
1275 2744 2699 2801 idle. They compelled Hauptmann, theilit to be read for the benefit'of à Catho
1282 2783 2749 2832 German managers and some of theilorganlzation in Baltimore. And, possibig,
1284 2816 2761 2869 actors who were to appear in“Hannele''/sthé public had grown broader thanIt
1283 2834 2022 2881 to go down to City Hall and defend
2024 2847 2754 2886 used to be in the bad days when öne öf
1289 2864 2034 2909 themselves against the charge öf irrev¬
2030 2874 2799 2936 the most famous of living dramatists was !
1287 2901 2020 2944 erence, Now, they went further. The
2018 2897 2473 2960 persecuted in New York.
1293 2926 2026 2966 District Attörnéy of that day, Colonel
1287 2960 2009 2997 Fellowes, was requested to take action,
1267 2982 2021 3032 He gave orders t0 Inspector-Byrnes, then
1278 3008 1433 3040 a man
1459 3014 2016 3054 might, to arrest all concèrned
1283 3033 2016 3077 including Hauptmann, his translator and
1305 3063 2021 3111 he managers, if they persisted in their
1303 3091 2016 3142 ntention of producing““ Hannele“ for
1282 3115 1562 3169 money pühliely.
1305 3134 2020 3176 But they persisted. Thev scoffed at
1286 3168 2018 3220 the iden that the play was blasphemous.
1268 3207 2019 3252 They objectédto one narrow-minded gen¬
1270 3222 1422 3270 tleman,
1440 3231 2026 3277 howüver plous he might be
1279 3258 2013 3308 arrogating to himself the nower to pre¬
1277 3288 2013 3325 vent American theafregoers from exer¬
1270 3303 2017 3357 eising their own Judgment in regard to
1263 3338 2012 3387 drama. They anounced that they would
1275 3373 2022 3430 produce Hännele,“ even though they
1279 3388 1526 3447 went to Jall.
1295 3419 2018 3470 To test their case in the great publie
1276 3444 2014 3511 court, on the Sunday evening prior tothe
1283 3492 2017 3527 first regular performance they gavé a
1281 3516 2014 3561 edress rehearsal,“ to which hundreds of
1273 3540 2015 3591 leading cittzens, among them the oppo¬
1277 3573 2017 3623 nents of the play, were invited.“ The
1277 3605 2010 3648 Catholie Archbishop of New Fork, the
1273 3624 2008 3680 Tammany powers that were, the dry-as¬
1272 3664 2007 3704 dust magazine editors, the popular min¬
1264 3685 2008 3729 listers ofethe hour and the dramatie
1270 3709 2010 3773 crities were all present when the curtain
1264 3734 1378 3776 rose.
1283 3767 2002 3824 Fromüthe sest in the balcony which I
1272 3794 2015 3846 occupied, next to Hauptmann, I couid
1260 3822 2005 3869 dimig sec thepolice deputed by In¬
1265 3846 2002 3907 spector Byrnes to watch the proceedings.
1288 3877 1998 3924 Great was the hush that soon feil on
1239 3900 1995 3956 ithe audience and deep was its amaze¬
1242 3934 2004 3998 ment at the unusual nature of the scches
