3392 4256
2114 173 2568 274 box 15/6
329 152 1963 259 9. 4. Der pruehe Kakadn zuklus
2285 1101 2715 1185 Telefon 12801
379 1096 833 1298 A
2003 1221 3006 1313 Unternehmen für Zeitungs-Ausschnitte.
2870 1252 3094 1335 Ausschnllt
1555 1308 1768 1384 X Sto
2157 1319 2810 1432 „ObSERVER“
731 1324 1104 1424 Theater.
2909 1325 3122 1431 Nr. 4
1508 1360 1774 1432 heute in ge
400 1378 1493 1461 H. Sp. Deutsches Theater. Zum ersten Male: Die
1509 1413 1753 1475 außerordent
1782 1408 3227 1496 L österr. behördl. conc. Bureau für Zeitungsberichte u. Personalnacbrichten
351 1423 1498 1511 Gefährtin, Schauspiel in einem Akt. Der grüne
1515 1466 1753 1531 neubaut
345 1494 1504 1547 Kakadu, Groteske in einem Akt. Paracelsus, Versspiel
1520 1492 1766 1581 Kronen ben#
1950 1487 3049 1582 Wien, IX/1, Türkenstrasse 17.
350 1541 1496 1593 in einem Akt. Von Arthur Schnitzler. Die drei Neu¬
1582 1562 1748 1635 31 M
353 1580 1506 1646 heiten, die vor einiger Zeit in Wien herausgebracht worden sind,
2182 1571 2825 1664 Filiale in Budapest: „Figyeló“
1519 1606 1755 1673 Chamon
342 1630 1507 1685 gingen gestern, Sonnabend, zum ersten Stale über eine Berliner
217 1646 284 1695 30
1861 1644 3119 1735 Vertretungen in Berlin, Chicago, London, Newyork, Paris, Stockholm.
1514 1651 1742 1725 einige Gläf
341 1678 1506 1739 Bühne und trugen dem geschickten Wiener Schriftsteller einen
1518 1711 1741 1771 eingetreten,
343 1712 1498 1761 ausehnlichen Premiérenerfolg ein. Das Schauspiel, das den
343 1751 1510 1810 Anfang machte, ist eine etwas novellistisch anmutende moderne
1515 1751 1761 1821 habe die Ge
1778 1762 2299 1864 Ausschnitt aus:
353 1803 1498 1853 Seelenstudie, die fein und sicher in eine dramatische Szene ver¬
1517 1799 1759 1864 mit einem
2298 1753 2957 1889 Vossischo Zeiturg, Berlin
354 1848 1507 1897 dichtet ist. Das zweite Stück führt der Verfasser etwas
1519 1854 1754 1918 seiner Verh##
210 1851 253 1910 1
1386 1884 1501 1945 ein.
349 1889 1381 1950 absonderlich unter einem neumodischen Namen
218 1904 256 1935 *
1518 1903 1783 1968 daß man i #
231 1906 335 1968 S#
344 1931 1501 1988 Es ist ein lautes und buntes, man darf sagen, wüstes
1794 1914 2193 2014 von  1
1515 1951 1718 2018 befunden,
227 1947 330 2028 #
349 1971 1500 2032 Bild vom Vorabend der französischen Revolution. Verlotterte
217 1996 340 2063 Ser
1516 1983 1754 2063 lichen Loge
352 2018 1496 2070 Gesellen, die die freiheitsdurstigen Citoyens zu spielen beginnen,
1518 2049 1754 2112 Behauptun
190 2034 321 2130 Mark
341 2051 1504 2110 und leichtfertige Adlige drängen sich in einem seltsamen
1516 2097 1709 2160 daß er
348 2102 1507 2159 Durcheinander in einer Komödiantenspelunke zusammen.
2196 2126 2828 2209 Theater und Musik.
357 2142 1501 2201 Ein seltsames Ding, das in groteskem Ulk einsetzt und unter
1522 2124 1737 2216 Platz bege
359 2191 1504 2247 dem Gejohle der von der Erstürmung der Bastille heimkehrenden
1521 2197 1747 2264 Der „Tien
2285 2191 2729 2274 Deutsches Theater.
357 2233 1510 2286 Menge mit tragischem Ernst abbricht. Der blutrote Feuerschein
1511 2243 1739 2306 klärt, daß
1956 2234 3109 2335 Es war gestern ein schöner Abend, den uns Arthur Schnitziers
208 2258 333 2330 1—39
349 2280 1504 2335 der Schreckensherrschaft blitzt in das Spiel unheimlich hinein.
1521 2294 1747 2360 ihr beizule
1925 2297 3094 2390 zu unerwarteter Höhe gestiegene und schnell reif gewordene Kunst
348 2322 1504 2367 Die verworrene, schwüle Zeitstimmung ist in dem etwas zu lang
207 2326 340 2415 —33
1514 2345 1753 2409 gegenüber,
1939 2354 3092 2452 beschert hat. Dieses Lob bezieht sich ganz besonders und vollkommen
362 2356 1507 2415 ausgesponnenen, aber raffiniert aufgebauten Stück ausgezeichnet
1514 2388 1739 2476 Kranker, a
201 2408 336 2471 1—28
344 2406 1509 2475 getroffen. In dem Versspiel, das den Schluß bildete, er¬
1934 2410 3081 2494 uneingeschränkt auf den zweiten der drei Einakter, den „grünen
1575 2441 1747 2513 * W
203 2460 337 2526 1—23
354 2439 1521 2511 scheint der berühmte Arzt und Naturforscher des sechs¬
1924 2442 3089 2556 Kakadu“, die der Verfasser als eine „Groteske“ bezeichnet.
1523 2488 1725 2549 Otis aus
361 2491 1514 2558 zehnten Jahrhunderts, der wackere Theophrastus Paracelsus
1927 2506 3089 2597 Das Werkchen ist, mit einem Wort, ein Geniestreich. Hier
354 2537 1509 2595 als eleganter Hypnotiseur auf dem Plan und stellt durch seine
1527 2533 1735 2603 Aufständis
209 2565 333 2646 —36
1919 2565 3089 2657 ist es wirklich gelungen, „Scherz, Ironie, Satire und tiefere
348 2570 1511 2633 Hexenkünste eine brave Bürgersfamilie, in der er einmal das
1534 2587 1734 2650 Einstellun
360 2630 1502 2684 „Schicksal“ spielen will, eine Weile lang auf den Kopf. Die
1928 2608 3085 2711 Bedeutung“ zu einer untrennbaren Einheit wirkungsvoll zu
1524 2638 1713 2697 Kongreß
360 2672 1509 2725 ungewohnte Spielerei wirkte ein wenig abgeschmackt und drückte
1919 2679 3083 2755 mischen. Blühender Blödsinn und blutiger Ernst sind mit meister¬
1527 2677 1731 2746 ob der K
353 2717 1514 2776 die Stimmung merklich herunter. Die Aufführung war ganz vor¬
1519 2728 1693 2795 seien. C
1926 2718 3080 2808 haftem Geschick in eins verwebt. In dem Stücke giebt der
363 2760 1512 2827 züglich. Das erste Stück wurde von Hrn. Nissen und Frau Sarrow
1526 2784 1725 2847 wenn die
1918 2778 3083 2873 Dichter Rollin dessen Wesen so an: „Wirklichkeit geht
361 2800 1518 2861 getragen; in dem mit prachtvoller Lebendigkeit inszenierten
1580 2827 1731 2903 N 9
1920 2832 3073 2929 ins Spiel über — Spiel in Wirklichkeit". Derselbe Sinn liegt
362 2845 1517 2900 zweiten und in dem Schlußstück war Herr Kainz hervorragend
1536 2881 1729 2941 aus Ma
361 2876 1508 2943 beschäftigt. Ueber die Werke selbst, besonders auch über die
1918 2878 3079 2961 auch dem anmuthigen Versspiel „Paracelsus“ zu Grunde. Der
1524 2927 1725 2990 Leuten zi
362 2926 1515 2991 schwachen Seiten der „Groteska“ und über den faulen Paracelsus¬
1913 2932 3079 3019 Inhalt und der Vorgang — weibliche Untreue erthüllt durch
250 2924 333 3026 —29
1525 2974 1719 3052 und eine
350 2976 1350 3044 zauber wird am Montag noch ein Wort zu sagen sein.
1920 2998 3076 3084 Hypnose — erinnert lebhaft an des gleichen Dichters „Frage an
1583 3021 1704 3090 * 2
1910 3051 3068 3133 das Schicksal“. Nun vergleiche man aber diese beiden Einakter,
1521 3069 1721 3148 Verlu
1902 3085 3073 3173 und man wird ermessen können, wie viel tiefer Schnitzler ge¬
239 3080 351 3173 —1
534 3090 1328 3191 Letzte Nachrichten.
1535 3119 1709 3182 bis zum
1905 3153 3076 3235 worden ist. Das einleitende nübedeutende Stück „Die Ge¬
406 3153 1521 3231 M Hamburg, 29. April. Der flüchtige Centralkassierer des
1606 3174 1691 3236 345
1902 3192 3081 3298 [fährtin“ soll an seinem Abstand ron den beiden anderen#
366 3217 1523 3273 Verbandes der Hafenarbeiter Deutschlands ist in Rotterdam ver¬
1540 3214 1714 3278 mit groß
3049 3252 3164 3317 usive
248 3232 341 3315 —
1541 3266 1707 3329 die Lage
1781 3239 3145 3355 Für wohl nur den Entwickelungsgang des Dichters erkennelorto.
355 3267 690 3335 haftet worden.
242 3304 355 3357 —33
1533 3316 1717 3388 liege kei
414 3289 1517 3385 & Köln, 29. April. Die „Kölnische Zeitung“ meldet: Nach¬
1876 3310 3148 3375 lassen. Einen anderen Werth vermag ich ihm kaum bei=hlbar
249 3351 342 3409 —21
369 3364 1518 3422 dem Präsident Mac Kinley die Kabelverbindung ge¬
1870 3373 3177 3455 3 zumessen. Die Darstellung förderte den durch einmüthigenrau
368 3410 1523 3477 nehmigt hat, wird nunmehr die „Deutsch=Atlantische Telegraphen¬
1811 3384 3212 3500 1 und freudigen Beifall des Publikums widerspruchslos bezengtei ist das
373 3453 1518 3524 gesellschaft“ in Köln mit der Errichtung einer Seekabelfabrik
1893 3481 3227 3566 Sieg des Dichters aufs beste. Ich gebe in der nächsteiht es den
226 3462 1538 3571 en wperstenenmn Pähe vin enn mate die Gberichtung iner e.
1780 3493 1922 3558 Abon
1531 3397 1714 3577 alt
1781 3520 3080 3632 Abon Nummer über diesen erfolgreichen Theaterabend noch ausführlicheren.
1889 3575 2226 3647 Bericht. M. L.
