3436 4256
2058 163 2506 260 box 15/5
296 181 1912 268 9.4. Der gruene Kakadu Zyklus
1609 977 1901 1079 Wiener Kunst.
1034 1003 1161 1088 338
1037 1075 2496 1176 zwischen Humor und Tragik hin und her, und der erstere schlägt in letzteret mit starker
1038 1164 2502 1226 tragischer Kraft um. Es ist eine Dichtung, die dem Dichter und Jung=Wien alle Ehre
1034 1216 2505 1262 macht. Man wird den Namen Schnitzler aussprechen müssen, wenn man nicht nur von
1042 1252 2503 1319 seinen und anmutigen, sondern wenn man von jenen ernsten Künstlern spricht, die den
1038 1298 2505 1359 Blick für die Höhen und Tiefen des menschlichen Lebens in seinen tragischen Momenten
1043 1349 2492 1420 haben. Was die Darstellung betrifst, so war es vor allem Sonnenthal, der als Schau¬
1044 1402 2507 1457 spieler Heuri durch die Macht seiner Erscheinung und Persönlichkeit der Aufführung den
1043 1454 2512 1518 großen Zug gab und den tragischen Momenten zu voller Wirkung verhalf. Recht gut
1033 1498 2500 1557 war auch Frau Mitterwurzer in der Rolle einer koketten Marquise, brillant Herr
1048 1545 2501 1606 Hartmann als Dichter Rollin und Herr Zeska als Graim. Von den übrigen Dar¬
1055 1599 2449 1669 stellern seien noch die Herren Thimig und Römpler besonders hervorgehoben.
1163 1644 2502 1706 Von den beiden erwähnten Dichtungen eingerahmt brachte Schnitzler in der
1058 1689 2500 1765 „Gefährtin“ eines jener Stimmungsjuwele, wie sie seine feine Hand so eigen zu gestalten
1041 1734 2505 1801 vermag. Es ist nur schade, daß er der Tragik, die sich in diesem Lebensabschnitt so müd
1052 1791 2510 1849 und bleiern auf unsere Seelen legt, im letzten Moment durch eine seltsame Wendung die
1053 1841 2506 1907 Spitze abbricht. Ein alter Professor — etwa anfangs der Sechzig — hat eben seine junge
1055 1880 2509 1956 Frau begraben. Wahre Trauerstimmung liegt über der Szene. Aber in ihm selbst ver¬
1044 1943 2510 2001 mag keine rechte Trauer aufzukommen. Die Verstorbene war schon lange nicht mehr sein,
1045 1994 2502 2061 wenn sie auch ihre Tage zusammen verbracht hatten. Er war ein alter Mann geworden
1043 2027 2506 2114 und sie noch immer eine junge, lebenslustige Frau geblieben. Und so hatte sich ihr Herz
1045 2092 2506 2146 von ihm abgewendet. Er aber war einsam seinen stillen Pfad gegangen und hatte in
1050 2127 2502 2183 tiefer Resignation leise und ihr selber unbewußt ihre Fesseln gelöst. Er gab sie frei dem
1055 2180 2479 2247 jubelnden Leben, dem sie noch gehörte, und das in ihm schon kalt geworden und still. —
1052 2251 2506 2302 Nicht vor den andern hatte er's gethan, aber still und innerlich, indem er schwieg, in tiefer
1049 2279 2515 2347 Selbstüberwindung schwieg, als er erkennen mußte, daß ihr Herz und ihre Gedanken sich
1055 2340 2504 2401 einem anderen zuwandten, einem jungen Freunde, der dem jungen Weibe zu geben ver¬
1058 2380 2510 2452 mochte, was ihm, dem alternden Greis, bereits versagt war. Und so wußte er, daß
1060 2435 2505 2490 seine Frau ihn betrüge, und er schwieg dennoch. Tief innerlich hatte er das Unrecht er¬
1059 2477 2518 2540 kannt, mit dem er ein junges Geschöpf für immer an sich zu fesseln geglaubt, weil er sie
1053 2525 2505 2588 zum Altar geführt. Anfangs mochte er viel gelitten haben, bis sein Gefühl in ihm er¬
1057 2583 2508 2640 stickt, sein Stolz und sein Mannesrecht in ihm überwunden waren. Und nun da sie ge¬
1058 2635 2517 2687 storben, da empfand er nur ein dumpfes, drückendes Gefühl, vielleicht Trauer und Müdig¬
1061 2672 2512 2740 keit, kaum aber tieferen Schmerz. Nun aber, da der Geliebte der Toten herbeigeeilt, um
1057 2726 2516 2788 an ihr Grab zu treten, erfährt er von diesem, (der keine Ahnung davon hat, daß der be¬
1056 2763 2525 2855 trogene Ehemann um sein Verhältnis mit der Verstorbenen wußte,) daß er seit einem
1063 2810 2518 2889 Jahre verlobt sei und sich zu verheiraten gedenke. Da bricht aller Groll und aller
1075 2876 2516 2943 Schmerz aus ihm hervor, er fühlt nun, daß auch seine Frau betrogen wurde, und nun
1056 2921 2519 2983 weist er dem Verführer die Thür. Bis hierher fühlt man schwere und echte Tragik. Der
1076 2972 2521 3039 jähe Schmerz, der nun aus der dumpfen Resignation langsam hervorquellen mußte, wie
1066 3019 2526 3094 schwere, hartentrungene Thräuen, dieser Schmerz um die Verstorbene, der erst in dem
1074 3071 2526 3140 Moment zum Leben erwachen kann, da auch sie nur eine Unselige, Betrogene gewesen,
1071 3131 2524 3186 ist poetisch und tief tragisch. Der Dichter geht aber einen Schritt weiter, oder besser, er
1071 3169 2525 3230 steigt von der glücklich gefundenen tragischen Höhe um eine Stufe herab. Eine Freundin
1067 3220 2522 3270 der Verstorbenen tröstet den Professor, indem sie ihm entdeckt, daß die Tote seines
1075 3276 2534 3336 Schmerzes nicht würdig gewesen, denn sie habe gewußt, daß ihr Geliebter mit einer
1066 3323 2531 3378 anderen verlobt sei und daß sie ihm nicht mehr als ein „Verhältnis“ gewesen sei. Da
1071 3381 2532 3453 erfüllt nur Scham und Ekel die Seele des Gelehrten, müde und mit schweren Schritten
