3436 4256
1291 155 2347 192 verbreitet sich nachgerade doch selbst unter den An¬
1282 195 2363 233 wohnern der Schumannstraße. Und da die Bühnen¬
1296 231 2354 301 leitung aus mehrjähriger Erfahrung weiß, daß diese
1294 269 2352 329 Kunde nur zu bald durch eine wachsende Theaterscheu
1289 321 2360 385 bestätigt werden wird, so richtet sie sich ergebungsvoll
1294 370 2365 411 auf das Ende der Spielzeit ein. Am Sonnabend
1291 408 2363 459 hat sie die letzten Neuheiten, drei Einakter von
1287 464 2364 508 Arthur Schnitzler, herausgebracht. Der Erfolg
1283 499 2365 536 war so, wie ihn eine Leitung nach monatelanger Arbeit
1285 542 2363 596 zum guten Abschluß sich wünschen darf. Von allen
1287 582 2348 629 Berliner Theatern hat nur das „Deutsche" Erfolge
1284 630 2363 671 aufzuweisen, die nicht allein für die Kasse, sondern auch
1288 675 2363 713 einigermaßen für Literatur und Kunst bedeutsam waren.
1291 713 2359 765 Mit Hauptmanns „Fuhrmann Henschel“ erhielten wir
1291 760 2362 800 ein Musterwerk naturalistischer Kleinkunst, in ähnlichem
1292 801 2358 845 Sinne war Hirschfelds „Pauline“ beachtenswerth, Mar
1295 848 2366 902 Dreyers „Haus“ erfreute durch die Verschmelzung
1301 888 2355 951 frischer Realistik mit einer anziehenden ethischen Tendenz.
1295 943 2356 992 Enge Grenzen sind es allerdings, die das Literatur¬
1298 979 2358 1030 gebiet des „Deutschen Theaters“, seine Leistungen und
1291 1020 2354 1074 Wirkungen umspannen. Manches Echte, abernichts Großes.
1295 1070 2364 1119 Das einzige Werk, das über den Alltag hinausstrebte,
1295 1111 2362 1156 Sudermanns „Drei Reiherfedern“, war ein ohnmächtiger
1281 1148 2359 1209 Versuch, mit Ikarusflügeln die Sonnenhöhen der Poesie
1283 1195 2358 1249 zu gewinnen. Sudermann möchte uns faustisch kommen,
1278 1249 2340 1300 zugleich aber den großen Theatererfolg der „Saison“
1281 1296 2359 1344 einheimsen. Von dem in ieren Widerspruch, in den er
1287 1328 2351 1375 damit geräth, scheint er kaum etwas zu ahnen. Daß
1274 1371 2361 1420 er ihn nicht begreift, das ist sein Verhängniß. Mit all
1276 1413 2359 1466 seinem Wollen wird er infolge dessen nur in die Reihe
1284 1463 2357 1516 der Theatraliker Kotzebue, Raupach, Halm und Laube
1275 1509 2352 1566 einzureihen sein... In der Theaterei aber bleibt auch
1286 1553 2354 1606 Arthur Schnitzler stecken. Sein Schaffen ist fast
1277 1588 2358 1640 ausschließlich auf die Augenblickswirkung, den Effekt
1284 1639 2350 1681 gerichtet; würde er die Ideen und Stimmungen,
1282 1687 2350 1751 die ihn erfüllen, ausreifen lassen, statt sie in flüchtiger
1282 1727 2362 1800 Zustutzung für den „Saifonbedarf“ zu verwerthen, so.
1290 1770 2361 1811 hätten wir einen Theaterliebling weniger, aber einen
1278 1817 2351 1868 bedeutenden Künstler mehr. Seine drei Einakter sind
1287 1858 2355 1900 ein echtes und rechtes Nachgericht zur „Saison“. Es
1287 1906 2372 1971 giebt da allerlei zu naschen, an Witz, Laune, Geist,
1290 1947 2363 2005 Gefühl, aber es bleibt Alles in innerem Gehalt und
1286 1984 2365 2048 äußerer Fülle auf das Maß beschränkt, wie es einem
1283 2023 2356 2092 Durchschnittspublikum als theatralische Abendkost zu¬
1292 2078 2360 2126 träglich und angenehm ist. Jedes der kleinen Dramen
1287 2117 2364 2170 gründet sich auf eine niedliche oder auch geistreiche Idee,
1281 2167 2355 2225 die Erfindung ist nicht ohne Eigenart, die Ausführung
1283 2198 2356 2269 in Einzelheiten fesselnd, wenn auch im Ganzen zu
1282 2252 2365 2306 mager und oberslächlich. Der Theatraliker aber hat in
1291 2290 2357 2338 allen drei durchaus die Oberhand, während der Künstler,
1281 2328 2359 2405 der nicht von der Wirkung ausgeht, sondern in seinen
1290 2389 2357 2445 Werken sich möglichst reich und entschieden auszuleben
1298 2430 2351 2482 sucht, nur hier und da zur Geltung kommt. Die
1298 2470 2351 2519 Probleme sind durchweg erkünstelt und konstruirt, auf
1288 2513 2354 2558 Ueberraschung und Erstaunen berechnet, statt auf ein
1298 2556 2355 2617 inncres Lebensinteresse auszugehen; ebenso läuft die
1286 2606 2348 2656 Gestaltung des Stoffs vorwiegend auf Blendung und
1298 2642 2351 2712 Spielerei hinaus, um Wohrheil und Tiefe ist es schwach
1296 2687 2360 2744 bestellt. Der erste der Einakter, der sich „Die Ge¬
1286 2732 2347 2787 fährtin“ nennt, könnte in altem Titelstil heißen:
1292 2780 2355 2836 „Ueberraschung auf Ueberraschung — Oder: Er erbost
1299 2817 1721 2878 sich schließlich doch.
1721 2819 2341 2879 Professor Robert Pilgram
1286 2861 2346 2917 ist der Typus eines Modernen, eines Menschen,
1284 2908 2352 2967 der genährt mit dem Studium neuester Philosophen
1290 2954 2352 2999 und Ethiker, alle Dinge nimmt, wie sie sind, ohne
1282 3002 2352 3056 Zorn und Eifer, immer bemüht, der Losung nachzu¬
1288 3041 2348 3090 leben, die da lautet: Alles Verstehen heißt Alles Ver¬
1291 3093 2357 3151 zeihen. Vor einer Stunde hat er sein Weib begraben.
1290 3126 2352 3177 Sie ist jung gestorben, einem Herzschlag plötzlich er¬
1282 3167 2352 3232 legen. Die Bekannten, die sich zur Trauerfeier einge¬
1288 3213 2347 3277 funden, haben das Haus verlassen. Der Professor ist
1284 3256 2347 3303 allein mit einer Freundin, einer Frau, die ebenso
1285 3304 2347 3347 modern wie er. Sie bittet ihn, dem Schreibtisch der
1293 3345 2342 3408 Verstorbenen einige Briefe entnehmen zu dürfen,
1280 3393 2353 3454 die sie an die Frau Professor gerichtet haben
1283 3436 2355 3493 will; sie sollen keinem Fremden zu Gesicht kommen.
1283 3480 2349 3523 Robert Pilgram aber erwidert gelassen: Warum wollen
1281 3521 2348 3573 Sie mich täuschen, beste Freundin? Was in den Briefen
1291 3565 2353 3619 steht, soll mir verborgen bleiben. Aber Ihr Geheimniß
1282 3611 2342 3662 ist keins für mich, ich weiß Alles. Ich weiß, daß meine
1289 3656 2347 3706 Frau mich hinterging, schon seit Jahren, daß sie die
1285 3699 2347 3747 Geliebte meines Assistenten war. Ich habe das ruhig
1291 3738 2346 3798 hingenommen, denn was meine Frau, die zwanzig
1291 3787 2345 3851 Jahre jünger war, als ich, mir geben konnte, das hat
1295 3829 2346 3876 sie mir im ersten Jahr der Ehe gegeben.
1287 3868 2338 3922 Später hatte ich kein Recht mehr an sie, denn
1295 3916 2338 3975 sie konnte stets nur Geliebte sein, nie Ge¬
1292 3955 2346 4005 fährtin. — Während die Beiden sich noch über dies
1286 3998 2346 4064 Thema unterhalten, tritt der Assistent ein, der seit
1277 4046 2349 4123 Wochen auf einer Sommerfahrt abwesend war. Er
