3484 4256
2072 122 2524 232 box 15/5
1143 139 1202 211 K
310 135 1954 227 9.4. Der pruene akadn 7VkIus
560 1271 2927 1330 Prämisse in ihr Gegentheil. So wird Cyprian, der „Paracelsus“ entzückte Frau Schratt durch eine Na¬
566 1327 2922 1389 allzu zuversichtliche Gatte, durch das hypnotische Kunst= türlichkeit, die selbst manche geschraubte Phrase und
1732 1370 2919 1444 manches hohle Wort erträglich machte. Ebenso gab
566 1377 1735 1439 stück des Paracelsus gedemüthigt und Paracelsus
1737 1424 2918 1474 Herr Krastel den Meister Cyprian kernig und glaub¬
563 1420 1750 1504 könnte befriedigt von dannen ziehen. Aber das wäre
557 1470 1744 1544 gar zu dünn. So wird die These gestürzt und Para¬
1732 1472 2922 1543 haft. Mäßig waren die Leistungen des Herrn Thimig
1733 1536 2917 1585 und des Fräuleins Haeberle als Stadtarzt Copus
551 1523 1735 1591 celsus selbst erhält durch die Offenherzigkeit seines Mediums
1734 1570 2920 1632 und Jungfer Cäcilia. Fast komisch wirkte Herr Robert
569 1572 1747 1629 eine Lection. Ebenso ist Professor Pilgram mit sich einig,
563 1626 2915 1685 daß seine Frau einen Anderen geliebt habe und daß dies als kreideweiß geschminkter, rabenschwarz gekleideter und
555 1666 2922 1739 zwar abscheulich, aber doch entschuldbar gewesen sei. in dumpfem Hamletton declamirender Paracelsus. In
564 1714 2926 1776 Die Annahme wird ins Gegentheil verwandelt, indem dem Schauspiel „Die Gefährtin“ gab Herr Sonnen¬
564 1758 2920 1822 Hausmann bekennt, daß er sich indessen mit einersthal den Professor etwas zu alt, mitunter unverständlich,
559 1814 2912 1870 Anderen verlobt habe, und diese These wird nochmals aber schlicht und wirkungsvoll in der Auffassung. In
562 1873 2918 1905 gestürzt, indem Frau Olga dem Professor enthüllt, daß der Groteske „Der grüne Kakaon“ stand abermals Herr
554 1899 2918 1972 diese Verlobung eine zwischen den ehebrecherischen Sonnenthal als Henri im Vordergrunde des Interesses.
1733 1956 2908 2019 Aber es war blos ein Stück „Kean“, was er spielte.
557 1955 1741 2008 Liebesleuten abgemachte Sache war. Auch der Trie
1741 1995 2916 2069 Frau Mitterwurzer als Marquise Séverine war
552 2007 1739 2066 Henri's im „Grunen Kakadu“ ist nichts als scenische
558 2048 1730 2113 Antithese. Zuerst heiratet er seine Leocadie, dann
1742 2052 2920 2110 von scharfer Charakteristik. Herr Römpler war ein
567 2101 2917 2168 nimmt er an, er habe sie mit dem Herzog ertappt breitspuriger Spelunkenwirth, Herr Thimig als
569 2150 2916 2212 und diesen erstochen, und dann hat ihn Leocadie that= Philosoph Grasset von guter, aber etwas fadenscheiniger
568 2198 2918 2259 sächlich betrogen und er erdolcht den Herzog wirklich. Komik. Sehr gut war Herr Moser als Schneider
557 2240 1735 2310 Diese Technik soll offenbar den Mangel an dramati¬
1816 2268 2917 2350 Die Aufnahme der Première war freundlich, aber
567 2298 1751 2351 schen Wendepunkten verbergen. Aber das ist eine Esca¬
566 2343 1739 2403 motage, die kaum einmal verblüfft, geschweige denn sieben=oder
1743 2322 2921 2402 nicht überschwänglich. Das ist schlimm. Denn das Werk
1738 2389 2927 2459 eines Dichters wie Arthur Schnitzler, der eines der wenigen
553 2397 1737 2454 achtmal hintereinander. Man wird dessen ebenso rasch
1739 2441 2923 2505 Talente der Wiener Clique ist und schon so hoch hinauf¬
557 2432 1735 2496 inne als müde, weil alle diese scenischen Antithesen nur
567 2488 2932 2555 willkürlich herbeigeführte Wendungen, nicht aber orga=gelobt wurde, daß mau vor lauter Marmorsockel kaum
560 2546 2930 2587 nische Theile einer dramatischen Handlung sind. Und so mehr den Dichter selbst sieht, sollte überhaupt nur durch¬
556 2589 2921 2633 vermag denn auch diese wunderliche Technik, die der schlagende Erfolge erzielen. Wenn schon das verständniß¬
557 2619 2928 2695 Rhetorik und nicht der Dramatik zugehört, den Eindruck reife Premièrenpublicum nur wohlwollend klatscht, statt
1737 2678 2912 2748 in satzungsmäßigen Enthusiasmus zu gerathen, was soll
569 2680 1753 2748 nicht zu verwischen, daß die neuesten Bühnendichtungen
564 2744 2908 2774 Schnitzler's wol ein ganz hübsches Novellenbuch, aber man dann von der Masse, von dem Publicum zu er¬
1745 2767 2917 2835 mäßigten Preisen und herabgesetztem Kunstverständniß er¬
558 2767 1742 2838 durchaus keinen Theaterabend zu füllen vermögen. Diese
564 2824 1742 2887 drei Einacter sind typisch für die moderne dramatische
1736 2823 2917 2885 warten? Das findet dann am Ende gar, die schönen
1748 2867 2914 2931 Einacter seien überhaupt nur Premièrencaviar, aber keines¬
569 2872 1747 2936 Dichtkunst, zumal in ihrer aufdringlichen Wiener Abart:
1741 2935 2925 2985 wegs nahrhaftes Theaterbrod. Und das wäre wirklich
570 2927 1740 2977 sie offenbaren statt dramatischer Kunst nichts als un¬
1734 2971 2918 3030 schlimm. Denn von Caviar allein kann das Burgtheater
556 2967 1042 3040 dramatische Künstelei.
666 3002 2940 3093 Die Darstellung, welche die Einacter Schnitzler's nicht leben. Man hätte vielleicht doch ein Stück Benedix.#
2441 3069 2898 3148 Gustav Davis.
564 3058 2276 3134 am Burgtheater fanden, war ungleich, aber in ihrem dazuschneiden sollen....
575 3122 1785 3194 überwiegenden Theile vortrefflich. In. dem Schauspiele!
