3436 4224
831 90 1169 144 dr
746 137 1790 178 eine ähnliche Maskerade. Auf lichterfüllten Bällen,
733 175 1801 223 wo kostbare Gesellschaftskleider zur Schau gestellt
725 213 1800 275 werden, produziert sich die Bohème. In grotesken
741 250 1797 308 Kostümen laufen sie herum und die Ballgäste lassen
738 295 1800 361 sich von ihnen zum Besuch eines Cabarets mit der
744 338 1800 401 angenehmen Wendung einladen: „Komm nur herein,
736 381 1804 454 Du Schurke!“ — genau wie im „Grünen Kakadu“,
743 424 1814 489 wo es den Mitgliedern der Aristokratie auch großen
739 482 1811 534 Spaß bereitet, von dem Wirt „Schurke“, „Spitz¬
742 531 1810 581 bube“ u. s. w. geschimpft zu werden. Du lieber
745 557 1814 613 Himmel, man ist eben übersatt. Man hat nach¬
742 598 1820 674 gerade alles „gehabt“, was man so für Geld haben
735 649 1809 709 kann. Die Leckerbissen sind schal geworden, seit sie
745 697 1816 753 zur Alltagskost geworden sind; die Nerven sind
757 736 1814 801 stumpf geworden und bleiben träge den normalen
1304 780 1813 847 „Komm herein, Du
750 790 1170 850 Reizen gegenüber
758 835 1824 877 Schurke“ ist endlich einmal etwas anderes. Der
737 874 1817 925 Teufel hole die süßen Schmeicheleien; was man sich
752 909 1822 969 gegenseitig Angenehmes sagen kann, hat man sich
741 949 1814 1018 bereits hundertmal gesagt; ewig geistreiche Be¬
752 998 1819 1060 merkungen, Bonmots oder seien es auch nur Kalauer
741 1041 1818 1118 produzieren zu müssen, wird auf die Dauer auch
747 1083 1822 1144 langweilig. Man kennt das ja alles auswendig,
751 1135 1828 1190 auch die „geistreichen Anmerkungen“, ja gerade
752 1180 1818 1237 die, — „Geist“ ist ja nachgerade etwas geworden,
755 1217 1832 1275 das einen leidlich begabten Menschen am Ekel ersticken
748 1261 1819 1322 läßt. Da sind „Hund“, „Spitzbube“ oder „Verbrecher“
750 1310 1822 1362 doch endlich einmal Worte von neuem Klang. Vielleicht hat
762 1350 1835 1420 so ein befrackter Gast auch früher einmal das Wort
759 1396 1833 1453 „Schurke“ hören müssen (ich neige zu der revo¬
752 1430 1828 1499 lutionären Ansicht, daß es auch Schurken im Frack
764 1489 1827 1551 giebt), aber er genoß es damals nicht mit dieser
762 1531 1828 1597 vollendeten Harmlosigkeit, nicht mit dieser liebens¬
763 1561 1842 1637 würdigen Seelenruhe, nicht in dem angenehmen
767 1615 1844 1674 Bewußtsein, doch ein Gentleman zu sein, der
770 1654 1840 1726 amüsanten armen Teufeln aus seiner (oder vielleicht
772 1701 1833 1765 auch aus anderer Leute) Börse zwei Mark mit An¬
770 1750 1841 1807 stand zukommen läßt. Die Leute, die nur existieren,
771 1789 1834 1851 wenn sie herdenweise beisammen sind und dann auch
773 1838 1841 1898 noch immer „etwas Neues“ haben müssen, fanden
767 1879 1826 1949 das erlösende Wort — „Komm herein, Du Schurke“
764 1920 1843 1987 wurde die letzte, ach so interessante Mode der Saison!
836 1966 1859 2033 Wunderlich genug: das Wesen der Bohème liegt
768 2019 1852 2084 in zwei Dingen beschlossen; sie findet sich erstens
774 2073 1848 2114 mit dem Geschäft nicht zurecht und hat infolgedessen
776 2102 1841 2155 kein Geld und sie findet sich zweitens mit der gesell¬
774 2142 1852 2213 schaftlichen Konvention nicht zurecht und lebt infolge¬
768 2191 1853 2250 dessen außerhalb der Gesellschaft. Und was erleben
779 2240 1846 2299 wir nun? Sie macht auf einmal Geschäfte, eben da¬
782 2270 1861 2343 durch, daß sie die Bohème ist, und zwar macht sie
778 2333 1848 2381 diese Geschäfte innerhalb einer glänzenden (mindestens
775 2369 1856 2429 von Gold glänzenden) Gesellschaft. Die Bohème
772 2418 1733 2485 wird bezahlt und wird gesellschaftsfähig
783 2448 1831 2517 zwei Dinge, die sonst den Begriff „Bohômien“
786 2485 1846 2566 aufhoben. Wenn diese Wirklichkeit so ernst wäre
785 2556 1852 2609 wie das künstlerische Spiel in Schnitzlers „Grünem
786 2579 1857 2649 Kakadu“, dann könnten wir uns gratulieren; denn
787 2630 1852 2690 dann wäre die Gesellschaft verlumpt und die Bohème
786 2673 1855 2738 wäre es auch; dann würde auch diese groteske
791 2715 1860 2788 Maskerade anzeigen, daß wieder einmal eine
788 2759 1860 2828 historische Demaskierung vor der Thür stünde und
783 2804 1862 2874 das bunte Fest könnte mit einem sehr grauen Morgen
786 2869 940 2924 enden.
854 2879 1859 2948 Glücklicherweise haben wir es nicht mit einer Zeit¬
786 2960 1864 2994 erscheinung, sondern nur mit einer Mode zu thun,
1381 2987 1491 3025 linge
1303 2987 1361 3027 #0
793 2988 1851 3045 im besonderen mit einer Veriner Mode, über deren
790 3020 1867 3083 Wert sich die Beteiligten einigen mögen. Dadurch
789 3075 1873 3135 geht zweifelsohne etwas von der grotesken
788 3111 1868 3184 Bedeutung verloren, die Schnitzlers Drama besitzt,
791 3155 1867 3213 aber der künstlerische Verlust bedeutet nationale Ge¬
797 3200 1871 3279 sundheit, und so müßte man schon ein halbverfaulter
804 3244 1869 3314 „Asthet“ sein, um sich nicht darüber zu freuen. Bei
798 3303 1865 3352 Schnitzler handelt es sich wirklich um die De¬
788 3332 1879 3397 klassierten, bei den zahlungsfähigen Berlinern handelt
795 3387 1869 3446 es sich aber — pardon — gar nicht um die Bohème,
795 3420 1884 3486 die noch immer nicht ihre Abneigung gegen das
807 3463 1882 3529 Geschäft und die Gesellschaft überwunden hat und
805 3511 1885 3569 die sie auch schwerlich jemals überwinden wird.
1633 3566 1668 3606 ei
800 3559 1606 3626 Es handelt sich vielmehr um
1840 3583 1878 3651 1
808 3615 1595 3669 längst der Bohème entronnen
818 3634 1602 3711 sie ihr jemals angehörten) und die
886 3695 1620 3753 tigung und zum angenehmen Gruseln
920 3745 1561 3802 „Bohémien“ mimen, wie sie
1010 3775 1583 3852 nimen würden, wenn gerade
1056 3827 1219 3888 Das
1820 3863 1875 3913 sie
1080 3871 1556 3937 ig gewähren lassen kann
1062 3911 1857 3971 ist. Ob es auch eine geschmack¬
1041 3945 1876 4014 ache ist, bleibt freilich eine andere
991 4003 1882 4091 Ich finde es nicht sonderlich be¬
1871 76 2633 175 Gewißz hat di  enen
1818 158 2880 208 Seite, aber wer ihre Tragik nicht empfunden hat,
1825 201 2899 268 hat ihr doch nie angehört, wenn er auch zehnmal
1820 233 2897 308 ungebundener gelebt hat, als seinen Tanten an¬
1829 272 2892 349 genehm schien. In geschlossenem Künstlerkreis oder
1827 325 2882 382 in kleinen Kneipen, zu denen nur Eingeweihte Zu¬
1832 357 2894 428 tritt haben, mag immerhin das Treiben der Bohôme
1821 405 2675 478 sich entfalten; auf Allerweltsbällen indes
1825 440 2893 512 aber, wie gesagt, lassen wir die Komödianten und
1828 497 2586 576 ihr Publikum sich ungehindert lieben.
1894 529 2894 608 Bezeichnend für Berlin bleibt die Sache aller¬
1838 587 2896 647 dings. In unserem Kunstleben macht sich der
1832 628 2900 710 Talmi=Erfolg frech und blendend breit, nun haben
1836 665 2898 739 wir auch noch die Talmi=Erfolglosigkeit, die
1830 706 2888 786 Talmi=Bohöme, oft genug gemimt von Talmi¬
1834 772 2900 820 Künstlern, damit die Verlogenheit sich ganz
1837 798 2920 872 vollende. Das System hat sich damit zu einer
1827 842 2898 918 Feinheit entwickelt, die man in ihrer be¬
1840 888 2913 953 sonderen Art bewundern kann. Es wäre grau¬
1845 930 2913 1008 kam, wenn man hier bittere Betrachtungen anstellen
1841 973 2918 1043 und so die Harmonie der schönen Feste stören wollte.
1848 1026 2539 1112 Ich wenigstens bin zu weich dazu.
2356 1048 2845 1147 Erich Schlaikjer.
2092 1094 2361 1171 —
