3436 4256
2132 135 2614 230 box 15/6
352 156 2000 245 9.4. Der gruene Kakadu zykins
503 535 3137 593 of slavishly copying nature, Doubtless it inclines to the chaste and simple, he has a rary individuality I have characterized
2248 570 3133 629 above, has published a little volume of
1379 584 2261 646 cultivated affection for it. He returns to
511 593 1383 645 is this desire for stronger and independent
2250 612 3135 673 stories, Die Frau des Weisen,' and it
1388 622 2256 683 simplo fare like a man sated with luxury.
508 633 1392 682 notes which has led Ludwig Fulda in bis
2241 670 3138 731 is this delicate painting of moods whlich
1387 666 2262 722 Then once again all is colour and ornament.
533 670 1401 738 Herostrat' to the world of antiquity, and
2256 706 3141 774 constitutes the charm of his stories as
1389 711 2261 778 In his gardens grow artificial flowers that
503 725 1384 773 Max Halbe in his Eroberer' to that of the
2250 750 3138 819 of his plays. They are all products of
1382 752 2260 806 send forth scent instead of fragrance. His
513 768 1391 841 Renaissance. Both have returned empty¬
2251 789 3139 855 lyrie feeling. Tho subjoct is almost
1377 787 2262 875 men are pale and sickly and have no hold
509 805 1384 866 handed. Their plays lacked life; only
2259 837 3133 895 alway conjugal infidelity, but the actual
1383 845 2248 902 on the earth; they renounce before they
494 850 1385 909 puppets in costume moved across the stage.
2254 869 3142 945 fact is not emphasized; it is onlytho re¬
1392 884 2254 942 oven desire. Their life passes into melody.
510 901 1391 946 Another of Max Halbe’s plays also appenred
2264 920 3145 985 sultant emotions that aro considered, and
1389 930 2252 991 Form is an end in itself. His verse
505 934 1392 999 this winter, Die Heimatlosen.' It deals
2266 972 3134 1020 Schnitzler is always occupied in trying to
1384 977 2259 1032 cannot be resolved into prose, nor his
507 990 1388 1036 with the story of a young maid from the
2251 997 3146 1065 answer the question, What is thoattitude
1393 1019 2252 1070 thoughts set forth in logical sequence.
510 1035 1382 1086 country, who runs away from her mother,
2257 1055 3142 1100 towards life of these men and women?
1388 1062 2263 1130 Ho is moro tender and delicate than
511 1075 1382 1124 and subsequently comes to grief in the
2251 1091 3149 1156 Schnitzler is a rare combination of poot
1388 1098 2257 1164 Hugo von Hofmannsthal, his colours are
539 1117 1395 1163 “ Bohème““ of Berlin, is seduced, and
2264 1149 3142 1201 and psychologist. Curiously enough, this
1386 1147 2258 1206 oven fainter, his symbolism moro ox¬
497 1152 1378 1212 then cast aside. Ten years ago this play,
2255 1191 3139 1248 same combination recurs with a very similar
1390 1196 2255 1248 tremo. Both pocts leave tho impression
512 1201 1383 1260 with its straightforward, honest fidelity
2253 1225 3148 1291 tendency in Lon Andreas-Salomé. Hertwo
1390 1229 2252 1298 that their decadence is imitative and ac¬
510 1249 1382 1297 to life, would have attained success;
2261 1271 3133 1330 latest volumes of stories— Fenitschka, eine
1385 1272 2263 1338 quired. There is nothing convincing about
502 1281 1386 1353 to-day it has no meaning for us. The
2256 1316 3131 1362 Ausschweifung,' and Menschenkinder'—
1388 1323 2254 1378 the peculiarity they affect. Both possess a
514 1318 1392 1388 element of personality is wanting. This
2256 1355 3151 1413 may be ranked with Schnitzler’s“ Prau des
1387 1362 2256 1432 gift more genuine than their manner of ex¬
516 1380 1387 1450 same element, which alone carries artistic
2266 1405 3141 1476 Weisen' among the best pro lucts of this
1391 1405 2257 1477 pressing it, and there is more artificiality
509 1420 1384 1478 conviction, is lacking in Pauline,' a comedy
2249 1438 3131 1509 year’s narrative literature. Lou Andreas¬
1388 1458 2054 1516 than art about their productions.
511 1455 1389 1533 by Georg Hirschfeld, the clever young
2266 1482 3147 1554 Salomé has perhaps finer powers of
1423 1498 2262 1552 Atthe time when the younger generation
517 1507 1392 1566 author of Mütter,' and in Max Dreyer’s
2253 1523 3144 1595 psychological analysis, especially in the
1383 1528 2262 1604 Pentered the lists with “naturalism'' for
508 1549 1392 1604 three-act play Hans.' The latest plays of
2253 1576 3147 1638 comprehension of female characters, but
1387 1581 2256 1639 their rallying-ery, Paul Heyse was one
510 1580 1388 1641 Halbe, Hirschfeld, and Dreyer convey an
2254 1619 3139 1680 now and then slie fails to catch the mood.
1387 1629 2262 1692 of the best hated and most often attacked
503 1642 1391 1707 impression of arrested development. Their
2263 1665 3144 1727 Sometimes we can feel the train of thought
1394 1669 2266 1724 of all our writers. Scarcely anything is
503 1680 1388 1735 #art was in fact simply the literary fashion
2267 1700 3136 1766 on which her construction is based, but she,
1395 1716 2257 1780 so charactoristic of the changes undergono
511 1723 1390 1774 of ten years ago. On the other hand,
2258 1753 3133 1805 too, offers a mystical rather than a rational¬
1399 1763 2255 1817 by the art conceptions of tho young
513 1764 1394 1826 Ernst von Wildenbruch, who has never
2263 1793 3145 1855 istic conception of mankind. Hfit betrue that
1389 1812 2257 1862 generation as their, drawing near, in
511 1813 1383 1866 followed any literary fashion, and always
2264 1839 3139 1901 our literature shows a deepening tendency,
1384 1847 2262 1908 thought at any rate, to Hloyse’s art.
510 1855 1392 1914 proceeded on his own lines in his dra¬
2255 1875 3097 1944 she must be counted among the pioneers.
1390 1890 2255 1943 Those whio are unacquainted with Heyse
512 1890 1391 1948 matie work, the representative of pathos
2292 1897 3151 1980 Next to these two, Schnitzler and Andreas¬
1386 1934 2274 1982 had better not begin upon his latest
515 1941 1383 2012 among our dramatists, was equally un¬
2261 1969 3149 2022 Salomé, comes Adalbert Meinhardt. Nor is
1389 1971 2258 2038 volume of stories, Der Sohn seines Vaters,
516 1978 1388 2051 successful this year with his piay Gowitter¬
2260 2006 3142 2068 it so much the literary value whlich induces
1393 2017 2262 2074 und andere Novellen'; thoso who do know
532 2028 1395 2098 cht, patriotic tragedy of the Silesian
2257 2049 3142 2108 me to mention her story Still-leben' in
1391 2061 2253 2114 him will accept even this contribution thank-
518 2073 1393 2135 ars. There is oue thrilling act full of wild
2259 2087 3147 2159 this connexion as the mood it expresses,
1392 2102 2254 2173 fully. The problems with which Heyse
524 2119 1392 2171 enthusiasm for Frederick tho Great, for no
2268 2140 3140 2196 Thero is a sense of estrangement from the
1399 2144 2265 2216 deals—for he always deals with problems
512 2155 1387 2217 one understands the art of communicating
2260 2178 3142 2242 world in this story ofthe fate of two ladies,
1414 2198 2259 2251 —are invariably interesting, and their solu¬
522 2202 1390 2253 enthusiasm better than Wildenbruch; this
2265 2238 3147 2294 and an atmosphere of hallowed meditation.
1388 2238 2256 2305 tion reveals him as a subtle psychologist.
520 2241 1391 2302 is the ouly part of the tragedy with any
2259 2275 3140 2328 It bears tho old-fashioned charm of the calm,
1386 2274 2255 2334 But that is not their chief characteristic.
520 2286 1388 2338 life about it. Tho other four acts, and in
2266 2320 3141 2382 secluded life of our ancestors; it has a
1396 2324 2271 2376 Those whio read Heyse in the right fashion
509 2337 1390 2403 particular the conclusion, are overpowering
2259 2361 3131 2433 suggestion of Maarten Maartens or Fogaz¬
1392 2369 2260 2420 read him not so much for iho interest of
516 2375 1391 2436 without being effective. His work is not
2259 2397 3147 2476 zaro. This, too, is a part of the mystery.
1395 2406 2257 2464 his subject as for his own sake. Tho mind
529 2422 1391 2478 unliterary, but it is of no valuc to literature.
2270 2453 2524 2514 of longing.
1387 2465 2262 2534 that speaks in all his works is a noble
561 2467 1394 2519 It might be expected that the lyrical
2314 2463 3147 2551 Wilhelm Raabe and Adolf Wilbrandt
1397 2493 2275 2555 one. Ho stands above his characters, and
523 2511 1388 2561 tendency of the drama would result in a
2268 2540 3149 2593 might from their latest novels, or,
1391 2545 2263 2595 looks down on thom with gentle h mour.
519 2559 1397 2607 strong independent lyrical harvest. This is
2260 2567 3147 2640 indeed, from all their works of fiction,
1390 2585 2269 2654 He softens reality before he presents it
514 2595 1386 2647 not the case. We are not altogether with¬
2263 2618 3151 2687 be called “ seekers of men.'' Both are a
1389 2630 2274 2683 to us. His art, tco, is artificial, but in
516 2636 1388 2695 out a new growth of lyrists, for wo have
2262 2657 3144 2722 littlo suggestive of Diogenes going abont
1390 2670 2268 2732 his case the strle and the man are ono.
517 2671 1389 2726 Letlev von Liliencron—not, howover, in his
2264 2707 3142 2759 with his lantern to seek a man, But in
1387 2713 2269 2782 There is a preponderance of beauty in his
523 2724 1395 2770 first youth—Carl Busse, Carl Henckell, and
2260 2742 3145 2821 accordanco with their distinct individualities,
1403 2753 2268 2821 manner, especially in bis language. We
525 2768 1387 2824 Ludwig Jacobowski, but it would be absurd
2270 2793 3152 2854 each has a different ideal man. Raabe is
1392 2794 2264 2855 need but open the first of these stories,
513 2813 1398 2865 to boast of any special lyrical wealth. Still
2262 2837 3153 2891 a humourist, and therefore an unusual
1402 2847 2260 2897 Der Sohn seines Vaters' (which deals with
519 2852 1407 2909 this past year has revealedto us a very in¬
2262 2883 3153 2928 and precious phenomenon in Germany, and
1402 2892 2264 2943 a young man whonever gets on, just because
524 2889 1396 2951 teresting new-comer in this domain. Stefan
2266 2921 3147 2977 he rejoices when he can discover in some
1391 2933 2263 2991 he is tue son of his rich father), to feel
515 2932 1396 2991 George was already knownto a small circle.
2269 2968 3150 3024 vagrant woman or some old weather-beaten
1393 2979 2275 3041 transported into another world. Even when
525 2983 1397 3035 He had published in conjunction with a
2269 3014 3150 3068 soldier a tender, childlike heart, as is the
1405 3022 2264 3071 dealing with a rtsqudsubject as, in Männer¬
524 3021 1399 3089 few like-minded spirits the Blätter für die
2260 3056 3141 3125 case in his latest novel, Hastenbeck,’ a story
1397 3062 2266 3135 treu, another of these stories, he maintains
517 3073 1398 3126 Kunst,’ which circulated onlv in manuscript,
2270 3098 3148 3148 of the Seven Years' War. Ouly those who
1389 3099 2278 3172 his dignity, because his language is
516 3112 1394 3171 for he and his party would have no deal¬
2271 3139 3153 3192 share his joy in pure hearts can understand
1401 3146 2273 3205 choice and the form ennobles the subject.
531 3157 1406 3215 ings with the general public. Lately,
2275 3191 3150 3244 him. The interest of the subject is but
1385 3178 2273 3244 If our most recent literature is wenk in
522 3200 1374 3249 however, three little volumes of his —
2270 3235 3141 3284 slight in Hastenbeck'; in fact, as a whole
1408 3236 2276 3302 natural feeling, we may here, too, find in
533 3240 1398 3299 Hymnen, Pilgerfahrten, Algabal,' Bücher
2268 3270 3146 3329 it bears sadtraces of oldage and decreasing
1404 3286 2032 3336 Heyse what we miss in others.
531 3284 1406 3344 der Hirten, ’and Jahr der Seelo'—have been
2269 3319 3157 3380 power. Wilbrandt’s ideal man recalls
1431 3314 2264 3393 The present almost exclusivo cult of tho
526 3343 1407 3396 committed to print. Stefan George recalls
2268 3347 3156 3428 the ideal humanity of the eighteenth
1401 3362 2266 3436 drama ontho part of our chief writers in¬
521 3374 1393 3430 Hofmannsthal, of wliom I have already
2277 3405 3139 3456 century. His new novel, Vater Robinson,'
1401 3408 2273 3470 volves a certain danger. But a small part
522 3411 1407 3481 spoken. Of English poets ho comes nearest
2266 3451 3147 3515 is didactie. Father Robinson, a curious
1409 3454 2267 3511 of the emotional life of mod## mien and
513 3449 1401 3526 to Rossetti. His work is the elaboration of
2275 3490 3146 3544 old man, resembles a gardener who walks
1396 3503 2264 3560 women can be expressed byit. The drama
520 3503 1398 3558 art, it has no connexion with reality. What
2281 3523 3137 3594 round in tho garden of humanity,
1411 3539 2276 3596 is dependent on outward action, and our
527 3549 1406 3609 never happened anywhere—that alone is
2276 3570 3157 3635 straightening and supporting the trecs of
1403 3582 2272 3650 lives are growing poorer and poorer in it:
529 3586 1414 3645 the subject of his verse. IIe deals with im¬
2271 3612 3156 3680 crooked growth so that they may attain
1402 3622 2271 3680 this of itself imposes a certain ditticulty.
524 3634 1409 3710 pressions of the soul and not the senses.
2265 3663 3157 3731 their full development and grow towards
1403 3674 2275 3737 But the productions in other literary fields,
534 3681 1406 3733 Nor does he present the emotions diroctly,
2269 3705 3144 3767 the sun, the ideal of a rich and beautiful
1405 3715 2274 3773 such as the novel, bear scarcely any rela¬
534 3715 1409 3777 but transfers them to some other fantastic
2262 3742 3153 3802 humanity. In thought Wilbrandt’s new
1404 3751 2275 3811 tion to the literary tendencies of the day,
522 3763 1410 3825 #aphere. His images belong to the domain
2265 3785 3150 3848 novel is certainly valuable, but the con¬
1403 3794 2245 3869 especially now that we have lost Fontane.
526 3801 1414 3873 neither of sight nor of simile; thev are
1457 3832 3148 3894 Still this relation is not absolutely I struction lacks stability, and the 7enoument
534 3846 1415 3901 dream pietures. His poems are the visions
541 3873 2941 3938 of a man saturated with art. At times hewanting. Arthur Schnitzler, whose lite-is incomplete and unsatisfactory.
