3484 4352
287 247 1882 317 9. 3. Der gruene Kakadu box 15/3
418 613 1192 703 lannele“ and ehe Grcen Cockatoo.“
448 675 1197 754 The chief impression carried away from
410 721 1195 790 the first presentation by Mrs. Fiske and
415 768 1195 811 the Manhattan Company of Gerhart Haupt¬
411 809 1201 878 mann’s dream-poem. Hannele.“ at the Ly¬
385 839 1204 918 Seeum Theatre last night, was the rather in¬
409 888 1193 950 sistent doubt whether this play, or any
402 920 1193 989 play that would corporealize,for us the sub¬
402 969 1193 1031 stance of visions affd dreams, can hope to
404 1000 1187 1077 exereise on the stage anything like the effect
403 1049 1192 1110 it produces in the reading. Try as hard as
393 1088 1189 1158 one may, and it was evident last night that
399 1125 1190 1186 the stage management had tried very hard
401 1168 1195 1236 indeed, the machinery will clank. Dream
384 1200 788 1266 effects may be
797 1203 1170 1270 approximated by
392 1256 1186 1311 skilful lighting and the use of the gauze
391 1283 1169 1352 cur aln but elaborate mechanics call for
379 1337 1170 1394 almöst a greater charlty of the imagination
389 1380 1177 1445 in the spectators than no mechanics at all.
380 1419 1164 1473 It certainly is odd that while we would re¬
379 1464 1159 1518 duce the environment of Shakespeare’s sub¬
376 1503 1171 1572 stantial histories and tragedies to the bare
388 1548 1166 1604 Elizabethan setting, we should expect a gos¬
376 1585 1164 1647 samer thing like Hannele“ to profit by
377 1633 1181 1701 lavish use of the mechanical resources of
377 1661 604 1719 the stage.
402 1681 1166 1767 The story of Hannele’s ascension 10
371 1720 1160 1812 Heaven is by this time familiar to most
386 1788 1163 1850 people. The play was first presented here
366 1822 1161 1881 in English in 1894, and since then has been
369 1859 1155 1933 given more than once at the German Thea¬
363 1918 1158 1970 tre in this city, Hannele Mattern is a girl
361 1936 1149 2016 Jof fourteen, the step-daughter of a drunken
356 1995 1167 2058 mason, whose maltreatment drives the child
375 2044 1149 2100 to seek death by drowning six weeks after
359 2073 1157 2143 hei mother’s desth. She is rescued and
371 2123 1135 2188 carried by the schoolmaster into the vil¬
361 2157 1145 2220 lage poorhouse, where, in her last delirium,
365 2189 1140 2269 she sees her mother, sees the angel of death,
357 2242 1139 2309 Isces herself dead and dressed in royal robes,
364 2273 1144 2344 and laid out in the coffin, and brought to
353 2311 1149 2388 life again by the schoolmaster, Gottwald, who
360 2357 1130 2436 is none other than Christ. The röle of Han¬
356 2405 1137 2472 nele is not in the least a 'star' part. More
357 2448 1129 2504 than anything else, it calls for the vocal
343 2473 1119 2552 suggestion of the pathos of fragile and un¬
352 2534 1135 2605 happy girlhood. Mrs. Fiske'’s volce last
351 2564 1135 2630 Inight did not create the desired illusion.
338 2598 1120 2674 It suggested the nervous terror of the mo¬
339 2648 1129 2731 ment, but not the life of pain and depriva¬
334 2687 1133 2770 Ition that lay behind, It was over-emphatie
334 2732 1126 2791 Fand over-metallie. When Hannele, in her
345 2771 1128 2828 vision, gets out of her bed to be arrayed
344 2795 1131 2886 in her festal mortuary robes, the sense of
344 2865 1121 2923 physical weakness and approaching physical
343 2903 1122 2972 dissolution is conveyed only at odd mo¬
339 2937 507 3003 ments.
370 2961 1107 3037 Arthur Schnitzler's"Green Cockatoo,“
338 3002 1122 3086 Iwhich preceded Hannele,“ has likewise been
329 3049 1113 3126 seen on the German stage in this city. It
324 3103 1118 3168 is a bizarre and highly entertaining evoca¬
326 3155 1119 3216 tion of Paris on the day of the fall of the
2825 3161 2867 3228 *
332 3193 1113 3253 Bastille, and has for its plot the motive
320 3237 1107 3296 that has been made most familiar, perhaps,
1880 3227 1958 3315 X
332 3279 1109 3339 in Leoncavallo’s“ Pagliacci.“ It is written
322 3309 1114 3374 with great bravura, and was so acted last
319 3340 1117 3420 night. Herethe principal part was well
329 3396 1099 3447 done by Holbrook Blinn, who, in the Haupt¬
325 3428 1103 3488 mann play, is Gottwald and the Stranger,
2170 3393 2233 3490 7
322 3464 1100 3537 and very acceptable in both röles. Alice
317 3510 1107 3598 John was much better as the Sister of Char¬
2349 3521 2479 3612 S
1813 3536 2052 3598 74. 1 5
322 3559 1090 3622 ity in Hannele“ than as the actress Leo¬
1826 3568 2166 3641 AG RA ME
314 3591 1105 3663 cadie in the Schnitzler play, in which, too,
2334 3591 2712 3685 RRS. FJ8XE
2316 3639 2404 3687 Z.N
1853 3619 2026 3696 T3 E
323 3641 1097 3708 Henry Stephenson, Sheldon Lewis, and Wil¬
2306 3669 2658 3744 RANNELE'
2814 3672 3142 3731 GEERAEr
307 3671 1100 3744 fred Buckland were highly effective. Fuller
1775 3670 2251 3752 DSPENDERRTPP
2775 3708 3207 3777 MAUETNTA N N
306 3732 1093 3800 Mellish realized the part of Mattern in
2308 3733 3038 3805 DFezust-  Avrsoz or
1827 3734 2146 3824 28
313 3747 1106 3824 *Hannele“ very successfully, and R. Owen
2837 3772 3224 3854 RANNEZE“
306 3795 1087 3876 Meech, as the goblin-like village tailor,
306 3841 1103 3907 brought with him what the performance, as
304 3873 827 3961 a whole, lacked-armosphere.
1180 3882 2539 4037 Fiennele. Porbidden in Cinl)
1244 3967 2598 4153 16 Veors Ago. Reproduced
2366 4144 2594 4202 Amazement
1159 4149 2279 4217 By CHARLES HENRY MELTZER, presented on ihe hon
1918 4170 2581 4220 some minuteg was theschiefsemotion
