3484 4256
1238 138 1321 204 K
2185 141 2651 229 box 15/6
414 132 2047 244 9.4 DerBrnene—kadu—Zuklns
1126 744 1543 808 Telefon 12801.
828 837 1858 921 Unternehmen für Zeitungs-Ausschnitte.
1720 892 1910 962 Ausschnitt
995 960 1636 1048 „OBSENVEN
1731 948 2007 1050 Nr. 17
614 1059 2057 1119 I. österr. behördl. conc. Bureau für Zeitungsberichte u. Personalnachrichten
796 1124 1886 1215 Wien, IX/1. Türkenstrasse 17.
1012 1215 1782 1284 Filiale in Budapest: „Figyeló“ —
716 1264 1987 1351 Vertretungen in Berlin, Chicago, London, Newyork, P’aris, Stockholm.
1302 1355 2042 1480 Stanze härge.-Zctzung, Parih
614 1397 1277 1484 Ausschnitt aus:
616 1536 1100 1627 vom /3 00
1989 1565 3214 1634 diesen Komooianten ist der Hauptheld ein gewisser von Herrn
1995 1609 3213 1664 Kainz mit der ihm eigenen genialen Phantastik dargestellter Heuri.
1994 1640 3202 1705 Er hät eine äußerst kokette fast schon verlotterte Kollegin geheiratet,
1989 1670 3207 1748 will sich mit ihr auf das Land zurückziehen und extemporiert in Ab¬
1998 1720 3204 1792 wesenheit der schwärmerisch Angebeteten vor den aristokratischen Zech¬
1998 1767 3208 1824 Gästen der Bontique einen gonz aparten Verbrecher=Coup: er habe
2010 1794 3204 1870 sein untreues Weib in flagranti überrascht und den Verführer, einen
2002 1839 3197 1908 jungen Herzog, der soeben noch im Lokal anwesend war, getötet.
858 1849 1976 1927 * Deutsches Theater. Dem vorgestrigen Schnitzler¬
1993 1864 3211 1949 In der Steigerung des tumultuarischen Getöses von der Straße
759 1875 1983 1954 AAbend leuchtete der günstigste Stern. Drei einaktige, neue
2000 1909 2110 1961 aus,
2105 1909 2233 1960 und
2228 1928 3204 1979 unter dem zustimmenden Lärmen der Keller¬
772 1934 1975 1985 Bühnenwerke des Wiener Autors, der unter den jüngeren Drama¬
2003 1954 3208 2033 Gesellschaft wird aus dem dramatischen Wahngebilde plötz¬
768 1969 1981 2025 tikern zu den berufensten zählt, gingen in Seene und brachten dem
1984 1967 3200 2060 lich eine grauenhafte Wahrheit; denn der angeblich Ermordete
763 2014 1976 2060 anwesenden Verfasser sämtlich sehr ehrenvolle Auszeichnungen ein.
1988 2043 3192 2104 betritt wieder die Kneipe, und in der phantastischen Ekstase, gleichsam
767 2042 1973 2114 Die Stimmungsverschiedenheit der drei Bühnenwerke bedingte auch
1988 2073 3189 2143 durchdrungen von der Rache der Eisersucht, sturzt Henri auf den
766 2083 1976 2145 eine bestimmte Aufeinanderfolge nach der Farbenordnung. Ueber
1995 2099 3191 2178 Rivalen und ersticht ihn, während das Volk hereinströmt und unter
766 2115 1973 2187 dem ersten Schauspiel, „Die Gefährtin“, schwebte der Genius
2002 2148 3189 2210 wildem Siegesjubel den Fall der Bastille verkündet, Ein zweifellos
770 2162 1984 2230 des Todes, wie im ersten Akt des „Vermächtnisses“. Die Bühne ist
1997 2186 3198 2254 packender theatralischer Abschluß für das nur skizzeuhaft erscheinende
766 2208 1980 2267 ein Trauerhaus. Ein Professor hat nach zehnjähriger Ehe, die nur im
1988 2230 3185 2295 revolutionäre Stimmungsbild, in welchem sich Schein und Wirklich¬
764 2247 1977 2306 ersten Jahre ungetrübt glücklich verlief, sein Weib durch den Tod verloren
1995 2261 3195 2329 keit, Komödie und Wahrheit ununterbrochen durcheinanderschieben.
767 2278 1973 2350 und muß unmittelbar nach dem Begräbnis die traurige Entdeckung
1987 2298 3181 2366 Das Ganze ist vom Verfasser absichtlich in eine so stürmisch flackernde
759 2316 1982 2368 machen, daß die Gattin der vornehmen Gesinnung, die er ihr ent¬
1997 2343 3194 2411 Belenchtung gestellt, daß man nur eine einzige Gesindel=Gesellschaft
773 2366 1968 2416 gegengebracht und bis zum Tode bewahrt, garnicht wert war, und
1998 2385 3189 2444 zu erblicken wähnt, in welcher der Anständige sich nicht mehr
768 2399 1554 2453 sein eigener Assistent ein ehrloser Lump ist.
1546 2408 1975 2455 Der Stoff dieses Dra¬
1984 2415 3188 2492 vom Unanständigen, der feine Withelm sich nicht vom groben Gott¬
766 2445 1966 2501 molets, welches nur zwischen drei Personen sich abspielt, duftet nicht
1984 2458 3186 2531 lieb, der Plebejer sich nicht vom Edelmann, der Gerechte sich nicht
763 2474 1973 2540 besonders angenehm, aber die feine und intime Kunst Arthur
1984 2490 3187 2566 vom Ungerechten, der Lump sich nicht mehr vom Schurken unter¬
774 2517 1967 2578 Schnitzler's in der Entfaltung menschlicher Gemütszustände sichert
1985 2535 3176 2611 scheiden läßt. Die schwierige Inscenierung der originellen dramatischen
772 2546 1971 2623 der Arbeit, die mehr als Skizze erscheinen will, ein starkes Interesse.
1987 2581 3187 2644 Groteske war vortrefflich gelungen. Unter den Darstellern traten
773 2594 1970 2649 Zudem trat die bedeutsame darstellerische Kraft des Herrn Nissen in
1991 2618 3179 2686 neben Herrn Kainz am markantensten noch Herr Fischer als
763 2629 1827 2702 der Rolle des Witwers für den Erfolg der Sache ein.
1838 2646 1973 2694 Einer
2000 2653 3180 2717 „Wirt und Direktor“, Frl. Dumont als „Marquise“ Herr Winter¬
772 2655 888 2712 sehr
901 2659 1470 2728 stürmischen Glanz=Aufnahme
1479 2676 1965 2747 begegnete das zweite
1983 2690 3180 2770 stein als „junger Herzog“ hervor. Nach kem stürmischen Charakter
767 2700 1966 2778 Stück „Der grüne Kakadn“, dem der Antor die Be¬
1980 2738 3181 2792 des „Grünen Kakadu“ wirkte die rhythmische Schlußgabe „Para¬
766 2747 1969 2804 zeichnung „Groteske“ gegeben hat. Es liegt ein originell
1985 2765 3181 2849 celsus“, ein Versspiel auf altdeutschem Boden, um so freundlicher
765 2784 1942 2846 fesselnder, wilder, aber auch ins Tragische verlaufender Humor in
1988 2813 3181 2873 und behaglicher. Aus der stickigen Luft der Pariser Revolutions¬
765 2824 1965 2897 diesem Schauspiel, welches in einer Pariser Kellerwirtschaft spielt
1970 2837 2740 2907 Kaschemme sah sich der Zuschauer
2805 2865 3182 2917 das lichte Heim
764 2870 1968 2928 und den Bastillensturm vom ersten Dröhnen der Kanonen an bis
603 2871 712 2929 Für
1989 2875 3177 2959 eines süddeutschen wackeren Waffenschmieds versetzt, der seinen
772 2915 1963 2970 zum völligen Revolutions=Siege zum Hintergrund hat. Der sonder¬
1984 2934 3177 2997 und seiner Gattin Jugendfreund, den mittlerweise berühmt gewordenen,
769 2936 1962 3007 bare Keller führt das Schild „Zum grunen Kakadu“ und wird in
1989 2964 3172 3034 von den Zopf=Akademikern als Schwindler und Marktschreier ver
772 2982 1961 3046 verdächtig=grotesker Weise von einem heruntergekommenen ehemaligen
1984 3003 3169 3070 schrienen Bombastus Paracelsus zu Gast geladen hat. Ungläubig¬
760 3015 1963 3092 Provinz=Theaterdirektor bewirtschaftet, der zum Gaudium vornehmer
626 3035 753 3086 „ 100
1977 3034 3164 3117 keit der Umgebung treibt den klugen Medikus und scharfen Menschen¬
762 3059 1962 3130 aristokratischer Herren und sogar Frauen, zum Amusement
1977 3077 3174 3136 kenner, die Hypnose magisch an der Frau des Waffenschmied's zu
752 3094 1970 3174 von blasierten Edelleuten und Marquis von seinen Leuten,
1984 3125 3171 3190 erproben und bezüglich gewisser Herzensaffairen eine dramatische Ent¬
609 3119 1962 3207 Abonm Komödianten, untermischt mit Galgenvögeln und Spitzbuben
1971 3151 3172 3234 hüllung und z### #ch Verwirrung zu erzielen, die sich schließlich
615 3175 1972 3254 Abonn sehr lustige Verbrecher=Scenen extemporieren läßt. Unter
1969 3190 3164 3282 allgemein zur wechselseitigen Zufriedenheit ordnet. Eine ebenso geiste
1967 3235 3174 3343 voll anziehende fein humoristische wie liebenswürdige kleine
1963 3286 3177 3371 dramatische Arbeit, die, in der Hauptrolle von den Herren Kainz,
1967 3312 3184 3430 [Nissen, Fischer und Frl. Dumont entzückend gespielt, den Er¬
1953 3356 2397 3430 kolg des Abends krönte.
