3436 4256
831 984 1186 1059 Telefon 12801.
406 1079 1470 1184 10 5 Unternehmen für Zeitungs-Ausschnitte.
1525 1105 1574 1161 4
1470 1159 1599 1243 Nr.
697 1142 1315 1258 „OBSERVER“
294 1254 1657 1330 I. österr. behördl. concess. Bureau für Zeitungsberichte und Personalnachrh
587 1320 1442 1409 Wien, IX/1 Türkenstrasse 17.
531 1407 1485 1485 Filiale in Budapest: „Figyelö“, VIII. Josefsring 31a
277 1511 1452 1611 Ausschnitt aus: Ostdeu'sche Rurdechau
287 1643 665 1764 vom 7/2.08.
560 1788 1494 1947 Knnst und Wissenschaft.
566 1933 1569 1982 Burgtheater. Zum erstenmale: „Das Ver¬
489 1974 1573 2027 mächtniß“, Schauspiel in drei Akten von Arthur
486 2006 1561 2068 Schnitzler. — Das kleine putzige Anatolpoetlein ist
483 2066 1561 2111 gestern vor uns hingetreten, um fürchterliche Musterung
489 2101 1561 2155 zu halten unter der verlogenen Bourgeoisie, die noch
497 2157 1561 2203 immer gewisse Dänichen deshalb in Acht und Bann er¬
494 2180 1557 2237 klärt, weil sie sich über Kleinigkeiten, wie legitime Ehe,
483 2227 1568 2279 kühnen Herzens hinwegsetzen. Seit der „Kameliendame“
488 2268 1559 2318 des seligen Dumas hat man uns oft bewiesen, wie
479 2306 1570 2384 heuchlerisch die bürgerliche Gesellschaft ist und welch' er¬
496 2358 1576 2411 habene Gesinnung im Bezirke der Halbwelt dagegen
495 2397 1574 2451 herrscht. Eine ganze Republik aufgeklarter Weiber hat
497 2438 1567 2485 Schnitzler in seinem neuesten Thesenstücke gegen die Bornirt¬
488 2482 1567 2542 heit der männlichen Sünder, gegen die brutalen Mächte
486 2525 1574 2578 der gesellschaftlichen Ueberlieferung organisirt. Wie im An¬
485 2567 1573 2624 klageakt eines Staatsanwaltes ist Alles wohl erwogen, um
1118 2604 1565 2667 konstruiren. Der Fall
491 2613 1119 2676 ein regelrechtes „Schuldig!“ zu
492 2658 1571 2714 Toni Weber, den uns Schnitzler vorführt, mag an sich
493 2695 1570 2756 recht tragisch sein, aber er ist am Ende doch nur ein
493 2743 1577 2799 spezieller Fall, ein Zufall, der unser Mitleid erregen
495 2780 1567 2842 kann, allein uns kein Recht gibt, die Gesellschaft dafür
495 2821 1570 2879 verantwortlich zu machen. Schnitzler stellt indeß diesen
491 2867 1579 2922 Fall, dessen Untersuchung wir uns noch vorbehalten, nicht
494 2911 1576 2967 mit individualisirender Kunst und Absicht dar, sondern
497 2954 1571 3013 so, daß er den Schein der Allgemeinheit gewinnt und
482 2997 1577 3065 zum offenen Ankläger wird gegen den Staat und die
389 3061 1579 3111 50 7 Gesellschaft, die solche Zustände und Möglichkeiten ge¬
273 3055 376 3137 Für
490 3081 1684 3149 schaffen haben. So gibt es denn auch in dem ganzen gubi#e
373 3104 469 3153 100
502 3135 1667 3185 Stücke nur Ankläger und keine Richter, nur schemenhafte orto.
1573 3157 1672 3196 ihlbar
358 3148 467 3204 200
486 3167 1709 3219 Tendenzweiber und keine lebenswahren Gestalten, bis voraus
360 3188 447 3232 500
494 3217 1569 3267 auf einen einzigen Menschen, der nach dem Vorbilde
303 3226 476 3300 " 1000
505 3243 1749 3318 von Ibsen's Hjalmar individualisirt ist. Dieser Held jst das
407 3268 493 3326 Im
506 3298 1748 3347 der Pose und der Phrase, von Herrn Hartmanni es den
285 3293 496 3363 Abonneme
289 3339 1639 3399 Abonnente überraschend gut gespielt, bedeutete auch die einzige rn.
495 3379 1570 3439 grünende Oase in der trostlosen Tendenzwüste der
1401 3422 1539 3484 h. A.
482 3427 965 3511 Schnitzler'schen Anklage.
2259 256 2464 313 Telefon
1955 348 2892 432 Unternehmen für Zeitungs-Ausschnitte.
2959 354 3158 440 Ausschnitt
1771 313 1959 474 105
2900 439 3161 532 Nr. 29
2117 420 2731 538 „OBSERVER“
1711 522 3169 602 I. österr. behördl. concess. Bureau für Zeitungsberichte und Personalnachrichten
2012 594 2860 680 Wien, IX/1 Türkenstrasse 17.
1926 681 2925 770 — Filiale in Budapest: „Figyelö“, VIII. Josefsring 31 a. —
1701 796 2899 904 Ausschnitt aus: Nouss Wiener Tagblatt
1718 923 2089 1036 vom 72. 98
1972 1045 2922 1162 Theater, Kunst und Titeratur.
2030 1167 2977 1234 Burgtheater. Wenn drei letzte Acte zusammen
1929 1196 2986 1291 ein Theaterstück ergäben, so wure Pethur Schnitzler's!
1935 1255 2975 1322 dreigetiges Schauspiel „Das Vermachtaiß', das gestern
1937 1306 2978 1373 zum ersten Male aufgeführt wurde, ein gutes bürgerliches
1934 1364 2984 1439 Drama. Aber seinen drei einander folgenden Katastrophen,
1949 1410 2990 1464 welche mit großer Pünktlichkeit in jedem Act eine Leiche
1945 1453 2973 1509 als Schlußpointe ausspielen, versagt die erwartete
1932 1478 2982 1559 Wirkung, und der dramatische Eindruck des Stückes
1943 1545 2974 1609 schwächt sich in fallenden Potenzen ab, um einer geschickt
1937 1593 2979 1662 formulirten Nutzanwendung den Platz zu räumen.
1936 1637 2984 1716 Ueberall sehlen die nothwendigen Voraussetzungen,
1937 1686 2983 1754 um den Opfern der Schnitzler'schen tragischen
1938 1728 2992 1806 Willkür unsere volle Theilnahme zuzuwenden; wir ver¬
1953 1768 2995 1846 missen die von Verhältnissen und Charaktern bedingte
1953 1828 3001 1896 Grundentwicklung der uns vorgetragenen Familie###
1952 1857 3008 1947 geschichte. Diese wieder wäre, so weit wir sie aus der in
1958 1922 2983 1983 ihrer Art meisterbasten Composition des ersten Actes
1958 1966 2998 2035 ergänzend zu erkennen vermögen, wohl eine Aufgabe eher
1955 2016 2993 2075 für den erzählenden, als für den haudelnden Dichter ge##
1946 2059 2999 2117 wesen. Auf der Bühne werden die furchtbaren Wendungen
1951 2121 2993 2179 der Alltagsgeschichte zu gemeinen Unglücksfällen herab¬
1951 2156 2988 2217 gesetzt, und die Regelmäßigkeit, mit der sie sich wieter¬
1954 2205 3009 2296 holen, hat etwas Komisches. Schnitzler, der uns ein
1964 2248 3003 2314 ergreifendes Bild des menschlichen Lebens zeigen
1968 2294 3013 2353 wollte, entgeht kaum dem Verdachte, mit einem
1708 2335 3128 2423 Far 50 Zeit höchst bedenklichen Thesenstück für eine laxe, schlasse und Gusie
1798 2382 1899 2429 100
1973 2392 3097 2458 weichmüthige Moral eingetreten zu sein, und er muß es #orto.
1798 2424 1900 2475 200
1975 2423 3113 2511 sich gefallen lassen, wenn wir den Anwalt mit dem Dichter jehlbar
2994 2460 3142 2508 Voraus
1798 2463 1912 2513 500
1978 2484 2992 2547 verwerfen. Das Burgtheater hatte, wenn nicht seine beste
1748 2500 1916 2569 " 1000
1923 2526 3090 2591 6 Kunst, so doch mehrere seiner besten Künstler aufgeboten. leist
1712 2577 1962 2645 Abonnement
1981 2590 3182 2644 und der äußere Erfolg der Novität entsprach den auf=stes den
1727 2631 1961 2691 Abonnenten
1974 2616 3077 2697 gewandten Mitteln. Nach dem ersten Act dankte Herr ssa.
1968 2666 3012 2746 Lewinsky im Namen des „Autors“ — er hätte ihn
1972 2720 3000 2780 wohl Dichter nennen dürsen — nach dem zweiten konnte
1969 2765 3003 2831 ihn dieser selbst ablösen, um vier= oder fünfmal vor der
1976 2811 2996 2875 Gardine zu erscheinen. Das Zünglein an der Wage des
1964 2861 3001 2925 Erfolges schwankte lange hin und her, bis Frau Hohen¬
1964 2908 2999 2968 fels mit ihrer raketenartig hinausgeschleuderten Schluß¬
2818 2948 2965 3022 M. K.
1973 2960 2455 3030 tirade den Sieg entschied.
2104 2991 2999 3064 Im Theaterin der Josephstadt findet
1966 3053 3003 3101 morgen die Vorstellung bei festlich beleuchtetem Hause
1978 3091 2993 3147 statt. Dem Stücke „Wie man Männer fesselt“ geht eine
1969 3128 2998 3172 Kaiser=Jubiläums=Ouverture von J.Klimsch und ein großes
1969 3167 3004 3223 Huldigungstablean, gestellt vom Regisseur Groß, voraus.
2102 3210 3008 3263 Wie man uns mittheilt, scheidet Fräulein Schweig¬
1980 3239 3008 3306 hofer mit Ende des Spieljahres aus dem Verbande des
1973 3295 2445 3357 Deutschen Volkstheaters.
2084 3324 2995 3399 * Heute Abends halb 8 Uhr findet im Bösendorfer¬
1978 3400 3011 3446 Saale der dritte Kammermusikabend des Hellmes¬
1968 3411 3014 3500 berger=Quartetts unter Mitwirkung des Kammer¬
1975 3485 2640 3557 oirtuosen Alfred Grünfeld statt.
2107 3532 3017 3592 Anton Dworzak trifft heute in Wien ein, um
2926 3580 3008 3623 im
1980 3574 2927 3642 der Aufführung seiner Composition „Das Heldenlied“
1986 3615 3018 3669 nächsten philharmonischen Coneerte am Sonntag bei¬
1984 3666 2184 3726 zuwohnen.
2112 3674 3007 3767 Aus Berlin wird uns telegraphirt: Der
1981 3749 3007 3807 Kaiser empfing gestern in Potsdam den Componisten
1980 3803 2814 3856 des „Esangelimann“ Dr. Wilhelm Kienzl.
2110 3839 3025 3899 Aus Köln wird uns telegraphirt: Die Erst¬
1984 3898 3033 3953 aufführung des zweiactigen Schauspiels „Das Recht¬
1990 3924 3031 4010 des Herzens“, von Possart, errang heute an der!
1988 3990 3014 4057 Kölner Bühne vollen Erfolg. Possart war anwesend und
1988 4042 2637 4111 vurde mehrmals stürmisch gerufen.—
