3392 4352
203 214 601 305 9. 3. Der
453 197 1281 315 gruene Kakadu
1189 271 1257 322 mane
730 266 1066 330 —
1401 202 1855 308 box 14/8
1707 599 2949 695 I. H—r. Lobe=Theater. Nachdem in der Matinée der Freien
1642 675 2934 751 Litterarischen Vereinigung am Sonntag bereits „Der grüne Kakadu“ von
1652 725 2929 793 den Kräften der Vereinigten Bühnen mit starkem Erfolge zur Darstellung
1660 774 2936 827 gebracht wor, wurden am Mittwoch Abend im Lobe=Theater vor dem
1660 814 2933 888 „Grünen Kaladu“ auch die beiden änderen Schnitzlerschen Einakter „Para¬
1659 873 2939 927 celsus" und „Die Gefährtin“ vorgeführt. Schnitzler hal davon Abstand
1669 921 2936 981 genommen, die drei für einen Abend bestimmten Einakter mit einem
1663 954 2934 1027 Sammeltitel zu versehen, wie etwa Sudermann in „Morituri“ oder Hart¬
1667 1003 2948 1078 leben in „Die Befreiten.“ Aber er hat die geistige Zusammengehörigkeit
1657 1057 2944 1117 der drei Werke kurz und treffend durch das Motto gekennzeichnet, das er
1660 1091 2937 1156 der Buchausgabe voranstellte: „Wir spielen immer; wer es weiß, ist klug“
1673 1136 2945 1207 Vielleicht hätte er seine Absicht, faßt möchte ich sagen die Tendenz, noch
1671 1191 2943 1265 klarer ausgedrückt, wenn er den Sotz im Zusammenhange abgedruckt hätte,
1648 1249 2244 1334 in dem ihn Parotelsus spricht:
1919 1270 2704 1346 Es fließen in einander Traum und Wachen,
1913 1337 2704 1385 Wahrheit und Lüge. Sicherheit ist nirgends.
1907 1376 2709 1437 Wir wissen nichts von Andera, nichts von uns.
1911 1408 2669 1477 Wir spielen immer,##wiß ist klug.
1718 1453 2947 1515 Vielleicht auch hätte eine andere Stelle aus dem Paracelsus die Idee
1672 1494 2952 1568 aller drei Stücke noch klarer ausgedrückt: „Mehr als die Wahrheit, die da
1672 1546 2957 1613 war und sein wird, ist Wahn, der ist. . ..“ Alle drei Stücke sind
1668 1592 2952 1665 Glossen zu demselben Thema: die ganze Welt, die Menschen und Dinge um
1677 1638 2963 1703 uns sind für uns nur das, was wir von ihnen wähnen. Schnigler hat in
1675 1688 2952 1746 den drei Stücken die drei Fälle entweder auf Grund absichtlscher Be¬
1682 1736 2957 1803 rechnung und Konstruktion oder nur auf Grund dichterischer Inspiration
1585 1764 1676 1838 Für.
1671 1779 2958 1847 gesondert behandelt, denen am ehesten sich Schein und Wahrheit, Traum
1685 1834 2952 1899 und Wirklichkeit verwischen. In der „Gefährtin“ handelt es sich um eine
1681 1866 2968 1947 Tragödie der Autosuggestion, um den Wahn, in dem ein Mann
1681 1921 2973 1991 sich das Bild seiner treulosen Gattin bis zu ihrem Tode als das einer
1683 1940 3027 2039 Märtyrerin ihrer Liebe konstruirt. Im „Paracelsus“ wird die ganz fla¬
1694 2004 3033 2079 moderne Form der Suggestion in der Hypnose, um etwa vier Jahr¬en
1594 2033 1674 2080 Abe
1589 2074 1680 2131 Ab
1684 2067 2954 2117 hunderte zurückgeschraubt, in den Mittelpunkt der Handlung gestellt. Der
1674 2107 2956 2179 berühmteste Charlatan Theophrastus Bombastus Paracelsus zeigt einem
1689 2153 2968 2225 biedert., prahlsichtigen, philiströs stolzen Baseler Waffenschmied, auf wie
1685 2204 2955 2281 schwachen Füßen sein Glauben an die Wirklichkeit eines felsenfesten Glückes
1681 2257 2958 2322 steht, er zeigt ihm, daß ein Traum oft mehr Wahrheii enthält, als wir uns
1682 2306 2962 2363 in Wahrheit träumen lassen. Im „Grünen Kakadu“, find es bereits eine
1686 2370 2973 2414 Art Wahnvorstellungen fieberhaft erregter Geister, die die Grenzen
1688 2408 2975 2461 zwischen Sein und Schein, zwischen Spiel und Leben verwischen. Die
1679 2437 2965 2512 beiden anderen Einatier reichen an die dichterische Bedeutung und dra¬
1692 2497 2980 2559 matische Wirksamkeit des grünen Nakadu nicht heran, wenn sie auch ihre
2379 2535 2415 2571 r“
1689 2542 2977 2598 eigenen hohen Reize haben. In der „Gefahrtin“ bewundern wir die seinen
1691 2570 2978 2634 intime Kunst, mit der uns die treulose Dahingeschiedene greifbar deutlich
1693 2619 2977 2687 in ihrem seltsamen Liebeswesen vor die Augen gezaubert wird. Im „Para¬
1691 2661 2982 2734 celsus“ bewundern wir die elegante Gewandheit, mit der der Dichter mit
1694 2713 2976 2786 Worten und Gedanken spielt; es erschient fast selbstverständlich, daß
1697 2764 2981 2840 der Dichter für diese Gedankenspielerei die Versform gewählt hat, diel
1698 2803 2977 2874 alles glitzernder, zierlicher erscheinen läßt. Leider verpuffte grade
1692 2860 2952 2929 im „Paracelsus“ manches Schöne durch die Darstellung. Die feine Zu¬
1686 2901 2975 2970 spitzung des Kontrastes zwischen Körper und Geist, zwischen dem stolzen,
1698 2951 2982 3017 stattlichen gefesteten Waffenschmied mit seiner fast brutalen strotzenden
1693 2998 2968 3062 Kraft und Gesundheit und dem hypnotisirenden Arzt, der durch die dämo¬
1701 3051 2964 3135 nische Kraft seines Geistes alle anderen Geister unterjocht und und in
1700 3092 2976 3165 einem Kampfe stets Sieger bleiben wird, sobald er es selbst nur ernstlich
1697 3144 2968 3207 will. Herr Lehrmann gab den Cyprian doch zu sehr als gutmüthigen
1701 3189 2975 3255 Prahlhans, als daß es für einen Paracelsus sehr der Mühe hätte lohnen
1699 3238 2978 3295 können, ihn seine Macht fühlen zu lassen. Und nun erst der Paracelsus
1686 3281 2980 3358 des Herrn Höfer. Das war ein schnurriges Gemisch von Basilio aus
1701 3335 2968 3402 dem „Figaro“ und einem civilisirten Mephisto. Herr Höfer ließ sich als
1706 3391 2974 3453 gebildeter Mann vermuthlich durch die historische Auffassung des Paracelsus
1700 3422 2972 3496 als eines kecken Gauklers und prahlerischen Charlatans beirren. In dem
1701 3480 2971 3548 Schnitzlerschen Stücke ist der berühmte Mann aber einer von den wirklick
1708 3520 2981 3594 Großen im Reiche des Geistes; wie ein Sturmwind kommt er, der die
1694 3571 2977 3633 Thore der Seelen für einen Augenblick aufreißt und jeden einen Blick hinein¬
1705 3620 2972 3694 thun läßt in diese sonst verschlossenen Regionen. Die weibliche Hauptrolle
1707 3686 2972 3734 die Justina, war bei Fräulein Gabri gut aufgehoben; Fräuleir
1701 3707 2974 3784 Jurberg sekundirte ihr als Caecilia gleichfalls ganz gut, wenn auch di
1711 3756 2968 3828 offizielle Backfischdarstellerin hier wohl besser am Platze gewesen wär
1703 3809 2974 3870 Herr Träger gab den Junker Anselm mit gutem Anstand und warmer
1710 3875 2963 3932 Ton. — Die Darstellung der „Gefährtin“ war einheitlicher in der Stim
1707 3920 2967 3967 mung. Herr Johow gab den armen Professor, der erst nach dem Tod
1705 3946 2974 4024 der Frau Klarheit gewinnt, wie unendlich fern sie ihm gestanden, di
1713 3996 2966 4074 „zufällig in seinem Hause gestorben“ in vornehmer Zurückhaltung un
1714 4065 2980 4111 männlichem Selbstbewußtsein. Die kleinen Rollen wurden durch Fräulei
1714 4109 2980 4164 Gabri und Herrn Lettinger gut durchgeführt. Wenn trotz der Fein
2287 4124 2983 4213 lgemeinen stimmungsvollen Darstellung
