3436 4224
727 174 1323 250 ruene Kakadu
238 172 1317 277 9.3. Der
834 1003 1385 1082 dn nddtischen
374 1067 1382 1127 Beamten Gelegenheit zur Erholung im Freien zu
375 1112 632 1172 gewähren.
361 1208 1384 1270 hätte manches anders durchdacht und wieder¬
375 1252 1385 1314 gegeben gewünscht. Alles in allem aber war es
377 1279 1392 1348 eine vorzügliche Darstellung, deren Höhepunkt
363 1335 1386 1383 die geistvoll erfaßte und pointenreich gesprochene
364 1383 1384 1444 Rede an die Bürger war. Die Kritik schließt sich
365 1428 1380 1482 gern dem Beifall des Publikums an, der am
392 1467 1395 1523 Schiusse gar nicht zum Schweigen zu bringen war
365 1513 1392 1559 und etwas besonders Herzliches hatte. Mit un¬
372 1548 1386 1606 freiwilliger Komik allerdings wirkten die reichen
380 1606 1388 1653 Lobeerkränze und duftenden Ovationen in der
374 1642 1385 1693 Stube des „Volksfeindes“, in der noch die Steine
367 1693 1390 1749 lagen, mit denen man ihm die Fenster eingewor¬
365 1726 1387 1785 fen. — Die übrigen Darsteller trugen das Ihrige
374 1768 1390 1835 redlich dazu bei, die Aufführung des Dramas
377 1814 1381 1869 würdig und eindrucksvoll zu gestalten. Vor allem
369 1858 1385 1916 sind rühmend zu erwähnen die Herren Eber¬
370 1909 1383 1960 hardt als Niels Worse, Ernesti, Rohde,
380 1950 1383 2001 Winter, welche die jammervollen Redakteure
373 1994 1381 2053 und Buchdrucker des „Volksboten“ die ihren
371 2018 1393 2094 Mantel nach jedem Windhauch richten, lebens¬
374 2077 1392 2138 wahr und jeder Uebertreibung fern gestalteten,
366 2126 1379 2175 Frau v. Weber, die wiederum diskret und
366 2175 1391 2228 barum wirkungsvoll die nicht ganz wahrscheinliche
379 2213 1385 2269 Gattin Stockmanns gab, und Fräulein Wag¬
369 2255 1385 2301 ner, der die tapfere und gerade Tochter Petra,
370 2301 1382 2357 die Geistesverwandte Lona Hessels, besonders
372 2344 1380 2409 lag. Die Bürgerszené war ausgezeichnet ein¬
378 2388 620 2459 studiert.
415 2409 1389 2489 Warum nur schickte man vor dem „Volksfeind“
381 2471 1391 2541 noch Schnitzlers „Grünen Kakadu“ voraus? Um
368 2512 1385 2577 uns literarisch zu belehren, an einem praktischen
375 2566 1387 2620 Exempel uns den Unterschied zwischen theatra¬
371 2601 1386 2660 lisch geschickter Mache und wahrer, pachender
371 2648 1392 2706 dramatischer Kunst zu zeigen? Soll ich über die
377 2700 1390 2751 Darstellung auch dieser effekthaschenden Groteske
375 2737 1397 2792 als gewissenhafter Referent etwas sagen, so sei
368 2784 1400 2839 es dies: Sie war in ihren Einzelleistungen gut,
374 2822 1394 2872 im ganzen aber zu schleppend, um die beabsich¬
372 2867 1394 2918 tigte Wirkung hervorzubringen. Herr Robert
374 2913 1391 2974 gab seinen unwahren Henri gut, manche Dar¬
371 2950 1388 3021 steller ließen witzige Pointen im undeutlichen
380 2994 1395 3071 Sprechen untergehen; am deutlichsten und ver¬
380 3048 1128 3122 ständlichsten sprach der Souffleur.
1443 177 1883 267 box 15/4
1405 1041 2738 1110 gibt der Gesangverein „Melodia“ unter Leitung des ##### zu ung
2420 1058 3360 1144 führt. Wie diehies#ten Plätter berichten, ndd
1409 1076 2403 1131 Herrn Musikdirektor Brandstäter sein Winter¬
2420 1118 3294 1159 Unterhandlungendietzt abgebrochen worden.
1956 1117 2414 1175 Das Programm weist
1400 1127 1965 1168 konzert im „Danziger Hof“.
2425 1152 3365 1210 seiten der Stadt wi die Frage eingehend geprü
1408 1167 2401 1215 außer einer Reihe von Männerchören mehrere Lieder¬
2412 1187 3376 1240 worden, ob man ein eig##es#städtisches Elektrizität
1408 1201 2408 1248 vorträge von Irl. Ruckstinath auf. Herr Köster
2414 1229 3366 1280 werk errichten oder das sehige Werk, das von de
1398 1240 2401 1294 vom hiesigen Stadttheater wird ein größeres Konzert¬
2415 1272 3374 1314 Berliner Gesellschaft für elektrische Unternehmunge
1409 1277 2409 1326 stück für Flöte vortragen; Männerchöre von Fischer,
2409 1304 3371 1352 gegründet ist, anhaufen soll. Die städtische Verwaltun
1398 1318 2411 1366 Joetze, Jüngst. Stange werden das Konzert einleiten,
2422 1352 3369 1393 hatte eine engere technische Kommission, bestehend au
1407 1355 2400 1410 während verschiedene Lieder im Volhston den Schluß
2423 1389 3366 1438 Elbinger Ingenieuren und Elektrotechnikern, und ein
1404 1394 1569 1462 bilden.
2412 1423 3369 1473 weitere Kommission von Stadtverordneten mit diese
1432 1429 2406 1492 m. [Nordöstliche Baugewerko = Berufsgenossen¬
2413 1470 3375 1514 Aufgabe betraut. Beibe Kommissionen waren de
1400 1466 2401 1529 schaft.] Die anrechnungsfähigen Löhne und Gehälter
2415 1498 3372 1546 übereinstimmenden Ansicht, daß der geforderte Prei
1391 1518 2406 1575 sind bei der Nordöstlichen Baugewerks-Berufsgenossen¬
2409 1538 3376 1599 von 1½ Millionen Mark viel zu hoch sei und daß ma
1393 1562 2408 1612 schaft (Sektion IV, Provinz Westpreußen) im Jahre
2422 1578 3381 1636 dafür ein modernes, doppelt so großes neues Wer
1405 1597 2410 1653 1906 auf 238 262 259 Mark, das ist 20 604 330 Mark
2415 1623 3370 1670 haben könne. Die Stadt Elbing beabsichtigt nunmeh
1405 1637 2403 1688 mehr gegen das Jahr 1905, gestiegen. Dagegen sind
2419 1660 3373 1726 auf dem Gelände der Klärstation ein eigenes Wer
1408 1672 2408 1735 die Beiträge in allen Sektionen niedriger geworden.
2410 1697 2667 1751 zu errichten.
1407 1708 2415 1766 In Westpreußen stellt sich der Beitrag für 1906 auf
2447 1710 3353 1777 A. Königsberg, 24. April. Auf ders 30.—##
1407 1760 2402 1804 100 Lohnmark für Maurer, Zimmerer und Bau¬
2410 1768 3367 1821 vieh-Ausstellung und Kuktion der „Oslpreußisch
1406 1790 2399 1839 geschäfte auf 2,27 Mk. gegen 2,38 Mh. im Jahre 1905;
2423 1812 3365 1860 Holländer Herdbuchgesellschaft“ war die Nachfrag
1400 1829 2407 1886 für Ofenseher auf 0,68 Mk. gegen 0,72 Mk.; für
2419 1843 3371 1897 recht lebhaft. Die Auktion weiblicher Tiere wurde
1400 1873 2411 1927 Maler auf 0,91 Mk. gegen 0,95 Mk.; für Klempner auf
2419 1896 3381 1938 3 Stunden beendigt. Verkauft wurden 125 tragen
1403 1901 2413 1957 1,36 Mh., gegen 1.43 Mk.; für Dachdecker auf 4.54
2420 1924 3384 1992 Sterken zu dem sehr guten Durchschnittspreise v#
1394 1954 2405 2002 Mark gegen 4,76 Mh. Der Stand der Umlage für
2425 1967 3343 2012 414,80 Mark pro Stück. Der höchste Preis, der
1406 1985 2414 2040 das Jahr 1906 hat sich überaus günstig gestaltet, ein¬
2413 2004 3317 2060 zahlt wurde, betrug 680 Mark, der niedrigste
1399 2022 2412 2080 mal infolge der Lohnsteigerung und ferner, weil die
2412 2046 3267 2092 295 Mark. Der Gesamterlös belief sich auf 552
1393 2067 2403 2111 Organe der Berufsgenossenschaften bemüht waren, die
2415 2093 3227 2139 Morgen findet die Versteigerung der Bullen
1402 2104 2407 2148 schweren Lasten der Unfallversicherung durch Sparsam¬
2452 2121 3242 2169 In Verfolg eines vom Zentralverband des
1403 2145 2406 2191 keit auf allen Gebieten, durch strenge Ueberwachung
2414 2158 3259 2221 Deutscher Tischlerinnungen gefaßten Beschluff
1406 2183 2404 2234 der Bauausführungen und Umsicht bei Einziehung der
2414 2192 3371 2251 auch der Arbeitgeberschutzverband im Königsberg
1401 2223 2264 2272 Jorderungen nach Möglichkeit zu erleichtern.
2420 2240 3353 2288 Tischlergewerbe gegen die Maifeier einstimmig
1486 2237 2402 2300 (Personalien bei der Justiz.] Dem Gerichts¬
2416 2280 3370 2327 schlossen, nicht nur alle Gesellen, die am 1. Mai feie
1406 2293 2399 2346 assessor Kurt Würh aus Westpreußen, zurzeit in
2417 2316 3330 2362 sollten, auf 3 Tage auszusperren, sondern bis
1398 2342 2408 2386 Tientsin, ist die nachgesuchte Entlassung aus dem Justiz¬
2419 2354 3366 2403 15. Mai überhaupt keinen nach dem 1. Mai entlassen
1404 2375 2407 2418 dienste erteilt. Der Amtsgerichtsassistent Paul Liß in
2411 2395 3377 2446 Gesellen einzustellen, falls am I. Mai im Königsberg#
1407 2418 2407 2476 Danzig ist zum Sekretär bei dem Amtsgericht in Christ¬
2419 2430 3315 2474 Tischlergewerbe irgendwie gefeiert werden sollte.
1401 2450 1695 2507 burg ernannt.
1432 2474 2403 2548 Eg. [Zirkusvorstellung.] Zu der gestrigen Nach¬
2512 2500 3334 2591 Prinzessin und Kammexfkau.
1407 2522 2415 2590 mittagsvorstellung hatte Herr Direktor Henry den
1404 2566 2417 2622 Schülern der hiesigen Taubstummenschule freien Ein¬
2547 2557 3293 2635 Aus den Geheimnissen des Hofiebens.
1402 2601 2414 2654 tritt gewährt. Die Darbietungen erregten bei den
2755 2612 3085 2685 (Zweiter Tag.)
1408 2649 2406 2693 Kindern freudige Teilnahme, besonders wollte bei der
2860 2643 3378 2723 S u. H.Berlin, 24. Aprit.
1405 2670 2425 2750 Pantomime „Zirkus unter Wasser“ der Juhel gar
2445 2705 3373 2763 Auch zu der heutigen zweiten Sitzung im Milewsk
1402 2722 1785 2777 kein Ende nehmen.
2426 2756 3369 2819 Prozeß war der Andrang des Publikums sehr stat
1488 2747 2407 2821 [Schwurgericht.] Heute hatte sich das Dienst¬
2427 2796 3372 2841 Vor Eintritt in die Verhandlung bemerkte die #n
1416 2802 2412 2853 mädchen Marie Milbrodt aus Potsdam wegen
2424 2834 3357 2890 klagte: Der Vorsitzende habe gestern so großen W
1404 2847 2415 2891 Meineides zu verantworten. Der Meineid soll vor
2422 2865 3375 2933 auf die Feststellung der Tatsache gelegt, daß sie sich v
1402 2876 2412 2931 dem Amtsgericht in Dirschau in einem Zivilprozeß ge¬
2423 2906 3373 2960 12 oder 13 Jahren in einem Tanzkursus als „Frei
1411 2905 2416 2965 leistet worden sein, den die Angeklagte gegen ihren
2419 2950 3361 2998 und „Baronesse“ ausgegeben habe. Sie beantrage
1414 2957 2419 3016 früheren Dienstherrn, den Gutsbesitzer Emil Kübler
2420 2988 3367 3038 ber die sofortige=Ladung ihres damaligen Tanzmeisie
1406 2989 2423 3054 in Rukoschin, wegen einer angeblich nicht in voller
2420 3022 3368 3080 Meißner, der „bekunden werde, daß davon keine R#
1400 3034 2412 3085 Höhe erhaltenen Lohnforderung führte. Die Sache
1408 3051 3368 3140 wurde jedoch wegen weiterer Beweiserhebung vertagt.1 sei und daß sie weder diesem Jeugen noch seinen Sc
