3484 4256
1194 240 1250 304 K
2125 225 2604 322 box 15/5
365 231 1988 353 9.4. Der gruene Kakadu  Zukius
1050 807 1377 897 EXTRAPOST
1977 819 2321 911 6. März 1899
2822 833 3049 923 Seite 5
383 970 3105 1062 der: Während Schlufs=Passacaglia seiner Symphonie. Aber wie ist dieserl wonnen haben, es nicht mehr ernst zu nehmen. Der
397 1033 3093 1116 zen Schluss junge Künstler, beiweitem das stärkste, blendendste, kosmo=[„thierische Ernst“, das ist das Spassigste
424 1088 3093 1160 Theile der politischeste musikalische Talent der jungen Wiener Musiker, am Menschen. Hinter die Sachen kommen, über
408 1144 3100 1210 iselben den über seinen Meister Herr geworden. Wie hat er alle modernen die Sachen kommen, von den Sachen wegkommen,
425 1179 1876 1239 wunderung Musikelemente verdaut und aus ihnen seine Nahrung gezogen!
1863 1175 3103 1257 das ist es!! Die unendlichen Variationen dieses Stückes
424 1230 1876 1283 enschen. Er ist eine der glücklichsten musikalischen Naturen, die ich
1877 1235 3087 1299 „Selbsterhaltungstrieb“ und „Glückseligkeitsbedürfnis“ er¬
419 1279 1863 1332 angegebene kenne. Durchaus nobel, frei in der Herrschaft über das
1875 1281 3102 1347 kennen und sich dieses ewige Drama, dieses
658 1314 1865 1383 Orchester, welches er prachtvoll zum Klingen bringt. Von
408 1323 665 1386 chen Visite
1863 1340 3080 1403 [„Meisterwerk der Nerven“ ununterbrochen vor¬
657 1373 1864 1432 neueren Compositionen hat mich keine in ein solches Erstaunen
416 1370 663 1434 mahme der
1863 1382 3097 1454 spielen lassen, von sich selbst und von den Anderen! Und
436 1412 1874 1479 angesehen. gesetzt, wie der Schlusssatz seiner Symphonie. Eine freie, grad¬
1864 1420 3101 1499 immer klatschen. Und immer weinen. Und immer in
422 1467 1861 1527 er Agencia taktige Passacaglia, welche über ein sehr energisches, kräftiges
1870 1480 3094 1557 ungeheures Lachen ausbrechen! Gehet hin und schauet,
424 1519 1876 1588 es Papstes Bassthema eine Reihe von prachtvollen Variationen bringt und
1874 1526 3098 1624 wie nahe Leben und Komödie sich berühren im „grünen
655 1559 1872 1622 am Schlusse noch Themen des ersten Satzes hineinwirst: ein
414 1563 663 1637 esung als
1871 1577 2551 1649 Kakadu“ von Arthur Schnitzler.
659 1608 1882 1672 Beweis müheloser Fruchtbarkeit an musikalischen Einfällen und
443 1615 669 1692 —3 Tagen
1966 1611 3095 1687 Ich sage, gehet hin zu diesem Zwecke allein, aber
652 1653 1694 1729 größter Meisterschaft im rythmischen Zusammenfalten.
1865 1662 3095 1739 nicht um Euch besonders zu amüsiren. Denn das Stück
755 1711 1865 1778 Ihrem inneren Werte entsprechend, hat die Symphonie
1875 1722 3098 1792 ist ziemlich fade und die glänzende Idee, auf welche der
653 1751 1870 1831 von Gound eine ehrenvoll=wohlwollende Aufnahme, jene von
1869 1771 3096 1849 Verfasser bei sich selbst hineingefallen ist, hätte fast eines
663 1806 1537 1885 Zemlinszky begeisterte Anerkennung gefunden.
1649 1807 1838 1889 M. G.
399 1815 659 1895 rrath war
1853 1816 3094 1893 Shakespeare bedurft, geboren zu werden in's lebendige
1846 1867 2512 1939 Leben der Bühne. Wirklich
414 1871 662 1935 te neuerlich
2501 1879 3096 1942 vollkommen und tadellos
418 1907 673 1991 sonalfragen
1848 1931 3088 1996 waren in diesem Stücke nur vier Arme. Zwei gehörten
451 1972 673 2036 Marine¬
1871 1968 3098 2061 dem Fräulein Ansion, zwei dem Fräulein Häberle.
1009 1949 1501 2055 Bungtheater.
419 2016 662 2090 lando des
2484 2022 3039 2115 Peter Altenberg.
749 2020 1778 2119 [Drei Einacter von Arthur Schnitzler.]
416 2067 668 2141 s Marine¬
769 2088 1885 2179 Parazelsus, der berühmte Arzt, welcher die
417 2111 674 2196 den soll.
1969 2122 3094 2233 (Professor Simandl.) Der Vorstand des Vereines
660 2140 1870 2218 anderen in Erstaunen setzte durch sein Wissen, ist nichts
1871 2188 3088 2268 „Harmonie“ in Dresden, Hofrath Dr. Hofmann, lud
652 2207 1866 2269 anderes als der vorgeschrittene, dem stupiden bürgerlichen
411 2214 660 2275 präsidenten
1875 2245 3091 2312 Professor Simandl ein, in dem zweiten großen Orchester¬
653 2243 1863 2320 Dasein entwachsene Mann, welcher, über den Dingen des
418 2265 653 2332 n Cabinete
1859 2293 3089 2365 concerte am 7. d. M. das Händelsche Concert mit Streich¬
661 2298 1874 2364 Lebens und der Seele stehend und außerhalb, in
405 2318 662 2399 ützung zur
653 2337 3103 2432 Folge dessen ein sicherer Erkenner, ein milder gütiger orchester, sowie einige Virtuosenstücke mit Clavierbegleitung zu
1857 2390 2034 2471 spielen.
651 2395 1868 2463 Beurtheiler, ein Arzt der kranken Seelen werden kann.
402 2402 655 2505 en Kund¬
657 2441 1881 2516 Er sieht im Hause seines Gastgebers in Basel die Frau
1944 2437 3094 2533 (Aristokratische Wohlthätigkeits=Vorstellung.)
644 2479 1871 2568 desselben und einen schönen ritterlichen Jüngling. Im
1862 2489 3089 2562 Am 19., 20. und 21. d. M. finden im Palais des Ministeriums
434 2537 1862 2601 Journale Augenblicke spürt er das Natur=Nothwendige und Unent¬
1862 2558 3082 2622 des Aeußern zugunsten der Heilanstalt „Alland"“ Theater¬
409 2587 541 2668 mnet.
653 2603 3089 2682 rinnbare der Seele, das ungeborene Sein der Liebe vorstellungen statt, welche durch die in denselben mitwirkenden
417 2635 1482 2710 sich gestern zwischen dem Jüngling und der Frau.
2808 2664 3088 2741 Aufführung
1842 2642 2729 2744 Personen besonderes Interesse gemi
769 2698 2090 2788 In feiner ansprechender Art wird nun dem in gelangen:
407 2698 667 2763 it Rücksicht
3037 2717 3096 2789 □
665 2741 2080 2821 Sicherheiten dahinprotzenden Gatten durch Parazelsus ein Henriette
401 2744 667 2812 und in den
665 2791 2124 2864 Einblick in das complicirte, vielfältige und überzarte Kantacs
404 2793 663 2870 egung der
661 2838 2117 2920 Seelen=Weben einer Frau gewährt, welches nicht mit der vor der 2#
440 2845 668 2923 Truppen¬
657 2892 2130 2967 Gatten=Liebe anzufangen pflegt und nicht zu enden, wol Fr. v. Nes
668 2936 2109 3017 aber durch einen weisen, gütigen und milde beobachtenden Eugen Ge
409 2936 666 3026 schloss, die
669 2988 2121 3071 Herren sanft geleitet und zu festerem Frieden gebracht Gräfin Tir
439 2999 650 3067 Minister¬
667 3046 2096 3125 werden könnte. Das Ganze ist ein hübscher feiner Vor= Comtessen
403 3047 655 3115 r, er habe
664 3090 1864 3152 wurf, ansprechend durchgeführt. Gespielt wurde er ziem¬
411 3097 663 3178 eshalb von
1857 3104 2124 3171 und Augun
657 3141 1870 3201 lich uninteressant. Herr Krastel war gut. Frln. Häberle
1861 3141 2128 3229 Grafen Fr¬¬
656 3184 1862 3242 war sehr lieb. Sie ist immer sehr lieb und anziehend.
417 3188 666 3276 mt doch
1870 3199 2105 3263 Herren v.
759 3243 2113 3295 Ueberhaupt, zu diesem zarten Stücke: Paracelsus Abschluss de
635 3284 2087 3362 könnte man noch folgende Bemerkung machen: Männer, von Graf:
646 3336 2115 3411 Brutale, wachet auf! Werdet Hell=Sichtige! Nicht um die der Hochar
643 3386 2101 3442 läußeren Dramen“ handelt es sich im Leben der Prinzessin
427 3431 1869 3499 rest nach edlen Frauen, sondern um die „inneren ver¬
1852 3431 2136 3523 Friedris
409 3481 2133 3536 ih zwischenschwiegenen Dramen“ ihrer süßen milden Seelen. Abende un
423 3526 1864 3587 isender Nicht das „Geschehnis“, welchem Ihr beikommen
1870 3543 2113 3605 von morge
432 3572 664 3649 Personen,
658 3580 1861 3658 könnt, das „Ungeschehnis“ dieser Seelen ermordet
1870 3583 2133 3667 entgegengen¬
655 3613 1149 3690 Euer Glück, Männer!
421 3621 663 3679 en wurde
1863 3638 2129 3710 für den 20
437 3660 662 3728 ediensteten
772 3648 1878 3735 Ihr aber sagt: „Entschuldigen Sie vielmals,
439 3709 655 3795 Passagiere
658 3705 1871 3785 Parazelsus, die „inneren Tragödieen“ meiner Frau geniren
648 3762 1714 3841 mich nicht; wenn sie nur nach außen hin kuscht!“
755 3807 1894 3881 Die Gefährtin. Ein einfaches Schicksal: Ein
455 3803 668 3888 nds nach
657 3847 1887 3930 Gatte steht an der Bahre einer Gattin, welche er längst
495 3874 655 3935 gerieth
665 3913 1875 3981 verloren hatte, an einen Anderen. Der „Weisheits=reiche“
457 3920 656 3982 losion
660 3959 1886 4011 des Lebens rechtet nicht, er erkennt, erspart seinen
479 3969 658 4034 Sechs
652 4010 1875 4077 Kräften das Kämpfen gegen die Unabwendbarkeiten der
474 4018 665 4081 sechzehn
2022 3986 2104 4082 750
665 4056 1881 4120 Seele, er erspart ihr die sicheren Niederlagen und die
478 4069 666 4143 in das
658 4096 1868 4165 schwächenden entmannenden Verzweiflungen. So überlässt
2763 4119 3150 4214 ume
2085 4123 2503 4218 eun
648 4150 1867 4210 dieser „Arbeiter im Leben“, er ist Professor, seine Frau
3228 4118 3337 4211 d
