3392 4352
1000 207 1291 278 Kakadu
1443 212 1902 299 box 14/8
241 207 1322 322 9.3. Der fruene nanaun
2292 963 2701 1038 Telefon 12801.
861 975 1275 1043 Telefon 12801.
1977 1060 3014 1147 Unternehmen für Zeitungs-Aussehnitte.
557 1070 1595 1161 Unternehmen für Zeitungs-Ausschnitte.
2871 1108 3073 1189 Ausschaftt
1442 1118 1640 1207 Ausschnltt
2150 1134 3184 1292 „OBSERVER“ Nr. 81
722 1137 1728 1300 „OBSERVER“ Nr. 70
328 1285 3235 1351 L österr. behördl. conc. Bureau für Zeitungsberichte u. Personalnachrie L. österr. behördl. conc. Bureat für Zeitungsberichte u. Personalnachrichten
1815 1352 3065 1469 74 Wien, IX/1. Türkenstrasse 17.
508 1364 1628 1447 Wien, IX/1. Türkenstrasse 17.
407 1405 612 1495 109
2169 1417 2898 1514 Filiale in Budapest: „Pigyelé“ —
679 1428 1411 1514 — Filiale in Budapest: „Figyelé“ -
1837 1484 3155 1592 Vertretungen in Borlin, Chicago, London, Newyork, Paris, Stockholm.
422 1508 1714 1572 Vertretungen in Berlin, Chicago, London, Newyork, Paris, Stockholm.
1770 1488 3310 1717 . — Oesteen-taerte
346 1636 892 1719 Ausschnitt aus:
961 1642 1297 1740 Bu
1372 1596 1687 1765 Sebian
637 1697 903 1861 222
1773 1730 2344 1855 ##1 /70
2560 1673 3282 1844 # chlen
341 1791 685 1876 von
393 1991 461 2056 —
514 2034 1656 2094 P. Im Deutschen Theater wirkte gestern die Neu¬
2041 2023 3141 2126 * Das Deutsche Theater hat gestern Abend, bevor es
392 2056 1652 2127 Leinstudirung von Schnitzlers Groteske „Der grüne Kakadu“
1972 2081 3139 2171 Abiens Todte erwachen läßt, noch schnell einige lebenskräftige
400 2099 1666 2172 mit der Frische einer Erstaufführung. Man kennt den Inhalt dieses
1943 2110 3140 2203 (Stücke von früher auferweckt: Max Dreyers freundliches
402 2124 1659 2220 literarischen Effektstücks, das auf dem düsteren Hintergrund einer
1987 2168 3132 2247 Schauspiel „Haus“ und Schuitzlers bunt=herbes Revolu¬
402 2179 1656 2252 Pariser Kellerspelunke das blutrothe Feuer der großen Revolution
1969 2194 3155 2276 tionsstuck „Der grüne Kakadu“, von drei in voriger
406 2211 1660 2292 aufflammen läßt. Die Komödianten, die vor den perversen Blasés
407 2249 1657 2331 der Gesellschaft Verbrecher spielen, der pittoreske Humor der Situation,
1989 2248 3131 2347 Saison gemeinsam geborenen Schnitzlerichen Einaktern der
411 2287 1660 2379 der tragische Schluß, in den die Trommelwirbel der Pikenmänner
1984 2299 3130 2372 glücklichste. Im „Hans“ gaben sich die Damen Dumont,
402 2316 1654 2404 hineintönen, verfehlten auch gestern die Wirkung nicht. Bei der
1987 2338 3129 2383 Sarrow, Pöllnitz und die Herren Nissen, Fischer und Sauer
411 2364 1661 2450 Erstaufführung spielte Kainz mit elementarer Kraft den Star des
1980 2374 3139 2435 wieder mit sichtlicher Freude ihren dankbaren Aufgaben hin
403 2402 1653 2487 „grünen Kakadu“, den Schauspieler Heuri, gestern gab ihn Sommerstorff.
1970 2415 3130 2484 und erzielten die alte schöne, von echter Stimmung gehobene
410 2440 1656 2537 Er hatte die Rolle schwärmerischer angelegt als sein Vorgänger, aber
1977 2443 3137 2514 und durch nichts getrübte Wirkung. Aber auch der Schnitz¬
397 2459 1004 2536 sein Erfolg war kaum geringer.
1974 2491 3127 2554 lersche Einakter zeigte trotz der Neubesetzung der Hauptrollen
452 2515 1647 2593 Eine Meisterleistung war auch der „Grain“ Rudolf Rittners, der
1968 2521 3135 2593 wenig Neues. Die tragische Rolle des Mimen, der vor den
402 2534 1656 2630 den wirklichen Mörder spielt, den man für einen unbeholfenen
1966 2564 3137 2636 vornehmen Kneipengästen den Verbrecher so lange spielt bis
392 2585 1642 2668 Dilettanten hält. Trefflich waren auch Hanns Fischer als Wirth,
1965 2598 3129 2664 die Komödie zum fürchterlichen Ernst wird, diese „Bajazzi"¬
397 2621 1650 2712 Paul Pauli als Schneider Lebrét. Lonise Dumont als Séverine und
1976 2641 3132 2706 Variante, gab an Stelle von Kainz Herr Sommerstorff mit
415 2660 1572 2743 Gisela Schneider als Heuris schöne leichtsinnige Gattin Léocadie.
1971 2677 3131 2760 guter Wirkung, doch ohne neue Momenig in die Darstellungs¬
441 2685 1637 2781 Vorher ging Dreyers Schauspiel „Haus“ in Szene, in dem
1977 2718 3122 2786 art hineinzutragen. Mit geschmackvoller Zurückhaltung für
384 2723 1640 2816 Sauer als norddeutscher Professor und Louise Dumont als seine
1963 2750 3119 2816 den Zartfühlenden, aber darum den ungeschminkten Charakter
388 2770 1637 2851 studentisch=kluge Tochter hervortraten. Ausgezeichnet waren auch ihre
1965 2791 3132 2865 der geschminkten Figur nicht erfüllend, spielte in lieblicher blonder
392 2800 1642 2896 Gegenspieler, die weiche Frauenseele Anna des Fräuleins Sarrow und
1976 2832 3128 2899 Schönbeit Gisela Schneider die Léocadie. Um so besser traf
387 2837 1640 2933 der markige Heine Nissens. Und Hanns Fischer als Großvater Jo¬
1973 2872 3137 2939 Luise Dumont als Marquise in Allem den Ton der extra¬
373 2877 1644 2972 hannes und Luise v. Pöllnitz als Großmutter Jessen boten in ihren
1985 2898 3123 2985 vaganten kleinen Rolle. Hervorragend war die Verbrecher¬
379 2918 1653 3023 beiden alten Leuten=zwei lebenswahre und durch goldenen Humor er¬
1964 2963 3124 3018 gestalt Rittners. Das Publikum erwärmte sich bei dem stillen
374 2944 788 3035 guickende Gestalten.
1976 2990 3118 3058 „Hans“ weit mehr als bei dem geräuschvollen „Kakadu“, von
1960 3025 3138 3075 dem man nun einmal nicht weiß und nie wissen wird, wozu
793 3037 1371 3098 Bezugs-Bedingungen.
1958 3053 3161 3148 er auf der Bretterwelt ist; denn in der „Historie“ bedeutet er ##
337 3094 1259 3162 Für 50 Zeitungsauschnitte (Artikel oder Notizen)
1786 3102 3125 3173 Für 50 iso gut wie nichts, und in der Unterhaltung versagt er aus
1538 3103 1747 3175 inclusire
430 3139 541 3187 100
1877 3133 3119 3215 100 Mangel an Witz und — schließlich auch an echtem Schauder,
1551 3160 1724 3208 Porto.
418 3175 552 3230 200
1882 3172 2407 3251 200 so er „beliebet“ wird.
1382 3181 1520 3238 25.—
1537 3192 1728 3253 Zahlbar
2875 3189 3209 3279 L. Kur. u.
1870 3211 1996 3259 500
414 3209 534 3263 500
1385 3209 1533 3272 55.—
1361 3238 1744 3321 100.— im Voraus
1820 3233 2001 3316 „ 1000
379 3255 562 3313 „ 1000
1908 3282 3254 3349 Im Gegensatze zu anderen Bureaux für Zeitungsausschnitte ist das
470 3310 1723 3370 Im Gegensatze zu anderen Bureaux für Zeitungsausschnifte ist 4
1798 3335 3256 3397 Abonnement durch keine bestimmte Zeitdauer begrenzt; — auch steht es den
387 3334 1729 3404 Abonnement durch keine bestimmte Zeitdauer begrenzt; — auch steht ess
1804 3359 3107 3452 Abonnenten frei die aufgegebenen Themen zu ergänzen oder zu ändern.
324 3373 1670 3441 hnnenten frei die aufgegebenen Themen zu ergänzen oder zu ändern
