3484 4256
635 251 742 316 De
1160 253 1361 318 Kak
2107 231 2570 339 box 15/5
329 226 2065 372 9. 4r prueneJAdH 7VKTuS
1717 1519 3245 1624 . wohr fnuch dem im Volterieden so kurzen Zeitraume eines Quin¬
2006 1610 3243 1671 quenniums vor ein Vacuum zu stellen. Das ungewöhnliche
775 1574 2007 1667 kaum ein Vorwurf treffen. Herr von Szell ist seinem
217 1580 756 1689 hinausging, durfte sich
770 1659 2004 1712 Amtsvorgänger im Wege der Universalsuccession in alle
2008 1655 3249 1717 Prestige, das seine Person umgibt und das ihm auch in dem
229 1671 758 1732 verschiedene Natur der
758 1708 1999 1779 Rechte also auch in die dominirende Stellung Ungarns in
2018 1705 3260 1769 Augenblicke treu zur Seite steht, da er mit fester Hand
189 1722 757 1778 älften täuschen und hiebei
2754 1763 3002 1835 e
2009 1774 2070 1840 —
706 1775 756 1854 *
784 1831 2003 1888 Einzelfällen das Allgemeine demonstriren. Drei Beispiele sind
2013 1821 3250 1899 Boraussetzungen zu bestimmten Zielen führen. Aber daran
2017 1879 3231 1944 sind die Literaten schuld; sie haben aus der Noth eine Un¬
779 1890 1993 1951 es, um uns zu zeigen, wie uns unter den Händen das
202 1864 468 2009 eton.
2008 1940 3244 2006 tugend gemacht. Daß ein echtes Drama auch in einem ein¬
783 1946 2000 2016 wirkliche Leben zerfließt, und wie der Schein zur Wahrheit
2021 1990 3250 2070 zigen Act Platz hat, dessen sind nicht nur die alten Griechen
778 2007 1995 2081 wächst. Einfälle, nicht Gedanken; ihr literarischer Wert be¬
2013 2052 3246 2116 bewundernswerthe Lehrer; „Der zerbrochene Krug“ ist eine
782 2063 2003 2121 ruht im Formalen. Sie verblüffen und verführen, sie können
2023 2115 3246 2180 dramatisch vollkommene Comödie, und auch in Maeterlinks
790 2120 2009 2201 sogar den Geist dauernd beschäftigen; ergreifen können sie
191 2102 399 2214 aier.
2026 2171 3242 2234 und Hoffmannsthals Einactern thut das Schicksal volle, und
790 2188 2002 2256 nicht. Daran fehlt ihnen durchaus das Dramatische. Sie
176 2224 766 2288 m Act. „Die Gefährtin“,
2017 2233 3238 2306 tiefe Athemzüge. Sudermann, mit dessen „Morituri“ die
782 2228 2005 2308 sind, bei aller theatralischen Wirksamkeit zu gut, und fein
188 2285 755 2344 füne Kakadu“, Groteske in
783 2293 1992 2364 und absichtsvoll erzählt, um echte Dramen zu sein. Ein
2026 2293 3238 2367 Schnitzler'schen Acte wohl am nächsten zu vergleichen sind,
190 2323 757 2415 —Erstaufführung am 1. März.)
784 2353 2003 2418 jedes hat seine Pointe; die Pointe aber ist dem wahren
2013 2362 3243 2445 hat im „Teja“ wenigstens versucht, menschliches Schicksal
184 2396 756 2482 in Gemeinplatz, daß Alles,
783 2409 1990 2475 Drama ebenso fremd, als sie der novellistischen Skizze na¬
2009 2408 3236 2499 zu beleuchten, wenn er es auch nicht nachschaffend ent¬
186 2465 762 2545 Leben halten, nur Sinnbild
778 2483 2005 2548 türlich und gemäß ist. Da kann sie sogar psychologisch
2019 2480 3245 2552 wickeln konnte. Freilich, nur stärksten dramatischen Fähig¬
190 2520 767 2599 dem Verständigsten oft un¬
2012 2541 3246 2603 keiten kann sich der Sinn eines Menschenlebens in den Er¬
780 2532 2003 2597 werden. Ihre Natur ist das hinter den Begebenheiten ge¬
176 2580 760 2667 Bweck zwecklos und jede Ge¬
781 2591 2004 2665 heimnißvoll Wirkende, das sich zum Schlusse überraschend ent¬
2014 2582 3244 2668 eignissen einer Stunde offenbaren und nur der unerbitt¬
183 2634 760 2715 iemand kommen kann und
788 2644 1997 2727 hüllt. Die Novelle, deren Absicht doch immer nur die spannende
2028 2644 3242 2740 lichste, dichterische Ernst vermag das Drama dieser Stunde
181 2694 762 2772 Sein in starken Händen, und
2022 2711 2295 2794 zu gestalten.
792 2723 1999 2788 Erzählung ist, kann, wenn sie will, auch diesen Weg gehen.
181 2755 771 2823 entreißen; denn, was ich bin
2128 2752 3239 2842 Stark und rücksichtslos ist aber die Schnitzler'sche
782 2774 2009 2842 Das Drama nie; seine Aufgabe ist die Entwicklung eines
211 2812 759 2890 meine sichere Wirk.ichkeit.“
793 2822 1034 2899 Schicksales.
2022 2832 3238 2900 Dichtung nie gewesen. Das Witzige und Elegante ist seine
201 2867 765 2954 d längst haben Dichter große
896 2862 2005 2957 Im Einacter sei dies nicht gut möglich, wird man
2025 2889 3249 2959 Art, das rücksichtsvoll bedachte und wohlüberlegte. Ihn
191 2935 761 3011 rücken. Entdeckt können diese
782 2945 2003 3019 mir sagen, und der Einacter unterliege darum nicht so ganz
2021 2937 3242 3023 interessirt die Psychologie eines Vorganges weit mehr, als
209 2993 768 3071 und auch dazu ist es zu
780 3011 2003 3083 den dramatischen Gesetzen. Ich gebe zu, in unserer deutschen
2011 2998 3246 3075 die einer Person. So ist er der geborene Erzähler; und
187 3050 762 3137 dzügen klarzulegen. Sie sind
786 3068 2004 3137 Literatur — auch in den anderen — finden sich wenig
2025 3061 3241 3138 alle seine Dramen sind — die „Liebelei“ etwa ausgenommen
196 3104 766 3188 wer uns Neues, im Großen
785 3130 2003 3200 wirkliche Dramen in einem Act. Dialogisirte Witze, mehr
2085 3117 3246 3208 fein zugespitzte Handlungen, deren Perspective mit einer
178 3163 699 3255 hat, mag gehört werden.
2012 3170 3242 3239 eleganten Wendung sie selbst zurück verläuft. So sind
794 3177 1995 3245 oder weniger fein ausgesponnene Gedanken, Anekdoten,
204 3224 773 3316 zu diesem Thema lediglich
777 3240 2001 3317 Belehrungen sind es meist; fast nie Vorgänge dramatischen
2020 3238 3250 3313 auch die drei Einacter keine Dramen geworden, sondern nur
185 3307 2009 3374 den, die an originell erdachten! Stiles, Ereignisse, die mit Nothwendigkeit aus bestimmten
2020 3305 3252 3378 sinnreiche Beispiele zu einem großen Gedanken. Und das
