3392 4320
2200 164 2386 236 110
2050 233 2529 321 box 15/5
282 254 1912 348 9.4. Der-gruene KakaduZukius
1077 1330 2126 1407 Leenlage. und Kaiserthum mobilisirke. Sendem
437 1378 3347 1451 Falsächlich sollen dahingehende Verhandlungen geworden zwischen dem Reich und der Kuric.s keine stößen Schm haben. So kön
485 1442 3348 1492 Zuge sein. Wohl soll nicht eine gänzliche Allein die Regierung hat sich bis nun geweigert,ses geschehen, daß nicht nur die Jesuiten zurü
408 1469 3340 1552 Aufhebung des Jesuitengesetzes, sondern nur in die Aufhebung des Jesnitengesetzes zu wil¬ kehren und die Militärvorlage akzeptirt wird, so
2272 1539 2333 1604 TE
1111 1539 1311 1608 M
1387 1588 3307 1657 sind, auch wenn er es nicht so gewollt haben mag, eine der dünkelhafte Eheherr zu verdanken, daß
730 1590 1222 1678 Burgtheater. 0/6
2395 1626 3345 1677 diesen Schatz von Reinheit und Keuschhe
1405 1640 2406 1687 „Trilogie der weiblichen Treulosigkeit“ geworden, die
402 1627 1422 1709 Drei Cinakter: „Paracelsus“ „Die Gefährtin“, (ohr
1409 1674 2411 1743 trotz ihrer dramatischen Vielgestaltigkeit oder gerade durch
2398 1664 3330 1729 so unbefleckt in seinem Hause bergen darf, nur — d
408 1686 1410 1758 grüne Kakadu“ von Artbur Schnitzler. Zum erstenma'e aus¬
752 1716 1097 1778 geführt am 4. März.
1395 1710 3344 1767 diese den Beweis für die bei Schnitzler zur These ver=glücklichen Zufall. „Wärt Ihr nur eine Nacht noch hi
1401 1759 3350 1828 dichtete Hypothese zu erbringen sucht, daß das Weib zu geblieben, so wären minder schuldlos wir geschieden
484 1734 1413 1824 Drei Einakter desselben Autors an einem Theater¬
413 1796 2398 1857 abend. Unwillkürlich denkt da Jedermann an Suder=jallen Zeiten, unter allen Himmelsstrichen und in allen
2407 1817 3337 1870 ruft die vom Wahrheitszwange beherrschte Justina di
410 1850 2410 1905 mann's „Morituri“. Schnitzler mochte das wohl befürchtet Gesellschaftsklassen „immer dieselbe“ ist, das von der
2403 1854 3332 1901 eben zum Abschiednehmen gekommenen Anselm zu. A
413 1901 2413 1966 haben, und um dem Verdacht der Nachahmung die Natur zur Erhaltung der Art bestimmte und geschaffene
2399 1894 3354 1962 und damit Herr Cyprian gar nicht in Zweifel blei
413 1928 1846 1977 Spitze abzubrechen, hat er es vermieden, den drei Stücken Werkzeug der Untreue.
2385 1931 3340 1990 (wie sehr sein Eheglück eigentlich ein Reiseglück sei, d
1483 1975 3355 2048 Den kräftigsten möchte man sagen, den bosauf der rechtzeitigen Abreise des gefährlichen Drit#
414 1969 1430 2035 durch einen Kollektivtitel den Stempel der Familien¬
1412 2011 3350 2074 haftesten — Ausdruck findet dieser Gedanke in dem an aufgebaut ist, enthüllt die wackere Frau dem Pa##
411 2025 1420 2084 zusammengehörigkeit aufzuprägen. Er hat damit unrecht
413 2073 1411 2126 gethan, einmal, weil er als ein ursprüngliches Talent,
1417 2052 3351 2117 scheinend harmlosesten der Stücke, in „Paracelsus“,scelsus, daß sie in jener Nacht, da er vor dreize
1415 2116 3342 2166 Justina ist ein Muster der Züchtigkeit. Kein Schatten ist Jahren Basel verließ, sich bereit gehalten habe, ih
412 2114 1417 2165 das, wie jeder denkende Künstler sich an fremden Mustern
1410 2161 3341 2216 während der dreizehn Jahre ihres Ehestandes auf ihre Alles freudig hinzugeben. „Wer weiß, wie viele Feu
405 2146 1429 2215 bildet ohne sie nachzubilden, schon hinlänglich gekannt
1418 2198 2412 2258 Gattentreue gefallen. Mit stolzem Anstande sehen wir
2402 2195 3346 2260 in der Stadt allnächtlich offen stehen für Einen, der
414 2192 1423 2259 und geschätzt ist, um so übelwollende Nachrede nicht
2398 2241 3349 2290 nicht kommt!“ In diesen schalkhaften Refrain klingt d
413 2236 2412 2290 fürchten zu müssen, und dann, weil seine Trilogie wirk= sie, zu Beginn des Spieles, die dreisten Liebeswerbungen
407 2282 2411 2347 lich durch ein Band geistiger Gemeinsamkeit verknüpft des Junkers Auselm zurückweisen. Der Waffenschmied
2397 2278 3355 2347 hohe Lied aus, das Arthur Schnitzler mit hübsch
419 2337 3348 2381 ist, viel enger als Sudermann's „Morituri“. Vielleicht Cyprian fühlt sich der Gattin sicher bis zur Dünkel= glatten Versen in dem allerdings etwas zu breit au
406 2370 2416 2425 wußte er das selbst nicht. Fremde haben bekanntlich haftigkeit, und rühmt ihre Treue, als wär' sie sein
2394 2378 3338 2436 gesponnenen Dramolet, der Weibertreue singt. E
416 2413 3355 2468 immer ein schärferes Auge für die Familienähnlichkeit Verdienst gegen den zu Gaste anwesenden Paracelsus größere Sottise ist den anständigen Frauen wohl #
412 2455 2415 2520 zwischen Kindern gleicher Abstammung als der eigene mit absichtlicher Großsprecherei, weiß er doch, daß, eh'
2396 2461 3357 2533 niemals gesagt worden. Was bleibt da für die un
2406 2503 2733 2573 ständigen übrig?
411 2499 2415 2565 Vater. So verschiedenartig auch die drei jüngsten sie sein Weib geworden, Paracelsus sie geliebt habe.
408 2532 2411 2608 Kinder der Schnitzler'schen Muse gerathen sind, „Para=]Da Cyprian auch Rathsherr ist und grobklotzige Raths¬
2463 2528 3341 2605 Wenn der Dichter des „Paracelsus“ die Treue
414 2595 3350 2639 celsus“ ruhig, innig und behaglich; „Die Gefährtin“ herren nicht nur zu Basel und im sechzehnten Jahr= Frauen nur als ein Produkt des Zufalls, die Treulost
411 2643 3350 2697 nervös und hart bis zur Uebertreibung: „Der grüne hundert einen unüberwindlichen Abschen vor Kunst keit aber für ein Naturgesetz gelten lassen will, woh
412 2674 1417 2748 Kakadu“ derb, grel und lärmend bis zur Aus¬
1419 2677 3353 2735 und Wissenschaft hatten, so verhöhnt er den Gast, leitet dann der Dichter der „Gefährtin“, das Re
413 2713 1436 2782 gelassenheit; so unähnlich in Physiognomie und
1417 2721 3351 2786 schilt den Arzt einen Schwindler und fordert ihn ab, über die verstorbene Frau des Professors Pilgre
420 2768 1421 2826 Temperament also die Drei dem flüchtigen
1416 2770 2411 2824 endlich auf, doch hier im Hause eine Probe seiner so
2402 2773 3346 2829 ein so furchtbares Todtengericht zu halten? Hat die 1
1413 2810 3348 2870 marktschreierisch gerühmten Kunst zu geben. Paracelsus sichtbare, die vor wenigen Stunden auf dem Friedh##
421 2805 1420 2869 Beobachter scheinen, so nahe sind sie in Wirklichkeit ein¬
1417 2855 2419 2915 läßt sich das nicht zweimal sagen. Er versenkt Justina!
418 2854 1412 2905 ander verwandt. Namentlich die Frauen, die tragen alle
2399 2849 3354 2911 hinter des Professors Hause in die Erde gebettet wur
414 2896 1426 2947 denselben gemeinsamen Grundzug des Charakters. Die
1409 2899 3362 2961 in einen hypnotischen Schlaf und suggerirt ihr die und die dennoch in dem Stücke die Hauptrolle spi
416 2935 1418 2997 ehrsame Justina, die in dem zu Anfang des 16. Jahr¬
1407 2934 3363 2996 Wahnvorstellung, daß sie mit dem Junker Anselm sich hatte Eveline nicht das nur gethan, was sieh
409 2982 1411 3042 hunderts spielenden „Paracelsus“ als züchtigliche Haus¬
1407 2985 3312 3042 eines sträflichen Fehltrittes schuldig gemacht habe, mit Schnitzler mit Naturnothwendigkeit thun mußte?
1422 3030 2413 3083 solcher Lebendigkeit, daß Cyprian wankend geworden,
417 3031 1422 3081 frau an der Seite des Waffenschmiedes Cyprian in
2407 3024 3361 3094 war jung, er alt. Ihr bot sich die Gelegenheit
414 3062 1420 3128 Basel waltet; die in dem Paris des Revolutionszeit¬
1408 3059 3281 3122 den Hypnotiseur in seiner Herzensangst aufleht, den Gestalt eines jugendlichen Assistenten und
408 3115 1428 3166 alters von Orgie zu Orgie taumelnde Schauspielerin
1408 3103 2413 3169 bösen Bann zu lösen. Fast kann's der Waffenschmied
2405 3100 3359 3186 der geradezu verblüffenden Nachsicht ihres Gatt#
412 3153 2412 3208 Leokadie mit ihrem Widerspiel aus der vornehmen selbst nicht mehr glauben, daß die Bekenntnisse seines
2408 3162 3327 3227 der sah und wußte, aber nicht sehen u
419 3205 2411 3256 Welt, der sittenlosen Marquise Severine im „Grünen Weibes nur ein wesenloser Traum gewesen. Wahrheit
3176 3206 3283 3268 auf
2398 3202 3171 3267 wissen wollte, weil er sich ganz
419 3253 1425 3304 Kakadu“, und die auf einem Dorfkirchhofe in der Nähe
1415 3240 3353 3300 möchte er, die volle beruhigende Wahrheit. Paracelsus Standpunkt der Schnitzler'schen Ehephilosophie gestch
417 3291 1415 3337 Wiens ruhende „Gefährtin“ des Professors Pilgram,
1412 3291 3357 3353 erfüllt ihm auch diesen Wunsch. Er wiederholt das hyp¬ hatte. Er hatte es ja kommen gesehen, als er vor ze
419 3339 1425 3386 ein Kind unserer modernsten Zeit, sind Schwestern, aus
1413 3333 3343 3392 notische Experiment und befieht Justina „wahr“ zu sein, Jahren die um zwanzig Jahre jüngere Frau heimg
408 3371 1416 3435 dem gleichen Blute gezeugt. Der Dichter hätte die drei
1414 3364 3356 3430 wahr, wie sie nie gewesen, wahrer, wie sie pflegt egen führt. Er wußte ganz gut, daß ihm nur ein, höchste
419 3416 1421 3485 Stücke mit gutem Recht unter dem Gesammtiitel
1420 3406 3343 3479 sich selbst zu sein. Nun erfährt wohl der geängstigte zwei Jahre des Glückes bevorstehen. „Aber das Leben
419 3458 1417 3526 „Semper eadem“, oder — wenn er wegen des Anklanges
1410 3449 3355 3525 Gatte, daß sie rein geblieben, aber der Trank nicht lang genug, daß man ohne Weiteres auf ein Ja
414 3510 3347 3554 an Sudermann das Latein vermeiden wollte — „Immerider Wahrheit ist mit herber Bitterkeit gemischt. des Glückes verzichten kann.“ Dieses Jahr hatte er
423 3560 3347 3611 dieselbe“ zusammenfassen können. Denn seine Einakter Nicht der Hingebung an seine Person hat es nossen, dann kam das andere und — und dann bli
