3392 4352
476 144 1297 223 Der gruene Kakadu
1446 142 1879 241 box 14/8
241 147 1303 265 9. 3  1   neenetenenenerene eneene
1430 1053 1886 1155 Telephon 12801.
1044 1174 2269 1230 Alex. Weigl’s Unternehmen für Zeitungs-Ausschnitte
1862 1231 2204 1325 ee Ausschnitt
1298 1254 2334 1377 „OBSENvEN Nr. 47
935 1370 2379 1435 L. österr. behördl. conc. Bureau für Zeitungsberichte u. Personalnachrichten
1210 1413 2125 1505 Wien, I., Concondiaplatz 4.
935 1488 2384 1552 Vertretungen in Berlin, Budapest, Chicago, Genf, London, Newyork, Paris, Rom.
1307 1534 2014 1604 Stockholm, Kristiania, St. Petersburg.
921 1589 2152 1714 Ausschnitt aus: Des Häne dournal (Berlin)
1367 1757 1488 1837 7S
929 1764 1384 1886 vom:
1199 2013 2117 2129 *In Arthur Schnitzlers „Grünem Kakadu“.
1024 2055 1127 2138 l.
953 2085 2124 2170 fand die Stimmung noch eine Steigerung, obwohl die Dar¬
948 2121 2113 2208 stellung Hier keineswegs durchweg auf der Höhe der prachtvollen
947 2171 2128 2258 Dichtung stand. Dies geistvolle Spiel, das durch klugen Spott
956 2226 2115 2298 heiße Schmerzen funkeln läßt, litt zunächst unter dem schleppenden
949 2273 2120 2351 Tempo, das die Regie für nötig befunden hatte. Aber auch
965 2318 2110 2399 die meisten Darsteller wußten sich nur mit Mühe in ihren
956 2351 2111 2443 freilich nicht leichten Aufgaben zurecht zu finden. Vollkommen
969 2396 2125 2491 gelang das eigentlich nur Albert Steinrück, der für den
963 2438 2128 2521 einzig echten Strolch mitten in der Komödie wirklich ursprüng¬
961 2490 2163 2564 lichen Humor anzuschlagen wußte. Den Heuri, das tragische
972 2515 2153 2609 Gegenstück dieses Strolchs, hat früher im Deutschen Theater zu¬
919 2581 2127 2676 Ferst Joseph Kainz mit glänzendem und später Otto Sommer¬
1837 2612 2128 2687 Rudolph
974 2623 1840 2709 storff mit schwächerem Erfolge gespielt.
2130 2635 2308 2692 inclusiy
1684 2658 2288 2727 Rolle gab, war Porto
1395 2670 1681 2751 gestern die
982 2682 1398 2756 Lettinger, der
930 2677 971 2745 1
2017 2701 2283 2772 traf Zahlp
939 2711 2020 2796 mehr Sommerstorff als Kainz. Recht gut
940 2743 2244 2826 = Marie Mallinger als Leocadie den Ton spielender mV.
970 2797 2136 2871 Koketterie und in kleineren Rollen waren auch Elise Hof¬
916 2849 966 2904 4
960 2831 2132 2901 lmann, Frieda Brock, Gusti Becker, sowie die Herren
913 2896 991 2955 Ab
986 2883 2127 2959 Haus Kuhnert, Friedrich Holthaus, Gustav
2136 2904 2229 2967 irn.
963 2937 2142 3020 Rickelt und Oskar Wagner sehr tüchtig. Im übrigen
912 2963 2126 3056 Inj aber ist das Stück doch zu figurenreich für den Talentbestand
2141 2981 2268 3041 ltens
1961 3009 2097 3075 Sch.
2131 3029 2256 3085 for
929 3032 1404 3119 # des Schiller=Theaters.
1410 3062 2260 3112 — „Nous Pies Piesse und „ Wiener Zeit
958 3105 2256 3148 odurch eine Uebersicht über des gesammte politische und wirthschaf“
971 3135 2260 3214 den des In- und Auslandes in drastischer Kürze geboten wird. Diest
986 3182 1940 3234 ungen werden in Wien um 9 Uhr Früh verschickt.
1247 3266 2018 3351 Pnospecte gratis und franco.
