3484 4480
1956 192 2408 282 box 16/1
209 207 1812 310 9.4. Der gruene Kakadu Zykius
1345 878 1603 955 —
1053 913 2237 999 Von Arthur Schnitzlers vielbesprochenem und übelberufenem
1009 968 2229 1034 dreiteiligen Einakter=Cyklus ist auch unser Publikum, und dazu noch
1011 1005 2243 1077 an dem klassischen Montag, nicht verschont geblieben. Wir sagen
1016 1048 2237 1117 vielbesprochen, weil die Kritik in Wien und Berlin sich dafür ins
1026 1084 2235 1158 Zeug gelegt, und übelberufen, weil die Polizei den grünen
1022 1136 2234 1197 Kakadn erst beanstandete und er bei der Première nur eben noch so durch¬
1021 1167 2232 1240 schlüpfte. Diese Einakter, eigentlich Skizzen, Ausschnitte, mit denen die
1025 1214 2241 1283 moralische Bilanz dreier Jahrhunderte gezogen werden soll, wurden
1032 1229 2260 1320 an den verschiedenen Bühnen, je nachdem die Regie sich mehr oder—
1021 1284 2240 1366 minder Effekt davon versprach, in verschiedener Reihenfolge gegeben.
1019 1328 2233 1394 Der Anfang müßte eigentlich mit dem Versspiel Pamcelsus, das zu
1026 1363 2234 1424 Basel zu Beginn des 16. Jahrhunderts spielt, gemacht werden. Das
1022 1402 2236 1469 Stück beruht auf unmöglichen Voraussetzungen; nebenbei bemerkt kann
1034 1444 2238 1499 die Begebenheit nicht Ende des 16. Jahrhunderts vor sich gehen, da
1025 1480 2246 1545 Paracelsus schon am 23. September 1541 sein abenteuerliches Leben
1028 1519 2243 1586 beschloß. Feruer wußte man derzeit noch nichts von Hypnotis¬
1024 1555 2247 1632 mus und Suggerieren, Dinge, die Dr. med. Schnitzler doch sicher
1034 1594 2184 1666 nicht unbekannt sein konnten. Durch allerlei Mauipulationen
1035 1628 2248 1694 Suggerieren und Hypnotisieren — läßt Paracelsus in dem Stückchen
1023 1673 2252 1739 Justine, die Gattin seines ehemaligen Freundes Cyprian, allerlei
1032 1711 2243 1777 Geständnisse ausplandern, die diesem bis dahin so vertrauensseligen
1030 1752 2263 1830 Waffenschmied den Kopf heiß machen. Nachdenklich spricht er dann
1045 1787 2256 1872 am Schluß: Es war ein Spiel, doch fand ich seinen Sinn.“
1043 1828 2268 1911 Auf Paracelsus hätte dann die Groteske Der grüne Kakadu folgen
1050 1869 2266 1936 müssen, welche während des Sturmes auf die, Bastille 14. Juli 1789,
1042 1910 2263 1991 in einer Spekulationsspelunke, einem imitierten Verbrecherkeller, spielt.
1039 1945 2262 2015 Der Wirt (Neumann=Hoditz) ist ein ehemaliger Theaterdirektor, und
1043 1995 2262 2050 die angeblichen Verbrecher, die in seiner Kneipe verkehren und ein¬
1054 2032 2262 2095 studierte oder Stegreif=Spitzbubenkomödien zum Gandium vornehmer
1059 2064 2276 2132 Besucher dort zum besten geben, sind verbummekte Schauspieler und
1045 2103 2262 2171 Schauspielerinnen, die sich mit Kosenamen wie „Ihr Schweine!“ be¬
1049 2147 2268 2210 grüßen. Indes eines schönen Abends wird aus dem Spaß Ernst, indem
1046 2183 2275 2267 der renommistische Komödiant Heuri (Tom Farecht) den Herzog von
1048 2226 2266 2286 Cadignan (W. Rossath), den Galan seiner Gattin (Bertha Kleen), er¬
1055 2257 2271 2323 sticht. Als Schluß hätte das zu Anfang gespielte Schauspiel Die Ge¬
1061 2297 2280 2373 fährtin kommen müssen, das in einer Sommerfrische unweit Wien
1061 2344 2277 2414 an einem Herbstabende des letzten Jahres spielt. Am Schluß geht
1066 2383 2271 2447 der hintergangene Gatte aus dem Zimmer; an der Thüre bleibt er
1061 2415 2283 2503 stehen, betrachtet das Zimmer noch einmal, atmet tief auf, lächelt dann
1055 2463 2271 2523 7 wie befreit, geht ab; man hört ihn zusperren. Das dunkele Zimmer
1055 2510 1913 2560 bleibt eine Weile leer, dann fällt der Vorhang.
1105 2541 2274 2604 Man hätte wünschen mögen, nicht nur dieses Zimmer, sondern die
1065 2579 2274 2647 Bühne wäre den ganzen Abend über leer geblieben. Der Zuschauer
1057 2622 2286 2694 geht — wie der Professor — aus diesem Dreiakterabend wie von
1061 2660 2269 2721 einem Alp befreit fort; aber er schweigt nicht zu diesem groben Unfug,
1074 2711 2281 2770 sondern legt energisch Protest ein dagegen, daß die Bühne, die doch
1072 2736 2281 2792 eine Bildungsstätte sein soll, zu solchen Experimenten mißbraucht wird.
1104 2774 2289 2827 (Wir können uns diesem scharfen Urteike nur anschließen. Hr.
1069 2824 2284 2875 Direktor Hofmann scheint es auf den Beweis abgesehen zu haben,
1069 2852 2294 2932 daß er dem p. t. Publikum auch Wüsteneien bieten darf. Bei den
1066 2899 2289 2968 Stadtratsberatungen über die Errichtung eines neuen Opernhauses,
1075 2931 2286 3000 in dem nameutlich auch die Operette gepflegt werden soll, hat man
1081 2978 2286 3049 zu Gunsten eines weiteren Stadttheaters u. a. angeführt, es solle dem
1080 3015 2294 3080 Publikum den Besuch der zweifelhaften Specialitätentheater ab¬
1084 3038 2289 3124 gewöhnen. Als ob der Kunsttempel an der Glockengasse nicht schon
1072 3083 2294 3162 recht oft ein ganz unzweifelhaftes Specialitätentheater gewesen wäre!
1072 3115 2309 3191 Und was sagt dazu der Verwaltungsrat des Kölner Theateraktien¬
1072 3179 2302 3244 vereins? Ist denn kein einziger unter den Herren, der Hru. Hof¬
1072 3220 2303 3272 mann auf gut Deuisch den Standpunkt klar macht? Oder ist es
1076 3255 1662 3329 ohne Erfolg versucht worden?
