3436 4256
1249 237 1819 339 box 15/3
650 244 1240 316 ruene Kakadu
176 246 585 326 9.3. Der
426 281 1238 351 A  A
1086 1260 2096 1368 usschnitt aus: Grazer Tagblatt, Gras
1569 1343 1915 1441 Abendblatt
1080 1353 1569 1462 om: J6FER 13-
1197 1472 2227 1568 (Schauspielhaus.) Erstaufführung von Artur
1137 1532 2214 1618 Sch##erGroteske „Der grüne Ka-:
1126 1571 2195 1646 kaßu“ und G. o. Mosers Lustspiel „Mili¬
1126 1632 2211 1704 tärfromm“ am 15. Februar 1915. Der erste
1134 1683 2214 1745 Einakter, eine ebenso geistvolle als bühnenwirk¬
1146 1721 2174 1795 same Parodie auf die französische Revolution,
1132 1764 2175 1848 stellt derart hohe Anforderungen an die Dar¬
1135 1828 2173 1891 stellung, daß unsere Bühne trotz seiner, insbeson¬
1125 1861 2186 1942 dere in Wien und Berlin erzielten großen Erfolge
1129 1911 2167 1986 bisher an ihm vorüberging. Umso anerkennens¬
1134 1962 2166 2034 werter ist die gestrige, von Julius Greven¬
1127 2011 2178 2096 berg geradezu glänzend inszenierte Aufführung,
1123 2062 2163 2141 die mit ihren überaus lebensfrischen Bildern in
1131 2098 2168 2190 jeder Einzelheit die berusene und sorgsame
1126 2161 2168 2209 Künstlerhand verriet. Es war eine vortreffliche
1122 2209 2173 2263 Gesamtleistung, an der sämtliche zweiundzwanzig
1132 2255 2163 2321 Darsteller und auch alle außerdem noch statierenden
1123 2295 2153 2368 Kräfte ihren Anteil hatten; ganz besonders her¬
1129 2348 2159 2432 vorgehoben seien die prächtigen Leistungen der
1128 2396 2154 2463 Damen Mizi Schürmann =Kovacs und
1130 2434 2166 2497 Anna Schrötter sowie der Herren Max
1128 2475 2156 2554 Brückner und Robert Jenny. Der zweite
1128 2533 2167 2619 Einakter ist recht harmlos, er kam jedoch durch die
1125 2588 2165 2640 vortreffliche Wiedergabe unter Max Brückners
1125 2630 2156 2706 Spielleitung, der auch den Leutnant von Heller
1116 2673 2168 2753 überaus sympathisch darstellte, gleichfalls zu vollem
1127 2735 2163 2808 Erfolge. Er machte uns in Vera Forst, welche
1120 2783 2168 2856 die Editha in waschechtem amerikanischen Dialekt
1115 2819 2165 2896 und mit feinsinnigster Charakterisierung spielte, mit
1115 2875 2162 2948 einem ganz hervorragenden und überaus liebens¬
1118 2922 2201 3005 würdigen Talent bekannt, dem man, wie der herz¬
1115 2962 2192 3044 liche Beifall bewies, bei uns gern öfter begegnen
1117 3014 2168 3092 würde. Von den übrigen Darstellern seien ins¬
1116 3059 2163 3132 besondere noch Fritz Großmann,Robert
1118 3119 2161 3188 Jenny, Hans Kainz und Alfred Wehle her¬
1115 3170 2175 3242 vorgehoben. Die beiden Stücke werden hoffentlich
1105 3206 1772 3314 noch manchen Abend füllen.
1769 3263 2138 3329 „ D.
