3436 4256
852 152 2156 222 der immer Details meisterhaft geschaut und geschildert, der stets
846 210 2153 278 ein großes dramatisches Talent gezeigt hat, ist tiefer, ernsthafter,
851 256 2159 321 allmenschlicher geworden. Er hat seine Kunst losgerungen vom
860 291 2148 353 Milien der Cocotten= und Grisettenquartiere, in die er seine An¬
853 345 2161 427 seher mit Vorliebe führte, er hat sich zu Höherem, nicht nur in
848 396 2161 452 höhere Kreise, sondern auch zu höheren psychischen Aufgaben
842 438 1245 506 emporgeschwungen.
964 475 2148 549 „Kinderlose Ehen“ könnte man die drei Mittwoch im Hof¬
844 528 2154 589 burgtheater mit wohlverdientem Erfolge gegebenen Einakter „Para¬
836 590 2154 646 celsus“, „Die Gefährtin" und „Der grüne Kakadu“
835 623 2159 702 gemeinsam betiteln. Denn in allen drei Drama=Kleinigkeiten erzählt
839 685 2154 748 der Dichter vom Unbefriedigtsein kinderloser Eheleute, von jener
840 728 2145 780 psychischen und auch physisch ermüdenden Leere des Menschen¬
837 773 2154 840 bewußtseins, die Ibsen in seinem „Baumeister Solneß“ mystisch¬
834 824 2165 879 behandelt hat. Im Mittelstücke, in der „Gefährtin“, deutet Schnitzler
842 868 2155 927 dies mit geistreicher Schärfe an. In zwei Jahren nach der Hochzeit
916 921 2043 987 so läßt er den hochsinnigen Professor Pilgram bemerken —
838 950 2156 1030 der Duft der Liebesmaienzeit in jeder Ehe verflogen, und es steht
831 1017 2144 1073 schlimm um die kinderlose Gattin, wenn sie nicht des Mannes
835 1069 2142 1133 Gefährtin, im erhabensten Sinne dieses Wortes, wird. Aber Wenige
838 1117 2156 1176 unter den Frauen nur sind angelegt, des Mannes Gejährtin werden
845 1160 2142 1221 zu können. Sie suchen Befriedigung außerhalb des Mannes, dessen
842 1211 2145 1269 sie überdrüssig geworden sind, sie werden zu faktischen oder auch
841 1263 2141 1321 nur psychischen Ehebrecherinnen, wie eine solche die vom Wunder¬
837 1300 2138 1373 doctor Paracelsus seelisch entschleierte Justina im ersten Dramolet ist.
944 1346 1277 1411 Kinderlose Ehe
1348 1352 2141 1417 für Viele, Ueberviele der Grund zum
834 1402 2144 1478 Unglück. Im Volke rufen die Frauen ihre Männer, wenn die Ehe
840 1466 2150 1530 mit Kindern gesegnet ist. „Vater“ die Männer ihre Gattinnen!
845 1530 2074 1594 „Mu#ter“ Dieser Gebrauch ist psychologisch wahr. Denn Er
827 1572 2056 1627 seiner Fran nicht wehr der geliebte Gatte. Er ist ihr der Vater
1323 1623 2144 1678 Süchter geworden. Die Braui aber un¬
840 1658 1192 1734 einstmals ist dr
1350 1674 2127 1736 #mber des Beäuninams vom Hochzeits
835 1712 2130 1774 tage. Eine schönere Myrthe Als die weißblühende, grüne des
837 1767 2153 1812 Teauungstranges, die Mhrche der Titernschan. verbindet die Beiden
824 1809 2138 1895 in ewig wechselnder Neuheit. Gemeinsame Sorgen, geweinsaut
825 1837 2128 1916 Freuden um und an den Kindern schlingen die Bande enger, aus
822 1902 2142 1975 in der Mmienzeit des ersten Eheiebens es Liebe und Sinnenlustt
825 1960 2141 2009 im Stande waren. Mit den Kindern wächst dies uemeinsame
825 2001 2158 2063 Fühlen für die Kinder in die Höhe, es erfüllt die Bra#tleuter
832 2052 2154 2103 von dumals, es ist die Lebensaufgabe, die Erfüllung der ewigsten
816 2109 2146 2164 Sehnsucht. Drei ist eine beglückendere Zehl als Zwei; Fides und
823 2131 2133 2185 Spes sind pichtig ohne Charitas, die in der Gestalt eines blonhe,
925 2192 2126 2252 dunklen Kindchens erscheint und die gbrtlichen Tugenben
818 2244 2141 2290 vollzählig macht. „Mit dem Gürtel, mit dem Schleier reißt der
829 2283 2131 2367 schöne Wahn entzwei“ — aber dieser schöne Wahn wird von
821 2338 1749 2398 Eheleuten, die Kinder besitzen, nicht vermißt.
937 2383 2141 2439 Ohne diesen schönen Wahn, ohne einen vollwerthigen Ersatze
825 2406 2146 2508 für diesen, leben die Eheleute dahin, die uns Schnitzler in den
813 2475 2141 2535 drei neuen Einaktern vorführt. Cyprian (Herr Krastel) und¬
826 2529 2157 2595 Justina Frau Schratt), der eben verwitwete Professor Pilgrams
827 2585 2117 2646 Herr Sonnenthal), Henri (gleichfalls W sier Sonnenthal)
822 2625 2133 2699 und Leokabie (Frl. Witt), sie alle sind ie lücklich geworden,
818 2663 2131 2716 weil sie kinderlos sind. Justina sündigt in Gebenken, die unglaub¬
812 2704 2145 2793 lich leichtfertige Gattin des Professors hat ihr Un befriehigtsem
815 2767 2125 2820 in eitler Sinnenlust ertränken wollen und ist an Verzschlag ge¬
812 2811 2126 2882 storben, Leocadie aber gibt ihrem Gatten wolsste Ursache zur
811 2873 2144 2934 Eifersucht und freut sich innerlich der wahren und gehenchelten
823 2908 2131 2981 Qualen desselben. Soprian ist ein gleichgiltiger Biederling ge¬
806 2953 2142 3029 worden, Pilgram fählt sich durch den Tod Evelineus wie von
826 3008 2124 3086 einem Alp erlöst, und Heuri gefällt sich in der Rolle des benga¬
803 3041 1235 3124 lischen Tigerthieres
933 3079 2138 3177 Die Darstellung zeigte, daß das Hofburgtheater, trotz allem
809 3143 2127 3200 Gefasel und Geschreibsel seiner Widersacher immer noch die erste
800 3198 2131 3268 deutsche Bühne ist. Man bekam da eine ganze Reihe von Muster¬
813 3226 2128 3314 stücken vornehmst ciselirter Darstellungskunft zu sehen. Allen voran
815 3297 2122 3345 sei Sonnenthal genannt, dessen Professor Pilgram fortab¬
804 3343 2107 3393 zu den Glanzrollen des beruhmten Meisters gezählt werden muß:
801 3391 2124 3443 glaubwürdig zum Herzen sprechen, edelsten Sinn mimen kann
809 3429 2113 3494 Keiner so universell menschlich als er. Frau Schratt war eine
806 3471 2135 3540 Uungemein sympathische Justina. Herr Robert gab den Paracelsus
798 3534 2116 3592 mit eigenen dämonischen Streiflichtern, Herr Krastel den
797 3577 2115 3645 Cyprien im Banmeister=Styl. Mit wohlthuender Bestimmtheit und
801 3602 2120 3688 Ruhe sprach Frl. Bleibtrei die Olga Meerholm. Im reichen
814 3670 2117 3751 Roltenkaleidoskop des „grünen Kakadu“ bewährten sich Frl. Witt,
810 3725 1705 3775 Fran Witlerwurzer, die Herren Ha#
1881 3725 2109 3788 Thimig,
857 3763 1859 3827 & Gimuig und Zesfa auf's Neue
1865 3756 2015 3832 Auch
798 3803 2126 3874 Haeberle wächst immer mehr ins Audgtheater =Ensempten
807 3861 2092 3932 hinein. Weniger befriedigen konnten Herr Frank. Herr Treßler
806 3912 2109 3971 und Fel. Brion. Es war ein für Liebhber psychologischer
812 3954 2108 4029 dien sehr interessanter Abend, der voraussichtlich zahlreiche
903 3999 1391 4084 Ferholungen siuden burd
