3392 4352
919 200 1280 279 Kakadu
643 204 820 283 frue
175 188 1838 310 9.3. Der Kruche unadu box 14/8
374 1106 3334 1236 hat den stürmischen Applaus, der sich zum Schluß erhob, andermal die napoleonische Legende, ein drittes Mal noch zu lernen und wir sind der Litter
374 1163 3342 1280 eigentlich ganz allein verdient, denn man kann die langes tollere Schattenspiele zum besten. Und angesichts dieser bar dafür, daß sie uns diese um
2674 1210 3346 1282 des vielgenannten d'Annunzio v#
1534 1225 2690 1289 Suiten fühlte sich ein gescheiter Zuschauer — entsinn' ich
376 1242 1550 1318 Standrede die der Bibliothekar zuerst stockend, dann sich
1533 1250 2697 1330 mich recht, Jules Lemaitre — an die Schattenbilder in
2737 1268 3353 1345 Sch. Theater am Ga¬
367 1286 1541 1363 immer mehr begeisternd und an seinen Ideen berauschend
1543 1295 2696 1377 Plato's Höhle genahnt. Ein ähnliches Motiv hat ver¬
2677 1323 3338 1399 Strauß' köstlichen „Fl dermau
377 1325 1548 1407 dem Fürsten hält, wohl kaum nnancenreicher und fortreißen¬
1546 1335 2698 1412 muthlich Schnitzler vorgeschwebt, der offenkundige Spitz¬
2674 1378 3343 1440 die Damen Frey und Kattug
374 1373 1548 1437 der sprechen, als sie Possart gesprochen. Die ganze Aerm¬
1535 1381 2695 1457 buben und falsche Biedermänner dermaßen durcheinander
2681 1415 3334 1471 Haus par bis auf den letzten Pla
382 1414 1545 1485 lichkeit dieses Stückes, für das der Verfasser selbst übrigens
1533 1429 2693 1507 wirbelt, daß ein Straßenphilosoph mit einem Auschein
2678 1445 3342 1519 daß die Scheidenden es verstande
372 1461 1547 1521 nur die Bezeichnung „ein Akt“ hat, würde sofort zutage
1540 1470 2692 1539 von Recht sagen darf: „Es kommen Leute her, die Ver¬
2692 1501 3339 1570 Zeit ihres Hierseins in der Gunstl
378 1489 1560 1577 treten, wenn ein minder guter Sprecher als Possart den
1550 1517 2685 1584 brecher spielen, und Andere, die es sind, ohne es zu ahnen.“
2683 1534 3337 1598 Eisenstein, Rosalinde und Adel
383 1548 1553 1610 Bibliothekar gäbe. Hr. Lützenkirchen repräsentirte den
378 1602 2687 1664 Fürsten, die H H. v. Pindo und Waldau ein paar vor¬ Folge: ein Komödiant (Tabarins Urenkel, der Sohn von
2689 1583 3332 1653 ihren Schwanengesang mit viel La#
1525 1593 2697 1682 Leoncavallo's Baiazzo) ersticht zum Beschluß einer lebens¬
2690 1630 3296 1694 immer wieder herausgerufen,
379 1633 773 1724 nehme Statisten.
474 1645 2686 1735 Das dritte Stück, eine einaktige Groteske: „Derstreu gespielten Eifersuchtsscene den Herzog, der mit seiner
382 1713 3347 1796 grüne Kakadu“ von Arthur Schuitzler, ist unsern[Liebsten, einer Nymphe der Porte Saint=Martin, nur Menge und mächtige Lorberkrät
2690 1715 3344 1770 von allen Mitwirkenden nach K##
395 1721 2706 1833 Lesern von einem Bericht unsres Wiener dm.=Referenten nach ihrem eigensten Begehr gescherzt und geherzt. Grel.
2697 1749 3310 1819 sehr animirt. Mit besonderer A
1547 1776 2700 1846 und wirr, unklar und langwierig schleppt sich die Scenen¬
2696 1788 3335 1878 nennen, der einen Frosch von üb
383 1794 1569 1864 über die Burgtheater=Aufführung dieses Einakters (siehe
1555 1820 2708 1884 reihe fort, bis in das Triumphgeschrei der Stürmer der
2807 1831 3339 1904 Anktion Langen. End
392 1837 1552 1915 Feuilleton vom 9. März d. J.) in Erinnerung. Gleich¬
1554 1855 2706 1926 Bastille der nur allzu wahre Wehruf der Cocotte Leocadie
2707 1874 3343 1950 der HH. Hugo Helbing, Kunsthäf
388 1882 1548 1954 zeitig mit München ist es nun auch in Berlin am Deutschen
1548 1900 2712 1970 hineintönt: sie sei niemals werth gewesen, daß ihretwegen
2692 1928 3328 1982 Hofkunsthändler, in München di
394 1928 1554 1998 Theater (s. u. Berlin) gegeben worden. Der Erfolg scheint
1562 1939 2711 2016 irgend ein Mensch erdolcht werde.“ — Hier hatte, wie
2698 1954 3341 2031 Gemäldesammlung des Hrn. Verl
390 1972 1553 2043 dort wie auch hier bedeutend größer gewesen zu sein als
1553 1976 2702 2064 gesagt, der grüne Kakadu den meisten Erfolg, obwohl
2698 2001 3345 2075 München statt, eine Mittheilung
398 2014 1562 2075 in Wien. Unser Referent schrieb damals: „Man wird
1559 2017 2705 2103 er sich in dem vornehmen Rahmen des Residen#theaters
2705 2039 3334 2113 und Kunstfreunde von Interesse
389 2051 1558 2122 die Kunde von der Kellerwirthschaft „Zum grünen Kakadu“
1547 2077 2704 2141 etwas eigenthümlich ausnimmt. Allerdings war die Auf¬
2693 2099 3340 2155 hervorragende Werke bedeutendste
395 2101 1555 2182 bei allen Augenzeugen und Geschichtschreibern der fran¬
1558 2114 2714 2185 führung ein wahres Meisterstück der feinen Inscenirungs¬
2707 2136 3339 2200 italienischer, französischer und e
389 2140 1567 2221 zösischen Revolution von Chamfort bis auf Mignet,
391 2202 2714 2262 Michelet und Taine vergebens suchen. Diese Taverne, in kunst des Oberregisseurs Savits, der zum Schluß auch
2706 2181 3334 2249 Zeichnungen befinden sich Arbe
397 2245 2709 2309 der ein ehemaliger Theaterdirektor dem biasirtesten Hoch= wiederholt stürmisch gerufen wurde. In der Narcißrolle des
2707 2218 3331 2288 Correggio, Claude Lorrain, A. v.
407 2243 2722 2342 adel von Gaunern und Gauklern schlimmster Sorte Grusel=Henri hatte Hr. Lützenkirchen großen und verdienten
396 2310 3316 2383 scenen, Verbrechertypen und Courtisanen=Stücklein auf= Erfolg, sie ist auch sehr dankbar. Mehr oder minder Largillière, Ostade, Rembrandt,
2714 2305 3338 2389 die Sammlung einige der Haupt
411 2323 2716 2426 spielen läßt, ist vielmehr nur eine schwache Nachahmung prächtige Typen boten die HH. Basil (Wirth Prospère)
2706 2364 2956 2431 Abdrücken.
1560 2369 2717 2441 Häusser (Scaevola), Stury (Grasset), Geis (Lebret),
2772 2377 3330 2459 E. H. Berlin, 30. April.
405 2377 1573 2467 der unmodernen Spelunkenindustrie unter der dritten
1568 2410 2732 2485 Trautsch (Grain), den wir selten so gut gesehen, und
407 2439 1567 2514 Republik, in der ehemalige Kommunards und wirkliche
1567 2436 3328 2527 als aristokratisches Gesindel Rémund (Herzog vog gingen gestern zum erstenmale A#
400 2478 1581 2555 oder vermeintliche Bagnosträflinge als Gastgeber den
405 2483 3324 2588 Bedands der Lebewelt Narrenspossen vormachten. Die Cadignan). Waldau (Albin Chevalier de la Tremouille) alter „Die Gefährtin“, „D
2727 2523 3344 2597 „Paracelsus“ über die Bühn
400 2585 2723 2643 widerliche Mode fand immer abgeschmacktere Nach= und Frl. Swoboda, welche als Marquise v. Lansac die
2720 2562 3330 2636 selbst habe ich dem feinsinnigen
402 2591 2727 2680 ahmer. Passant, sois moderne! war als Lockruf auf der aristokratische Verworfenheit jener Tage nicht minder
2724 2610 3337 2671 der Allg. Ztg. kaum etwas zuz
1574 2619 2727 2699 dra, isch zu zeichnen verstand wie Frl. Dandler als
2717 2650 3346 2717 Berliner Aufführung „Der grün
410 2657 1585 2727 und jener Kneipenwirthschaft dieser Kategorie zu lesen.
1582 2666 2731 2739 Scha#spielerin Léocadie die plebeische. Wie sich das
2721 2693 3334 2763 Stücke in den Schatten stellte.
403 2706 1577 2784 Ein paar übermüthige Kunstzigeuner trieben ähnlichen,
406 2704 2725 2815 nur geschmackvoller gewürzten Ulk im Chat-noir. Dort Theaterpublikum auch zu den öffentlichen Wiederholungen
2714 2734 3338 2803 Idee, daß Spiel zu Sein und A
409 2757 2727 2881 gaben sie Flauberts „Tentation de Saint-Antoine“, ein dieses Stückes stellen mag, es war interessant, es kennen
2682 2775 3330 2862 burleske Humor dieses verweg
2719 2812 3328 2895 französischen Revolution, wirkte
2730 2861 3311 2934 groß. Man lernte Arthur Sa
2732 2905 3305 2967 Seite kennen, während die „C
2716 2954 3333 3017 dämpften Stimmungsmalerei un
2728 2990 3341 3065 glückliche Probe Schnitzler'scher
2733 3037 3322 3098 ihm kannten. Etwas matt und
2722 3080 3332 3150 der mittelalterliche Hypnotiseur
2726 3123 3341 3183 Kakadu“ von der Untrennbarke
2727 3164 3331 3226 einmal etwas schulgemäß profe
2724 3203 3323 3276 der Abend bedeutete für Schn
2732 3246 3320 3304 Erfolg. — In der „Gefährtin
2729 3284 3331 3360 fessors, der seine Frau verloren
3177 3329 3322 3383 dennoch
2729 3336 3163 3405 und deren Bild er sich
3236 3368 3309 3430 reffl
3170 3370 3246 3426 vort
2735 3367 3180 3444 von Hermann Nissen
2739 3403 3315 3486 den beiden anderen Stücken d
3215 3452 3333 3512 Glanz
2739 3464 3177 3532 und Paracelsus — ein
3237 3503 3307 3558 igen
2741 3499 3241 3564 quält und wenig überzei
2751 3535 3328 3618 übrigen Darstellern zeichneten
2747 3584 3328 3652 und Rittner aus. Es war di
2742 3633 3323 3720 Theaters in dieser Saison, un
