3436 4192
1123 336 2383 411 erkennt und doch nicht grollt. Comprender et pardonner. Das scenische
1121 412 2391 452 Arrangement des Herrn Savits war voller Poesir. Wie ein Mollakkord
1115 434 2398 487 erklang und verklang der Akt. Was bedeutet neben einer Dichtung, die
1123 473 2392 521 unter dem Zwange einer ergreifenden Stemmung entstand, ein noch so
1125 509 2386 568 witziges Spiel mit ungefühlten Gefühlen und ungelebten Geschehnissen?
2034 552 2387 605 Wohl kaum etwas
1119 554 1995 602 Was neben der „Gefährtin“ „Paracelsus“?
1123 585 2390 633 Anderes als eine Probe auf die These, daß Herr Schnitzler erstaunlich
1456 631 2394 681 „Paracelsus“ ist ein flotter Schnörkel, eine krause.
1123 639 1459 688 Vielerlei kann. —
1126 673 2396 726 Improvisation. Den lautesten Beifall des Abends erntete „Der grüne
1112 703 2395 759 Kakadu“. Der grelle Farbenfasching dieses genialen Stückes scheint
1123 746 2390 795 dem Publikum verständlicher zu sein, als die stimmungsvolle Helldunkel¬
1117 785 2392 852 malerei der „Gefährtin“. Ich habe über das Stück bereits vor vier¬
1117 836 1523 902 zehn Tagen berichtet.
1519 887 2009 965 „Allgemeine Zeitung.“
1216 932 2404 993 Die einaktige Groteske von Arthur Schnitzler „Der grüne
1124 985 2398 1040 Kakadu“, die zuerst die Münchener Litterarische Gesellschaft in zwei
1128 1017 2402 1088 Aufführungen ihren Mitgliedern vorführte, wurde am Samstag zum
1124 1058 2402 1110 erstenmal öffentlich gegeben. Derselben gingen jedoch nicht die beiden
1137 1100 2404 1147 Einakter von d'Annunzio und von Scholz voraus, — sondern die beiden
1129 1141 2406 1194 Stücke, die Schnitzler mit dem „grünen Kakadu“ herausgegeben und
1131 1177 2409 1231 überall zusammen hat aufführen lassen. So ist diese Trilogie, die weiter
1122 1220 2401 1272 keinen inneren Zusammenhang hat und von der jedes Stück für sich
1122 1273 2412 1321 bestehen könnte, am Wiener Burgtheater, in Berlin, Hamburg, Breslau
1133 1299 2406 1353 u. s. w. zur Darstellung gelangt Ueber die Aufführung am Wiener
1121 1331 2414 1384 Burgtheater hat unser dortiger hm=Referent (in der Nummer vom
1129 1377 2413 1433 9. März d. Is.) in einem eingehenden Feuilleton berichtet und dort
1129 1411 2412 1467 auch die Handlung der drei ungleichartigen Stücke erzählt. Wir können
1139 1458 1742 1520 und wollen uns also kurz fassen.
1215 1476 2411 1557 Nicht zum erstenmal fällt es auf, daß der Premierenerfolg in Wien
1136 1535 2410 1596 einerseits und in München und Berlin andrerseits in einem gewissen
1143 1570 2417 1632 Gegensatz steht. Dort scheint das erste Stück, das Schauspiel „Die
1142 1605 2424 1669 Gefährtin", als das beste betrachtet zu werden und am meisten ge¬
1132 1645 2412 1707 fallen zu haben. Bei uns wie in Berlin steigerte sich die Wirkung
1128 1691 2420 1735 vom ersten zum letzten Stück. Das Stück „Paracelsus“ hatte
1144 1730 2414 1774 einen Heiterkeitserfolg. Am Samstag hatte „Der grüne Kakadu“,
1134 1763 2423 1827 dieser krasse Schlußakt wieder den größten Erfolg von den drei Einaktern.
1496 1824 2073 1898 „Berliner Fremdenblatt“.
1218 1872 2427 1935 Kurz vor Schluß der Saison bescheerte die Direktion Loewe uns¬
1141 1920 2428 1987 noch die Première der jüngsten drei so eigenartigen Schnitzler'schen
1153 1969 2432 2034 Einakter. Unbestrittenen rauschenden Erfolg hatte die lebensvolle Groteske
1152 1993 2433 2060 „Der grüne Kakadu“. Es war wohlbedacht von der Regie, dieses
2432 2042 2477 2102 —
1136 2038 2435 2096 Stück zuletzt spielen zu lassen und den Abend mit dem fesselnden Vor¬
1143 2076 2423 2133 spiel „Paraclsus“ zu beginnen. Das Publikum brachte überaus allen
1140 2119 2428 2179 drei Stücken und der Darstellung Verständniß und Stimmung entgegen.
1557 2172 2008 2245 „Berliner Courier“.
1228 2211 2432 2286 Aus München wird geschrieben: Ein Stück, wie Arthur Schnitzler's¬
1144 2270 2429 2336 Groteske „Der grüne Kakad#.“ auf einer Hofbühne zu sehen, ist¬
1153 2310 2430 2368 kein alltägliches Vergnügen. Dessen Aufnahme in das Repertoir des
1150 2359 2433 2416 königl. Residenz=Theaters war ein Wagniß, daß mit so mancher in dieser¬
1151 2382 2441 2435 Saison begangenen Unterlassungssünde versöhnte und sich in jeder
2425 2427 2509 2492 sise
1151 2425 2433 2482 Hinsicht glänzend lohnte. Wohl ein halbes Dutzendmal wurden die
1149 2464 2439 2522 Darsteller der Hauptrollen gerufen, mit ihnen Herr Oberregisseur Savits¬
1153 2516 2438 2561 der das Stück, ebenso wie die beiden anderen Schnitzler'schen Einakter
1157 2545 2476 2609 mit großer Sorgfalt inscenirt hatte. „Die Gefährtin" und „Para¬
1151 2581 2440 2657 celsus“ von den Herren Schneider, Lützentirchen, Basil und den Damene
1146 2641 2432 2685 Heese und Dandler vorzüglich dargestellt, fanden ebenfalls freundliche¬
1160 2665 2334 2746 Aufnahme, wenn auch minder lauten Beifall als der „Kakadu“.
1509 2729 2073 2803 „Berliner Fremdenblatt“.
1238 2789 2434 2844 Das Königl. Residenz=Theater kann wieder durch Aufführung von¬
1150 2828 2436 2878 Arthur Schnitzler's Schauspiel „Die Gefährtin“ des Versspiels
1165 2863 2447 2927 „Paricelfus- und der Groteske „Dei grüne Kakadu“ einen vollen
1165 2893 2448 2958 unbestritteen Erfolg registriren. In Gegenwart der Mitglieder
1156 2932 2455 2990 des Königlichen Hofes, welche sich am Beifall lebhaft mitbetheiligten, fand
1163 2979 2443 3035 gerade die von Censurstrichen unberührt gebliebene Groteske einen
1168 3019 2443 3082 herzhaften Erfolg. Am 31. Mai schließt die Saison 1898/99 des
1162 3055 2436 3130 Münchener Schauspielhauses unter Direktor J. Georg Stollberg. Am
1164 3102 2446 3159 1. Juni eröffnet Herr Ferdinand Bonn, dem die Direktion das Theater¬
2463 3134 2546 3185 mit
1167 3146 2248 3198 verpachtet hat, ein auf mehrere Wochen berechnetes Gastspiel.
1348 3228 2273 3320 Nachrichten von Nah und Fern.
2467 3294 2563 3348 des
1448 3309 2150 3385 Sonnabend, den 20. Mai 1899.
2464 3362 2572 3429 ern
1250 3365 2448 3439 Aus meinem Verlage fanden in jüngster Zeit folgende Aufführungen
1170 3413 2439 3494 statt: „Bocksprünge" von Hirschberger und Kraatz, Arnstadt;
1176 3430 2579 3517 „Im Fegefeuer“ von Gettke und Engel, ebenda; „Der Stabs=! The¬
1168 3493 2448 3559 trompeter“ von Mannstädt, ebenda; „Die Krone“ von A. von
2467 3515 2600 3584 ruhe
1166 3537 2467 3590 Perfall, Königl. Schauspielhaus Berlin; „Zum Einsiedler“ von
1176 3570 2456 3638 B. Jacobson, Berlin Residenz=Th., Hamburg Carl Schultze=Th.; „Der
1171 3619 2452 3672 Bernhardiner" von Hirschberger und Pohl, Carl Schultze=Th.
1171 3638 2621 3708 Hamburg; „Mamselle Tourbillon“ von Kraatz und Stobitzer, Heltst
1167 3690 2462 3744 Hamburg Carl Schultze=Th., Bremen; „Die Gefährtin“ „Der grüne
1168 3726 2462 3782 Kakadu“, „Paracelsus“ von Schnitzler, Berlin Deutsches Th.,
1183 3779 2638 3846 Breslau Lobe=Th., München Residenz=Th.; „Der Küchenjunge“ von 1 Gläu
2404 334 2550 410 Ader:
2408 394 2565 448 Berlin
2409 434 2561 486 Berge
2419 476 2551 523 Prag,
2424 511 2562 563 „Johe
2416 551 2572 598 Bresla
2422 590 2551 641 Graz;
2426 626 2559 677 „Pech
2428 667 2564 716 Tant
2424 707 2575 767 „Die
2425 747 2570 805 „Kea#
2417 784 2559 835 G
2413 823 2562 870 von E
2416 861 2561 915 Musi
2416 897 2571 948 Dresd
2421 934 2558 990 Freib¬
2415 979 2546 1031 von
2423 1012 2551 1068 Karls
2424 1046 2559 1112 „Der
2421 1097 2556 1147 „Jul
2405 1135 2562 1199 Tres
2424 1173 2533 1225 von
2428 1211 2559 1266 ebend
2423 1251 2562 1305 an1
2423 1296 2559 1339 man
2427 1331 2552 1384 Poli
2427 1370 2545 1431 laug
2440 1411 2545 1474 Wir
2433 1528 2530 1578 für
2436 1568 2526 1621 spie
2431 1606 2538 1655 rüh
2436 1642 2525 1702 Dir
2479 1718 2529 1772 S
2459 1912 2524 1973 sa
