3484 4224
545 154 664 217 Der
757 164 1351 234 ruene Kakadu
277 154 1345 270 9.3 e e e ee e e e ee
1486 152 1934 253 box 15/4
2625 89 2970 141 e
2494 123 3158 171 Bontà evangelica che nell’arte tol¬
2454 166 3162 219 stoiana ha note di profonda umanila
2447 199 3169 239 e che — ecco l’esempio di ció che
2455 236 3169 282 possa sul cuore di un uomo — colpt¬
2461 274 3165 307 re il vagabondo piü di un'atroce sfer¬
2456 307 3168 345 zata, fa sgorgare dai suoi occhi la¬
2458 327 3162 374 grime di vergogna e di pentimento, e
2460 364 3173 420 gli fa lasciare i pacchetti sul tavole
2448 399 3089 446 come se gli scottassero le mani.
2518 434 3166 478 II quadro é realistico, ma il suc
2459 475 3171 516 significato é moraleggiante. Conser¬
2453 506 3173 547 vail profumo di un'arte che si pro¬
2466 534 3172 580 poneva di far nascere il bene dalla
2452 571 3172 608 rappresentazione del male. Vi sonc
2463 600 3178 648 nella mmmedia tratti tipici, caratte
2469 642 3175 677 ristici che gli esecutorl hanno resc
2457 663 3179 711 con una leggera sfumatura di steatre
2463 714 3186 751 Frussos specialmente in certe vivacis¬
2466 736 3171 784 sime controscene. Alessandro Moissi
2464 769 3176 815 ha dato una leggera e vivida vacui¬
2459 801 3180 847 ta al spassanter: ora umile, ora
2455 839 3174 881 burlesco, ora ardito mu sempre nel¬
2468 871 3177 921 le linee di una decadenza morale
2466 906 3178 951 che non tenta di nascondersi o di
2469 943 3183 987 infingersi. La Capodaglio, in una
2474 983 3178 1017 raccolta flgura di vecchia madre, la
2470 1005 3177 1050 Fabbri nella franca esasperazione
2475 1037 3182 1088 della moglie, il Torrini, il Bertrame
2475 1083 3184 1121 e gli altri furono evccati piu volte al
2468 1116 2891 1175 proscenio col Moissi.
2517 1139 3185 1192 A ben altro genere appartiene I
2470 1183 3188 1228 pappagallo verde di Arturo Schnitzler.
2486 1216 3179 1264 E una vampata di tragica ironia nel¬
2472 1252 3177 1301 la quale si possono ritrovare non po¬
2474 1293 3175 1325 chi motivi delle piu moderne ten¬
2479 1312 3169 1364 denze teatrall. E' uno Schnitzler su¬
2481 1356 3183 1398 peratcre delle sottili analisi psicolo,
2476 1388 3172 1434 giche di Anatol che nello studio de:
2470 1418 3178 1462 rapporti fra i due sessi non ha atte
2466 1454 3179 1499 1s0 Freud per intuire le cupe ombre
2466 1487 3184 1530 del sub-cosciente e per guardare fine
2472 1529 3186 1577 in fondo, con spietato senso realisti¬
2471 1555 3175 1604 co, neil’anima del suo protagoniste
2460 1593 3170 1631 II quale é poi un attore del 1789 che
2462 1624 3184 1674 mel clima ardente della rivoluzione
2467 1652 3181 1706 confessa la sua povera essenza d’uo
2463 1700 3186 1741 mo: geloso della sua amante, cono
2463 1721 3189 1777 scendone gli infniti tradimemi s'#
2471 1764 3182 1807 accontentato di essere per lei, sem
2466 1793 3182 1838 pre assetata di nuove esperienze
2471 1827 3185 1885 amorose, il rifugio dopo ogni delusio¬
2474 1862 2936 1916 ne e dopo ogni sazietá.
2498 1889 3179 1942 Nella taverna all’insegna del Pap¬
2465 1930 3187 1976 pagallo verde l’oste, un ex-capocomi“
2472 1967 3185 2017 co, raccoglie la notte attori ed attricf
2473 2004 3186 2049 di inflmo ordine perché recitino d’i¬
2469 2036 3187 2087 Istinto e di invenzione le parti pitl¬
2470 2065 3199 2113 lorripilanti dinanzi a un pubblico di
2463 2110 3165 2149 laristocratiei in cerca di emozioni:
2473 2150 3203 2182 ichi finge di urlare i suoi rimorsi, chi
2477 2171 3202 2220 esalta i suoi flnti delitti, chi profetiz¬
2476 2202 3192 2262 za la imminente rivoluzione. Uina#
2469 2241 3190 2285 sera Henri, che é l’attore preferito,
2474 2268 3200 2331 larriva sconvolto e confessa di aver
2485 2304 3191 2360 ucciso il duca di Cardignac, l’ultimo
2469 2341 3187 2393 amante di colei che per tanti anni
2473 2381 3190 2434 lera stata l’ossessione della sua carne
2474 2403 3194 2456 ie da poche ore era sua moglie. Di¬
2466 2450 3190 2501 ventata la sua donna, non ha saputeh
2485 2482 3180 2522 piü frenare la gelosia. La sua terri¬
2484 2520 3187 2557 bile esaltazione ha l’accento della ve¬
2481 2557 3191 2604 rità. L’oste gli rivela, allora, chei
2491 2582 3208 2636 egli sapeva della tresca. Ma Henris
2484 2626 3198 2667 aveva finto. La verità, prima solo
2475 2650 3209 2704 presentita, gli é insopportabile e al-
2486 2686 3196 2736 l’apparire del duca lo uccide. Ing
2476 2721 3198 2764 quell’ora stessa il popolo invade la
2486 2757 3206 2802 Bastiglia. E' manifesto nel drammaf
2490 2792 3184 2843 l’incrociarsi dell'’essere e del parere.
2484 2818 3206 2869 motivo che ha avnto nel teatro gliß
2489 2853 3194 2901 Interessanti sviluppi che conosciamo.
2485 2891 3196 2933 Henri quando finge. ma ascoltando
2487 2924 3196 2969 se stesso, assume gli aspetti teatrali
2485 2953 3191 2996 di unn veritü tragica; quando agisce,
2494 2987 3204 3032 1I sno tormentato vion ###esncenpa¬
2488 3022 3199 3080 mente all'azione. Uno sciagurato che
2500 3055 3206 3093 ha ucciso una zia, seritturato dall’o¬
2505 3092 3204 3135 ste per racontare il suo delitto, non
2495 3120 3208 3168 sa farlo con gli atteggiamenti dram¬
2496 3159 3201 3201 matici degli attori che inventano. La
2499 3181 3210 3240 ve.itä e destinata sempre a rimanere
2496 3227 3126 3280 in fondo agli abissi dell'anima.
2511 3244 3211 3303 Alessandro Moissi era Henrie nel
2497 3295 3202 3342 racconto dell’immaginario delitto si
2492 3325 3206 3381 & servito della sua tipica tavolozza
2497 3369 3199 3408 raggiungendo arditi effetti di esalta¬
2507 3395 3204 3445 zione drammatica e di intima ango¬
2553 3429 3199 3493 a. Gli altri numerosissimi esecuto¬
