3436 4224
1930 134 2375 239 box 16/1
173 154 1792 252 9.4. Der gruene Kakadu — Zyklus
503 1509 2125 1584 zu wagen. Aber immerhin wied man annehmen als eine Wiiste sein wiro.
2650 1518 3116 1619 une e
1583 1617 3327 1673 So auch bei Schnitzler. Sein „Sterben“ ist das thum in seinem Blut und er ist n
656 1630 890 1738 —
862 1624 1239 1727 Feuilleton.
1553 1653 3349 1719 Meisterstück einer Novelle. Das dornenübersäete Wahl seiner Stoffe ... Dort geht
1546 1710 3342 1784 Leben eines Lungenkranken schildert er mit der er= Mädel. Er kennt sie nicht. Aber
303 1575 444 1815 2
821 1726 1287 1827 Arthur Schnitzler.
1558 1761 3350 1834 greifenden Wahrheit des Arztes und die Liebe, die dieser feine Zug in der Nackenlinie,
1548 1797 3295 1861 sich aus dem schlichten Idyll zur leidenschaftlichen haft=weich, halb frauenhaft=stolz
566 1783 1473 1890 (Paracelfus, Die Gefährtin, Der grüne Kakadu*)
1547 1849 3329 1927 Tragik steigert, ist mit den feinsten Nuancen dar= eine Novelle schreiben um dieser e
802 1866 1288 1930 Von Hermann Greinz.
1544 1903 1746 1983 gestellt.
2573 1906 3340 1972 willen. Dabei mag sie das platteste
582 1887 1562 1976 Es ist kein Zufall, daß Arthur Schnitzler vor¬
1601 1932 2581 2018 Es ist aber das specifisch Wienerische, das allen
2635 1959 3309 2030 Anders Schnitzler. Der sieht
493 1958 1563 2013 treffliche Novellen schreibt Denn seinem Wesen
1553 1983 2588 2072 Schöpfungen Schnitzlers das eigenartige Gepräge
2565 2001 3336 2077 vorerst tief in die Augen und finde
449 2014 1554 2105 nach ist er in erster Linie Epiker und man möchte
1547 2048 3329 2116 leiht. Man kann auf Grillparzer und Bauernfeld einen heimlichen, verborgenen Schat
513 2060 1548 2137 higin Parallelen zu Halbe und Hartleben erbli¬
1554 2092 3329 2156 zurückgreifen und kann, wie es einer bereits ge=er ihn mit der ganzen Tiefe seiner K
497 2099 660 2181 ckei
1550 2154 3346 2211 than, in der Hero das erste „süße Mädel“ Wiens und zu edeln. Man denke nur an di
578 2134 1547 2211 Dem realistischen Drama mit der Last der Er¬
1555 2206 3334 2268 erblicken. Die Novellen Ferdinand v. Saars der# Liebelei“. Ein solches Mädchen
508 2181 1557 2254 eignisse, der Wucht des Dialoges und der Fülle
1547 2228 3332 2307 geben dieses heimathliche Milieu in den prächtig= nie zeichnen, die wäre ihm vielleicht zu
508 2241 1554 2305 der Leidenschaft hat sich bald eine Art entgegenge¬
1544 2282 3351 2347 sten Farben wieder. Da ist der Prater in seinem ihrer Liebe: Güte. Ihn reizt nus
516 2303 1558 2360 stellt, die in ihrem Bau ungleich feiner ist und an
523 2354 3334 2396 die Stelle eines großen und weitausgreifenden ersten Grün, ein Sonntagnachmittag im Frühling, derliche un Bizarre, das, wozu er
2565 2376 3350 2461 nes eigen: Wesens hinzugeben kan
508 2392 2589 2461 Problems eine stille, stimmungsreiche Handlung der Himmel dehnt sich in wolkenlosem Blau über
1546 2435 2578 2488 die Stadt, dann wieder die breiten, hellen Stra¬
2569 2430 3022 2514 feste Füße zu stellen.
516 2442 1548 2494 setzt. R M. Meyer nennt das die „lyrische Er¬
1535 2471 2588 2551 ßen mit dem Glanz und der lachenden Sünde und
510 2495 1545 2550 weichung des realistischen Dramas“. Bemer¬
2626 2477 3335 2553 Das „süße Mädel“ Schnitzlers
509 2531 2583 2596 kenswerth ist aber, daß die meisten Stoffe dieser nicht zuletzt die Cafe's, aus deren dumpfer Atmo¬
2576 2520 3340 2613 der Dichter einmal schildert: Ich ka
503 2578 1275 2655 anderen novellistischer Natur sind.
1542 2583 3346 2653 sphäre uns Leo Hirschfeld seine Comödie „Die einmal nicht helfen ... sie erinnert
1539 2619 3273 2683 Lumpen“ geschrieben hat. Dieses Leichte und nen getragenen Wiener Walzer
576 2619 1556 2705 Man könnte sich Halbe's „Jugend“ ebenso gut
1545 2673 3352 2752 Schwebende. Lärm und Hast der Großstadt und Heiterkeit . .. lächelnde, schalkhafte
507 2671 1552 2759 als eine erschütternde Novelle denken mit all den
1535 2726 3332 2796 von fernen Gärten ein verirrter Duft von Flieder Das ist so ihr Wesen... Daß einer
504 2724 1557 2801 Feinheiten und dem ganzen, lyrischen Einschlag,
1605 2769 2582 2835 das ist Wien, wie es seine Dichter schildern.
2568 2779 3332 2841 nung eine Gestalt der tiefsten Trag
500 2766 1553 2846 der auf der Bühne von der Handlung eher erdrückt
1551 2814 2583 2883 Hermann Bahr mit seinem „Tschaperl“, dem
2567 2823 3353 2888 kann, zeigt die „Liebelei“ und „D##
499 2832 1542 2894 zu werden droht. „Die Lore“ Hartlebens war
1543 2864 2575 2942 „Star“, den „Wienerinnen" und Schnitzler mit
2573 2884 3351 2932 niß“. Schnitzlers Kunst steht aber au
493 2873 1545 2939 ursprünglich eine Novelle und hieß „Die Geschichte
1540 2895 2388 2973 der „Liebelei“ und dem „Vermächtniß“.
2559 2926 3348 2982 sicherem Boden. Wenn er sich auch
493 2932 1546 2991 vom abgerissenen Knopf“. In der Dramatisirung
1605 2971 3349 3030 Da möchte ich gleich auf einen wesentlichen Un= Spöttereien seines „Anatol“ gefallen
493 2954 1549 3043 büßt der Stoff einen guten Theil seiner zarten Un¬
1525 3015 3349 3085 terschied zwischen diesen beiden, Bahr und Schnitz= dert dies nicht das geringste an seinen
489 3014 903 3100 mittelbarkeit ein.
1533 3058 3253 3132 ler, hinweisen. Bahl ist der leichte und leider oft lächelnde, schalkhafte-Wehmuth.
575 3083 1440 3191 *) Die Buchausgabe bei S. Fischer, Berlin W.
1525 3116 2578 3192 zu flüchtige=Plauderer, es steckt viel vom Pariser¬
2636 3106 3345 3194 Etwas neles gab Schnitzler in
2807 3168 3094 3287 —
2590 3246 3058 3365 1
