3484 4480
2011 138 2438 238 box 16/1
243 122 1872 258 9.4. Der gruehe Kakadu — zyklus
421 1066 657 1149 und Verlag
462 1189 567 1260 part.
2014 1617 3169 1702 hierfür einsetzen, was jedoch vom deutschen Vorschafter abge¬
2004 1688 3177 1752 lehnt worden sein soll. Die Verhandlungen werden daher jetzt
846 1791 3174 1879 Jugendgeliebte als dessen Frau. Sofort erkennt er, daß sie Verhältniß hatte. Neben dem mit des Professors Frau!
215 1803 561 1896 ine Kakadn
862 1838 2035 1915 an der Seite Cyprians kein wirkliches Liebesglück genossen, daß
2013 1831 3187 1906 Er hat diese also zur Dirne erniedrigt, hat sie nie wahrhaft ge¬
229 1877 862 1976 Arthur Schnitzler, Aufführung
2016 1891 3178 1950 liebt. Dem Schamiosen weist der Betrogene die Thür; aber
854 1897 2016 1952 in ihrer Seele noch ein Rest von romantischer Sehnsucht nach
2012 1926 3174 1992 das Maß ist noch nicht voll. Eine Freundin enthüllt ihm,
857 1941 2019 1993 einem Leben der Leidenschaft und Liebe glüht. Von dem
2003 1980 3173 2046 daß die Verstorbene um die Ehepläne des Assistenten gewußt
849 1983 1989 2043 protzigen Philister beleidigt, rächt sich der „Wundermann“: er
213 1978 850 2041 ch „zufällig“ zusammen gefunden,
2010 2022 3187 2081 und sich dennoch mit ihm vergangen hatte. Die Todte war
852 2013 2014 2083 hypnotisirt die Frau, und im Traumwachen klagt sie sich des
215 2019 852 2085 drei, — und die alten Astronomen
859 2072 2021 2131 Ehebruchs mit einem Junker an, obgleich sie nichts Strafbares
2008 2070 3174 2133 ihrem Manne nie eine „Gefährtin“ seines Lebens gewesen, aber
210 2082 854 2141 Einheitsanschauung eines Bildes.
2014 2112 3180 2176 auch nicht einmal seine „Geliebte“. Nur die Dirne eines
849 2119 2015 2180 gethan hat und sich nur dessen Huldigungen gefallen ließ.
212 2113 852 2183 er und nicht schwerer als wenn
855 2158 2013 2219 Zuerst glaubt Cyprian nicht an die Schuld seiner Gattin; er
2009 2144 3186 2218 andern. — Dieser Einakter ist höchst stimmungsvoll inszenirt
209 2168 853 2238 npaar Einakter für einen Spiel¬
855 2205 2010 2260 weiß, es ist alles nur Zauber und Schein; aber allmählich
2017 2208 3179 2274 und wird von den Herren Marlow (Professor), Strobl (Assistent)
231 2212 867 2272 was weit nach Zeit und Raum
852 2236 2014 2308 wird er verwirrt, und es ist Zeit, daß Paracelsus dem Spiel
2007 2247 3095 2321 und von Fräulein Baumbach (die Freundin) gut gespielt.
221 2251 857 2317 Begriff einer These oder irgend
856 2285 2022 2353 ein Ende macht. Er weckt die Träumende auf, hypnotisirt sie
2105 2291 3182 2342 Rrr — ein anderes Bild! Mitten in den Sturm auf die
220 2301 856 2363 gab z. B. Sudermann drei kleinen
852 2340 2022 2397 aber noch einmal und befiehlt ihr, nur die lantere Wahrheit
2013 2318 3175 2385 Bastille schleudert uns der Dichter. Das heißt, die Wogen
213 2335 864 2396 kituri“. Schnitzler hat nun zwar
854 2378 2009 2446 zu sagen. Da gesteht sie, wie sie Paracelsus allein geliebt und
2022 2366 3187 2451 des Aufruhrs dringen bis in den Weinkeller „Zum grünen
223 2390 852 2441 us“, „Die Gefährtin“, „Der
854 2431 2012 2486 in dieser Jugendliebe allein glücklich gewesen sei. Paracelsus
2004 2429 3185 2491 Kakadu“. Ein ehemaliger Theaterdirektor Prospère ist hier
216 2426 856 2482 neinsamen Titel ersonnen, aber er
853 2448 1824 2541 ist zufrieden; er geht von dannen mit den Worten:
2019 2475 3182 2538 der Wirth; die Mitglieder seiner aufgelösten Truppe läßt er
236 2478 861 2530 r alle drei einen philosophischen
2013 2521 3176 2580 als Gäste hier weiterspielen; sie müssen Verbrechertypen dar¬
976 2506 1855 2584 „Es war ein Spiel! Was sollt' es anders sein?
228 2519 871 2570 l also, daß wir diesen Gedanken
968 2558 1836 2628 Was ist nicht Spiel, das wir auf Er#en treiben,
2023 2553 3174 2619 stellen, um der allen verhaßten Aristokratenbrut, Damen und
201 2559 874 2625 len versinnbildet schauen. Etwas
962 2602 1779 2659 Und schien es noch so groß und tief zu sein!
2022 2603 3184 2666 Herren, die im Keller mit dem verkommensten Gesindel, wirk¬
203 2601 869 2672 nicht; er schöpft es zunächst aus der
969 2636 1790 2690 Mit wilden Söldnerschaaren spielt der Eine,
2021 2646 3187 2704 lichen Mördern und Dirnen, verkehrt, durch Erfindung tollster
217 2654 872 2709 will aber damit auch in die Tiefe
966 2674 1798 2748 Ein Anderer spielt mit tollen Abergläubischen,
2018 2697 3195 2758 Unthaten die Nerven zu kitzeln. Heuri (Herr Strobl), ein
199 2702 858 2762 Seine Weltanschauung andeuten und
970 2701 1746 2789 Vielleicht mit Sonnen, Sternen irgendwer.
2013 2731 3179 2783 echter Künstler, zeichnet sich vor allen aus. Er hat aber
205 2733 864 2803 inn gewinnen. „Wir spielen
961 2750 1575 2808 Mit Menschenseelen spiele ich ...
2013 2779 3182 2842 die Thorheit begangen, sich mit Leocadie, einem verworfenen
967 2790 1761 2838 Es fließen ineinander Traum und Wachen,
209 2788 867 2843 ug,“ sagt Schnitzler. Das klingt
967 2823 1788 2881 Wahrheit und Lüge. Sicherheit ist nirgends.
2024 2826 3179 2892 Geschöpf, zu verheirathen. Das Mädel setzt ihre Liebschaften
224 2812 864 2890 die größten Wahrheiten und Weis¬
961 2849 1818 2926 Wir wissen nichts von andern, nichts von uns.
2013 2867 3179 2925 mit den Edelleuten fort, auch mit dem Herzog von Cadignan
230 2876 852 2936 e wenn sie sich in „dunkles Licht“
958 2891 1738 2969 Wir spielen immer, wer es weiß, ist klug.“
2014 2917 3184 2965 (Herr Lebius), der im Keller verkehrt. Henri fingirt heute
230 2913 863 2983 „Welt weisheit“ in dem Sinne,
2014 2951 3183 3010 eine Eifersuchtsszene; er will Leocadie mit dem Herzog ertappt
943 2932 2024 3021 Im zweiten Stück, „Die Gefährtin“, ist's ein anderes
234 2964 859 3015 kann oder sie aus aller Welt
2009 2992 3178 3063 und diesen erstochen haben. Er spielt aber so grausig lebens¬
214 3004 857 3071 ald man sie bei heller Tagessonne
850 2990 2023 3067 Spiel, kein heiteres, sondern ein sehr ernstes, düsteres. Wir
2013 3036 3176 3098 wahr, daß ihm alle glauben und der Wirth ihn tröstet: er
218 3047 858 3108 er aller Zeiten wußten, daß die
853 3044 2011 3102 sehen von der Wohnung des Professors Pilgram auf den
2012 3085 3189 3147 habe es längst gewußt. Da geht dem Betrogenen die Wahr¬
215 3088 862 3149 der jeder seine Rolle mehr oder
856 3092 2018 3148 Friedhof hinaus. Es ist Abend. Die Gattin ist todt, eben
2012 3115 3185 3196 heit auf; er stürzt sich auf den gerade eintretenden
859 3133 2021 3198 begraben. Dreizehn Jahre haben die beiden mit einander gelebt,
220 3130 857 3197 spielt; wenden wir jenes Motto
2011 3178 3170 3241 Herzog und ermordet ihn wirklich. Gäste mit dem Geschrei:
857 3173 2016 3224 nur im ersten Jahr in einem „Duft“ von Liebe. Dann ent¬
217 3167 857 3230 n wir den Gedanken am aus¬
860 3217 2011 3278 fremdete sich die um zwanzig Jahre jüngere Frau immer mehr
2014 3219 3183 3289 „Die Bastille ist unser“ dringen herein, die Aristokraten
217 3215 853 3278 ei ihm sind wir lediglich zur Be¬
2009 3265 3171 3328 flüchten unter dem allgemeinen Geheul „Es lebe die Freiheit“.
848 3263 2021 3324 dem Gatten. Kein Verständniß mehr zwischen ihnen. Da
224 3252 860 3322 , die sich ein Schauspielchen aus
2014 3300 3173 3361 Hier ist ein wirkliches „Spiel“ also unmittelbar ins Leben
857 3311 2019 3378 tritt der Hausfreund ein — bei Professoren der Naturwissen¬
211 3300 859 3373 Em Jammer und uuserer Freude
2010 3333 3180 3416 übergeführt. Der groteske Einakter muthet wie ein Vorspiel
852 3355 2011 3406 schaften ist es heutzutage immer ein Assistent —, dem der
231 3345 856 3411 um uns verzweifelt wenig oder
2010 3384 3168 3451 zu einem großen Revolutionsdrama an. Schnitzler beweist,
864 3395 2019 3458 ältere Mann zugethan ist. Der Professor weiß wohl, daß
220 3395 857 3459 wie die römischen Cäsaren um
2003 3432 3168 3502 daß er Gruppen= und Volksszenen zu meistern versteht; man
852 3440 2014 3499 jene sich lieben; er duldet es, er hofft, sie würden zu ihm
227 3426 849 3514 sch im Alltags= wie im Ewigkeits¬
2010 3484 3179 3543 erkennt seine gewohnte feine und nicht selten spintisirende Art
857 3478 2012 3533 kommen und ihn um die Scheidung bitten. Er hätte die Frau
274 3486 852 3543 Schnitzler legt es dem Para¬
2018 3527 3180 3582 gar nicht wieder. Herrn Steffter ist die Inszenirung in jedem
226 3516 855 3578 berühmte Arzt, Kenner der Natur
854 3528 2009 3587 freigegeben; er versteht ja alles, verzeiht alles. Aber sie
858 3580 2013 3628 spielten mit ihm; jetzt am Begräbnißtage erfährt er es.
2012 3569 3178 3627 Betracht geglückt; die stürmischen Massenszenen vollzogen sich
233 3572 862 3631 uf seinen Kreuz= und Querfahrten
2002 3613 3189 3676 ohne Störung und voller Lebenswahrheit. Das Spiel bietet
857 3619 2019 3675 Sein Assistent kündigt ihm seine Verlobung mit einem Mädchen
237 3623 855 3665 von einem stattlichen Philister,
219 3658 3198 3718 us geladen und findet dort seine an, mit dem er seit zwei Jahren schon ein auf die Ehe zielendes auch bei dem Einzelnen sehr gelungene und drastische
