3392 4352
947 181 1269 256 Kakadu
679 194 923 264 ruene
441 188 628 264 Der
199 191 935 302 9. 3. Anene. Senennnn
779 3150 981 3216 Wideher.
289 3211 1359 3315 Le théatre Antoine, ayant souvent réussi!
1406 170 1844 267 box 15/1
1386 551 1690 666 ACFand. —
1382 751 2457 862 LGavec les spectacles coupés, nous a dönnéchier.
1448 810 2454 914 trois pièces de dilférentes longueurs et de dits
1433 855 2469 960 férentes valeurs et d’inspirations très différen¬
1442 906 2459 1012 tes qui constituent un menn tres varié. Za Ma¬
1436 944 2457 1045 7#, #elle n’est qu'un dialogue, co que cette damo¬
1426 996 2459 1101 appelait, et peut-être élait-olle moins sotte
1435 1065 2456 1153 qu'elle ne paraissait, un monologue à denx
1427 1112 2456 1209 personnages II s’agil de denx abonnós de pri¬
1430 1156 2454 1244 sons qui combinent d plans pour une promo¬
1418 1198 2452 1282 tion, pour avoir mienx encore que la prison, 1e
1426 1235 2438 1341 délicienx asile des fous. C’est un peu long;
1423 1283 2455 1390 c’est assez dröle. Berthier et Tunc conscien¬
1426 1337 1845 1410 cieux et agréables.
1455 1390 2438 1479 La Guerre an village est unc étude destinéo.
1418 1439 2436 1545 à démontrer l’effroyable tyrannie cléricaie sous
1413 1480 2436 1578 laquelle est écrasée actuellement la France.
1414 1534 2431 1624 C’est plutôt un article politique de Impartial
1406 1567 2432 1670 d’Agen qu'une pièce; et elle concerne plutôt
1407 1648 2424 1714 mes camarades du premier étage qu'elle no
1407 1673 2430 1768 ressortit à moi; elle ne me regarde mème au¬
1408 1720 2420 1818 cunement. M. Antoiney fut d’une bonne tenue
1397 1771 2425 1866 ecclesiastique, et Mme Després assez ordinaire,
1406 1823 1884 1905 contre son ordinaire.
1416 1893 2411 2006 Au Perroquet vert d’un auteur allemand in¬
1383 1971 2418 2061 connu de moi, Schnitzler, traduction Lutz, est
1396 2005 2410 2095 un ouvrage plein de talent. Je suis assez pen
1384 2052 2416 2164 atteint, je crois, du snobisme exotique pour
1387 2107 2426 2200 qu'on m’en croie. I. s’agissait de peindre un
1381 2156 2416 2241 bouge de Paris en 1789, sorte de cabaret artis¬
1383 2193 2406 2297 tique en mème temps que tapis franc, ou les
1381 2264 2399 2363 grands seigneurs et grandes dames du temps
1377 2299 2405 2392 viennent coudoyer les assassins et les futurs
1378 2347 2403 2433 hommes des journées révolutionnaires et les
1384 2394 2399 2489 futures tricoteuses. Et, il est hien entendu
1369 2453 2387 2529 que tout cela est truqué et que ces assas¬
1380 2497 2395 2588 sins et Ravachol sont des comédiens du crime
1369 2549 2395 2625 ou de la révolte. Oui, mais nous sommes
1371 2590 2393 2670 précisément le 14 juillet 1789 et à la fiction
1367 2640 2385 2711 commence à se méler la réalité, et la liction
1371 2696 2395 2793 elle-méme devient réalité, et ce mélange et
1357 2746 2386 2808 cette progression étaient à peindre et étaient
1361 2786 2383 2874 tres difficiles à peindre en restantclair. Et c’est
1366 2836 2387 2916 ce qui est fatt admirablement dans AAu perro¬
1368 2882 2392 2965 quet vert, et cette pièce commençant par des
1352 2922 2377 2993 bourdes et rigoleries, prenant des teintes in¬
1357 2967 2372 3058 quiétantes en avançant et se terminant dans
1363 3028 2370 3115 une tuerie, est un objet d’art extrémement bien
1352 3072 2372 3160 fait et curieux. — Miile acteurs environ, si j'ai
1349 3121 2374 3184 bien compté. Tous fort bons. Mouvements de
1346 3162 2381 3248 scène réglés comme chez Antoine, et c’est dire
1346 3210 1482 3287 tout.
1882 3263 2252 3360 EMTLE FAGUEr.
2446 678 2525 771 90
