3436 4192
1976 131 2413 228 box 16/1
1058 130 1189 207 ak
214 131 1814 243 9.4. ber grucheadu Zyklus
764 853 1179 919 Telefon 12801.
2131 926 2546 1007 Telefon 12801.
470 952 1474 1035 Unternehmen für Zeitungs-Ausschnitte.
1353 1009 1549 1081 Ausschnitt
1856 1047 2862 1111 Unternehmen für Zeitungs-Ausschnitte.
2730 1096 2921 1162 Ausschnitt
640 1022 1582 1175 „OBSERVER“ fr.
259 1161 1569 1240 I. österr. behördl. conc. Bureau für Zeitungsberichte u. Personalnach
2006 1143 2974 1266 „OBSERVER Nr. 4
435 1214 1525 1312 Wien, IX/1. Türkenstrasse 17.
1634 1251 3082 1315 I. österr. behördl. conc. Bureau für Zeitungsberichte u. Personalnachrichten
637 1303 1295 1390 Filiale in Budapest: „Figyelé“
1810 1304 2927 1400 Wien, IX/1. Türkenstrasse 17.
339 1368 1584 1465 Vertretungen in Berlin, Chicago, London, Newyork, T’aris, Stockhol
2026 1400 2712 1482 Filiale in Budapest: „Figyelö“ —
1724 1458 2988 1557 Vertretungen in Berlin, Chicago, London, Newyork, Paris, Stockholm.
241 1494 1416 1632 Ausschnitt aus: Bohemie (Trag)
1631 1592 2748 1694 Ausschnitt aus: Prager ##chlatt
247 1633 642 1756 vom 7/699
1648 1737 1999 1845 vom 7/635
756 1813 1076 1894 Theater.
543 1856 1403 1944 *. Deutsches Landestheater. Arthur
2140 1880 2555 1966 Theater.
431 1902 1392 1993 Schnitzlers dramatische Skizzen: „Paracelsus“
1948 1935 2823 2009 *— Neues deutsches Theater. Gestern wurden
439 1977 1390 2039 „Diie Gefährtin" und „Der grüne Kakadu“,
1854 2006 2815 2061 die drei Einacter von Arthur Schnitzler: „Paracelsus“,
425 2025 1393 2092 die gestern zum ersten Male in Seene gingen und
1856 2059 2816 2115 „Die Gefährtin“ und „Der grüne Kakadu“ auch hier
439 2069 1395 2136 denen die gespannte Erwartung eines zahlreichen
1852 2101 2828 2157 zum ersten Mal gegeben. Das reizvolle Spiel von dem
439 2109 1403 2167 Publicums entgegenkam, haben intereffirt, ohne zu
1852 2152 2820 2220 weisen Arzte Paracelsus, das an Grillparzer'sche Weis¬
440 2167 1400 2225 erwärmen. Jedem der drei Stückchen, die trotz der
1857 2206 2827 2271 heit gemahnt und dichterisch am höchsten steht, hatte
427 2216 1401 2278 grundverschiedenen Motive etwas Gemeinsames in der
1856 2250 2834 2316 entschiedenen Erfolg. Frl. Immisch und die Herren
430 2261 1398 2314 Stimmung, im Spiele mit Vorstellung und Wirk¬
1851 2309 2827 2363 Tauber und Schmidt standen wirksam in der
429 2313 1400 2379 lichkeit haben und die durch ihre psychologischen Mo¬
1845 2354 2833 2409 Mitte der Handlung. Im zweiten Stück, der trübseligen
431 2359 1403 2410 tive zum Denken anregen, fehlt etwas zur vollen
1858 2384 2828 2469 Tragödie einer Ehe, sind die Voraussetzungen doch zu
433 2395 1387 2465 dramatischen Wirkung. „Paracelsus“ — ein feines
1852 2452 2838 2508 sehr erklügelt, als daß es direct zu unserem Gefühle
428 2452 1402 2505 Draoeleti von gedämpftem Humor, das die mit Kunst
1852 2492 2838 2555 sprechen könnte. Gespielt wurde es in den Hauptrollen
427 2502 1399 2558 herbeigeführten Wirkungen der Hypnose und der
1846 2544 2842 2591 vortrefflich von Herrn Freiburg und Frl. Baum¬
425 2553 1395 2613 Suggestion in längstvergangene Tage verlegt, um aus
1844 2585 2834 2652 gart. Das dritte, von dem Dichter als Grotteske be¬
427 2591 1387 2656 sihnen einen Zauberspiegel der weiblichen Seele zu
1849 2650 2838 2703 zeichnet, schildert die Stimmung vor dem Ausbruch der
416 2656 1402 2716 machen, hat am meisten Geschlossenheit, aber einen
1851 2686 2831 2744 französischen Revolution und fesselt durch lebhafte Farbe
413 2694 1401 2760 etwas zu zarten Strich für ein Bühnenbild. „Die
1860 2733 2833 2801 und effectvolle Führung. Es wurde mit starkem Beifall
422 2735 1398 2803 Gefährtin", eine originelle Studie aus dem modernen
1847 2776 2847 2845 aufgenommen. Unter den zahlreichen Darstellern, die
430 2771 1394 2835 Eheleben und die keck geniale Coloritstudie aus der
416 2829 1378 2895 französischen Revolutionszeit „Der grüne Kakadu“
1860 2828 2830 2902 mit Glück für die Einacter eintraten, hatte Herr Frei¬
424 2874 1390 2943 sind Katastrophen, die ein Sonderleben zu führen ver¬
1857 2874 2839 2957 burg die dankbarste Rolle. Der Geist eines echten Dich¬
1857 2933 2472 3007 ters gab dem Abend das Gepräge.
425 2912 1391 2993 suchen. Perspectivische Verkürzungen sollen den dia¬
2647 2931 2801 2982 F. A.
238 2980 1384 3038 Für 50 7matischen Körper andeuten — aber man hat doch in
1426 2995 1579 3057 inclusit
2098 2997 2645 3077 Bezugs-Bedingungen.
324 3021 1383 3089 100 beiden Fällen den Eindruck des Abrupten. Den feinen
1437 3047 1586 3097 Porto
320 3060 420 3114 200
2596 3042 2820 3132 fl. 7.50
1645 3064 2554 3139 Für 50 Zeitungsauschnitte (Artikel oder Notizen)
428 3075 1381 3134 Geist und die Satire der Skizzen hat man heraus¬
2837 3063 3028 3140 inclusive
1437 3076 1606 3136 Zahlba
312 3100 421 3142 500
2671 3094 2819 3165 14.—
1676 3115 1841 3167 „ 100
2855 3124 3006 3169 Porto.
432 3088 1597 3194 gefühlt und lebhaft anerkannt — aber man hat die ] im Vorn
254 3136 423 3211 „ 1000
2577 3136 2796 3201 „ 25.—
1737 3149 1846 3197 200
2205 3163 2255 3211 „
2845 3158 3027 3212 Zahlbar
423 3167 1587 3255 Vorgänge auf der Seeue nicht mitzelebt. Die Auf sehmitte ist
2676 3184 2800 3234 55.—
1796 3191 1846 3245 0
1727 3194 1783 3237 5
2547 3200 3047 3286 ..„ 100.— im Voraus.
356 3209 1589 3287 li führung ist nichts Wesentliches schuldig geblieben, ueh steht e
2189 3201 2271 3276 n
1682 3228 1871 3304 „ 1000
252 3234 1379 3320 Abonnem Die wirksamsten Rollen waren durch die Herren
257 3269 451 3335 Abonnent
1378 3280 1539 3330 ändern.
1775 3257 3089 3335 Im Gegensatze zu anderen Bureaux für Zeitungsausschnitte ist das
425 3308 1367 3351 Tauber, Freiburg, Schmidt und von Wy¬
1663 3307 3098 3388 Abonnement durch keine bestimmte Zeitdauer begrenzt; — auch steht es den
419 3348 1385 3398 metal und die Damen Immisch, Baumgart
1663 3359 2945 3426 Abonnenten frei die aufgegebenen Themen zu ergänzen oder zu ändern.
412 3403 1390 3466 und Buska glücklich vertreten. Im „grünen
405 3445 1377 3513 Kakadu“ fordert die Bewegung rascheres Tempo, das
413 3489 1387 3560 Ineinanderspiel der Gruppen mehr Abtönung der
410 3544 1368 3624 Reden. Nach allen drei Stücken wurden die Dar¬
1178 3585 1362 3672 A. #.
407 3582 733 3674 steller gerufen.
