3436 4224
151 182 404 271 9. 4
1060 171 1133 250 1k
1908 169 2377 276 box 16/1
388 187 1905 299 ber gruene Kanadu ZykIus
3125 1466 3316 1552 a
439 1545 3323 1591 actereyelus, der vorige Woche auf unserer Bühne Schönthan und Koppel=Ellfeld in der „gold'nen Sorgfalt in die engsten Grenzen gefaßt,
1471 1578 2498 1646 Eva“. Der Vorwurf ist aber ungleich tiefer, als
2496 1597 3326 1653 zu wenig und zu viel. Man hätte das
431 1591 1490 1652 die erste Aufführung fand. Neu im Gewand, im
2502 1635 3328 1696 kaum zutrauen mögen; kann die „Liebe
424 1635 2497 1692 Milieu, in der Stimmung aber ist er nicht zu ver=er sich gibt. Die Jugendliebe Justina's zu Para¬
2495 1679 3293 1737 Technik eine gewisse Flüchtigkeit und 1
1478 1683 2112 1745 celsus ist sein zarter Grund:
430 1683 642 1770 kennen.
2493 1714 3334 1788 heit nicht verleugnen, hier trifft beides
1540 1708 2270 1798 Seht diesen hab' ich wirklich lieb gehabt,
512 1720 1492 1801 „Paracelsus“ spielt zu Beginn des 16.
1542 1759 2362 1819 Ach, lange noch . . . Oh, Cyprian, wie lang!
2493 1760 3324 1833 harmonischen Ganzen, die tiefe Kraft
443 1784 1485 1858 Jahrhunderts in Basel, im Hause des Waffen¬
1538 1797 2433 1862 Als Ihr von dannen giengt, vor dreizehn Jahren,
2500 1821 3342 1900 mung und der meisterhaft geführte Dic
439 1820 1495 1906 schmiedes Cyprian. Die Handlung ist ungefähr
1541 1851 2422 1912 Ohn' Abschied und ein Wort von Wiederkommen,
2565 1875 3341 1937 Wie sich in diesem Schauspiel eins
438 1889 1486 1943 die: Theophrastus Bombastus Paracelsus er¬
1545 1895 2414 1967 Ich meint', ich müßte sterben. Wärt Ihr damals
1542 1926 2312 1994 In jener Nacht da Ihr die Stadt verließt,
2508 1914 3335 1996 andern ergibt: Dem Professor Robert
437 1937 1482 1995 regt bei den biederen Philistern durch seine Zau¬
1551 1956 2364 2027 Nochmals zurückgekehrt — ach Alles hätt' ich,
2512 1974 3328 2036 seine Frau plötzlich gestorben. Was
431 1967 1494 2045 berkünste und hypnotische Curen großes Aufsehen.
1542 2007 2340 2070 Was Ihr verlangt, Euch freudig hingegeben,
2509 2018 3257 2086 ahnte, wird jetzt zur Gewißheit, daf
441 2018 1497 2087 Von Cyprian in sein Haus geladen versenkt er des¬
1541 2042 2329 2104 Ob ich auch wußte. daß der nächste Morgen
2506 2069 3218 2148 Verhältniß zwischen der Verstorbej
432 2066 1488 2130 sen Frau Justina in tiefen Schlaf und suggerirt
1545 2069 2414 2155 Für ewig mir Euch nahm — so liebt' ich Euch!
2493 2117 3113 2183 Assistenten Doctor Hausma
1552 2124 2293 2188 Wer weiß, wie viele Fenster in der Stadt
440 2118 1499 2199 ähr, sie habe sich mit dem Junker Anselm in ein
1546 2143 2476 2232 Allnächtlich offenstehn für Einen, der — nicht kommt!
2497 2156 3063 2238 Der Tod ist dazwischen getr
436 2170 1489 2230 gewagtes Liebesspiel gelassen. Da sie erwacht,
2503 2213 3048 2281 sung fand. Ihm war sie
433 2221 1486 2271 flieht sie entsetzt vor dem Anblicke ihres Gatten.
1537 2212 2511 2282 Jetzt nach Jahren betritt er wieder ihr
2503 2259 3019 2325 loren. Er zürnt ihr nich
439 2267 1485 2331 Alles Zureden hilft nichts und sie beharrt hart¬
1472 2274 2521 2333 Haus. Er ist weit gereist, sie sieht, sie würde wohl
2505 2297 3010 2374 Tod gleicht ja so viele C
428 2315 1477 2379 näckig auf dem Geständniß ihrer Schuld. Die
1480 2328 2518 2381 nicht mehr zu ihm passen, Zeit auf Zeit ist dazwi¬
2502 2353 2993 2417 Leben blutig gestoßen.
445 2349 1483 2417 Sache soll aber noch toller werden. Cyprian
1481 2374 2505 2434 schen gerückt, aber aus jener Jugend tönt es wie
2506 2411 2975 2475 Schlag. Von Hausme
441 2409 1479 2484 glaubt jetzt selbst an den Treubruch und rückt dem
1470 2424 2365 2486 frühe Glocken durch die morgenklare Luft.
2507 2450 2930 2518 seit über einem Jal
433 2459 1489 2524 armen Anselm hart zu Leibe. Paracelsus löst
1546 2455 2512 2530 Um dieses Wiedersehen war es dem Dichter
442 2498 2943 2562 diesen Bann, versenkt Justina wieder in Schlaf, vor allem zu thun. Das hat er mit den feinsten wesen und die Freun
443 2543 1492 2618 läßt sie die letzte Stunde in ihrer Einbildung ver¬
2508 2556 3002 2608 Eveline habe darum ge!
3105 2555 3177 2607 E
1473 2564 2518 2625 Farben getönt. Ein anderer hätte vielleicht das
2503 2598 3240 2662 fährtin, keine Geliebte, sondern n
429 2607 2509 2665 gessen und befiehlt ihr, die reine Wahrheit zu ganze tragisch gegeben, ihm war es nur um dies
2504 2642 3259 2703 ihm fremd und fern, „das zufällig in
436 2656 2512 2723 sprechen. Die Affaire Anselm ist nun natürlich eine zu thun: Die Vergangenheit steht nochmals
2496 2697 3284 2759 gestorben ist“. Es bricht alles zusamf
436 2692 2509 2774 aus dem Gedächtniß geschwunden, sie spricht die auf, sie ist beinahe so schön und glänzend wie ehe¬
2497 2747 3321 2821 wo er Reinheit und Liebe hoffte, Schn
431 2749 2507 2819 Wahrheit, daß sie Paracelsus einst geliebt und dem und doch wieder nicht ganz so. Sie ist aber
2509 2791 2888 2859 und Gemeinheit.
443 2785 2504 2854 daß sie ihrem Gatten anfangs nur Freundschaft Befreiung, das Idealbild des Wunderdoctors zer¬
431 2834 1483 2913 in die Ehe brachte. Jetzt sei er ihr aber fremd ge¬
2559 2831 3311 2914 Es ist seltsam diese Stimmung, wenn
1471 2847 2520 2918 flattert in der Wirklichkeit, die Sehnsucht ist still
430 2885 2513 2977 worden. Paracelsus zieht weiter und Cyprian geworden und das Leben reich an Schönheit und
2509 2894 3258 2966 Todten bestattet haben. Das Leber
435 2935 1709 3025 hat die Genugthuung, einmal auf den Herzens= Stärke..
2496 2944 3258 3021 und nichts mahnt daran, daß sie
441 2965 1222 3045 grund seiner Frau geblickt zu haben.
1543 2985 3311 3053 Das zweite, „Die Gefährtin“ ist ein wesen sei. Nur ist alles so leer, so für
518 3019 1488 3099 Das wäre eine ganz schöne, glatte und lustige
1480 3038 3341 3109 Meisterwerk dramatischer Kunst. Der Aufbau ist und leer. Das hat der Dichter in wur
437 3080 3333 3185 Handlung, noch dazu in Versen. Das kann auch so klar und durchsichtig und fast mit peinlicher Weise wiedergegeben: Sollte man gla
2840 3140 2983 3207 AMR 22
