3484 4480
2163 131 3257 212 weise tadellose war und daß neben Herrn Lübau auch die
2154 196 3241 258 anderen Darsteller ungezählten Hervorrufen Folge leisten
2159 252 3249 318 mußten. Im ersten Einakter, der die Momente behandelt,
2162 281 3264 370 in welchen ein Ehemann erfährt, daß seine soeben
2160 343 3259 420 begrabene Gattin ihn nicht mit einem anderen Manne
2165 406 3256 456 hinterging, der sie liebte, sondern daß sie sich diesem
2166 452 3261 507 Manne unter Preisgebung jedes Begriffes von weiblicher
2165 510 3267 561 Ehre an den Hals geworfen, spielte Herr Lübau den
2163 530 3261 620 neuen Witwer mit der ihm eigenen vornehmen Ruhe
2165 588 3260 655 und wußte den psychologischen Feinheiten des Stückes
2169 618 3269 697 vollends gerecht zu werden. Auch Herrn Flemming
2172 678 3272 753 (Dr. Hausmann) gebührt Anerkennung, dagegen hätte
2165 731 3276 793 Frl. Gigl (Olga Merholm) dem Studium ihrer Rolle
2163 784 3275 839 bedeutend mehr Aufmerksamkeit widmen können. Sie
2637 819 3276 903 Im Mittelpunkte des zweiten
2587 848 2645 890 —
2164 834 2541 904 war sehr unsicher.
2165 875 3261 952 Einakters steht die Figur des mittelalterlichen Medizin¬
2163 923 3273 999 mannes Paracelsus (Herr Lübau) und wenn die
2157 985 3263 1055 Kur, die Schnitzler ihn an dem hochmütigen Waffen¬
2164 1008 3267 1094 schmied Cyprian (Heer Orell) vornehmen läßt, auch
2171 1074 3265 1141 gewiß nicht geeignet wäre, seinen bekannten glücklichen
2162 1123 3264 1193 Kuren zugezählt zu werden, so genügt sie doch, um
2167 1164 3265 1241 uns einige spannende Szenen vor Augen zu führen.
2172 1211 3268 1290 Der Jnhalt ist kurz folgender: Der Baseler Waffenschmied
2170 1263 3276 1336 Cyprian ist sich seines ehelichen Glückes zu sehr bewußt
2165 1315 3272 1394 und beleidigt den gerade in der Stadt Wunderkuren
2163 1357 3268 1447 verrichtenden und von ihm mehr spasseshalber einge¬
2168 1397 3280 1495 ladenen Paracelsus. Dieser rächt sich, indem er, um
2177 1463 3281 1542 Cyprian eine Probe seiner Kunst vorzuführen, dessea
2180 1519 3278 1577 Gattin in einen hypnotischen Zustand versetzt. Er be¬
2167 1564 3278 1651 fiehlt ihr zu glauben, daß sie sich einmal mit einem
2175 1613 3275 1680 im Hause verkehrenden Junker vergangen habe und erst
2175 1646 3278 1738 nachdem er sich an der Qual des Mannes geweidet,
2167 1712 3272 1783 stellt er wieder den status quo her. Cyprian ist geheilt,
2167 1772 3277 1831 er wird dafür sorgen, daß seine Frau keiner weiteren
2174 1803 3284 1876 Versuchung, der sie nach ihrem eigenen Geständnisse
2172 1860 3285 1921 diesmal bald erlegen wäre, denn der Junker machte
2169 1891 3283 1967 ihr die Cour nach allen Tonarten, ausgesetzt sei. Der
2186 1961 3274 2031 Junker entdeckt plötzlich, daß er eigentlich die Schwester
2187 1995 3292 2074 Cyprians, Cäcilie, liebt und da ihm deren Herzschon längst
2182 2058 3278 2127 in stiller Glutentgegenschlägt, werden sie ein glücklich Paar
2178 2091 3286 2179 und wenn sie nicht gestorben sind, so leben sie noch heute
2346 2159 3278 2228 Auch hier hat Schnitzler viel Sorgfalt auf
2176 2223 3290 2264 die scharfe Kennzeichnung der einzelnen Charakteren
2183 2256 3290 2330 verwendet und einen überaus glücklichen Wurf gemacht.
2181 2288 3289 2367 Um die Wiedergabe machten sich besonders Herr Lübau,
2188 2341 3292 2428 sowie Frl. Gigl (Cyprians Gattin), die speziell in dem
2175 2407 3284 2465 hypnotischen Traum zustande die strengen Grenzen der Linien¬
2183 2448 3299 2526 führung einhielt, Herr Orell und Frl. Just sehr verdient.
2242 2495 3304 2582 Am wirkungsvollsten ist aber ohne Zweifel „Der grüne
2171 2563 3295 2630 Kakadu“, wo wir unter dem Titel einer Spelunke
2181 2592 3295 2677 mitten in die große französische Revolution geschleudert
2185 2638 3296 2713 werden und eine Reihe ungemein gelungener Typen vor
2184 2706 3300 2768 unseren Augen auftauchen sehen. So wenig der Kern
2177 2753 3284 2822 der eigentlichen Handlung — ein Herzog ist der Lieb¬
2184 2792 3294 2855 haber einer jungverheirateten, aber deshalb alles eher
2181 2851 3300 2909 denn unschuldigen Schauspielerin und wird dann von
2192 2874 3300 2960 ihrem Manne, der sie wahnsiunig liebt und ihr Zunft¬
2185 2922 3301 3018 genosse ist, erstochen, während der Lärm der Revolution
2192 2989 3259 3065 von der Straße in das nachtasylartige Lokal dringt —
2194 3033 3292 3102 ein stark hervorragender ist, so ausgezeichnet versteht
2182 3078 3297 3161 Schnitzler das Milieu zu schildern und die Darstellung
2191 3145 3297 3213 auf unserer Bühne blieb ihm nicht allzuviel schuldig.
2188 3184 3286 3267 Ganz schlackenfrei war sie allerdings nicht, aber Schnitz¬
2197 3219 3290 3301 ler ist ein zu raffinierter Ingenieur der Bühnentechnik
2193 3288 3287 3350 als daß man von unseren abgehetzten Kräften verlangen
2200 3328 3291 3399 könnte, sie sollten ihm bis in die kleinsten und feinsten
2193 3396 3291 3450 Details folgen. Aus einem Guß war blos eine ein¬
2202 3416 3298 3505 zige Leistung: die des Herrn Direktors Rübsam als
2193 3481 3292 3558 Schauspieler Henri. Da war nichts auszusetzen, wogegen
2192 3533 3292 3616 seiner Partnerin Frl. Just, das kokettenhafte der gewissen¬
2191 3577 3293 3655 losen Herzogsdirne auch nicht in einem Zuge gelang. Sie
2198 3621 3301 3683 bemühte sich, mitzukommen und verdarb schließlich nichts.
2193 3676 3300 3738 Die Marquise von Lansac, ein Sinnenweib, das sich
2197 3729 3289 3814 im Garten Readezvous gibt, während in der Straße
1279 3727 2086 3834 a Heer Kapeameister Königsberger.“
2210 3767 3302 3852 vor ihrem Hause Blut fließt, wurde von Frl. Lothar
1082 3794 2195 3870 41 0 (. — Zum Benefize des Herrn Lübau,
2216 3824 3299 3897 tadellos verkörpert. Köstlich war der Strolch des Heern
1091 3864 2191 3922 einem der besten Mitglieder unseres Schauspielensembles,
2215 3867 3296 3940 Mauth, sowohl in der Maske, als in der Sprache.
1112 3914 2190 3979 gingen Dienstag Artur Schnitzlers drei Einakter
2218 3916 3306 3987 Sonst verdienen noch die Herren Indra und Flem¬
1120 3960 2206 4031 „Die Gefährtin", „Paracelsus“ und „Der grüne
2216 3970 3322 4049 ming hervorgehoben zu werden. Die Regie sei mit
1112 3996 2208 4065 Kakadu“ in Szene. Es sei gleich im Voraus betont,
1118 4027 2504 4154 daß die Aufführung aller drei Bühnenwerke eine stellen, Lob genannt.
