3436 4256
2084 195 2544 266 box 15/6
275 172 1921 305 9.4. Derrnene Kakaduz#klus
390 1099 3128 1168 der Eifersüchtige in seiner blinden Wuth wirklich sentschieden Pech, im Verzeihen wie im Zürnen. bewundernswerthesten Objecte für einen geschickten.
391 1144 1304 1208 die That, der er sich vorher gerühmt. Er sticht
1293 1146 2216 1221 Kaum hat er den Herrn Assistenten hinaus¬
2205 1159 3132 1213 Hypnotiseur, erkennt ihre Täuschung in Bezug
154 1141 396 1239 hof.—
375 1191 1305 1247 den Herzog nieder — ein Verbrechen, das dem
1292 1201 2215 1263 complimentirt, da erfährt er, daß sein Zorn
2207 1199 3140 1257 auf Junker Anselm, sie befolgt aber die
163 1210 397 1285 bes gestern
389 1237 1298 1291 anspruchsvollen und verwöhnten Publikum der
2198 1228 3141 1302 Wahrheitsweisung des Meisters Paracelsus“
1291 1234 2211 1288 wider den Jüngling eigentlich grundlos sei.
152 1258 389 1316 Der sich aus
2216 1277 2274 1327 so
386 1274 1302 1322 Kunstkneipe als ein ganz besonderer Effect von
1301 1271 2200 1326 Die Verstorbene hat ja von der Verlobung
2283 1280 3138 1331 weitgehend, daß sie zugleich offenherzig.
155 1293 385 1359 Schauspiel:
383 1312 1296 1363 großer Wirksamkeit erscheint. Unter einem fürchter¬
2207 1305 3140 1361 gesteht, wie sie einstmals den Jüngling Hohenheim
1303 1306 2044 1374 ihres Geliebten gewußt und dennoch —
2079 1321 2208 1372 — ging
165 1345 382 1393 Versspiel:
1292 1350 1620 1408 sie mit ihm .
383 1344 1302 1402 lichen Tumult, der durch den Jubel über die
2212 1356 3131 1410 geliebt, wie sie ihm in ihrer leidenschaftlichen
1664 1359 2212 1420 Der Professor erträgt auch
164 1377 392 1434 htungsvoller
395 1389 1304 1443 Erstürmung der Bastille verstärkt wird, fällt der
1299 1394 2208 1431 diese Ueberraschung mit der ihm eigenen, be¬
2198 1392 3120 1449 Neigung einst wohl alles gewährt hätte — wenn
160 1404 384 1478 Groteske“:
378 1418 609 1488 Vorhang.
1303 1434 2206 1484 wunderungswürdigen Ruhe. Er beschließt, den
2200 1424 3123 1495 er mit einer diesbezüglichen Forderung an sie
241 1454 388 1510 Theil
1298 1472 2214 1519 Schauplatz seiner Unthätigkeit für einige Zeit zu
2202 1461 2604 1531 herangetreten wäre.
2704 1466 3148 1518 Der Wahrheitsanfall:
433 1453 1301 1533 Das breit und keck hingeworfene Genrebild ent¬
154 1490 388 1552 egeisterung
1303 1511 2209 1546 verlassen und empfiehlt sich dem verehrten Pub¬
2213 1512 3129 1559 Frau Justinas hat weiter keine üblen Folgen.
382 1502 1298 1560 hält viele packende Züge, und die Figuren sind
167 1522 391 1591 Werth be¬
1301 1547 2217 1604 likum in ziemlich wortkarger und streng realistischer
2198 1550 3128 1601 Was vorbei ist, ist vorbei, und der wackere
382 1542 1302 1593 kräftig herausgearbeitet; aber damit sind auch alle
151 1571 389 1632 esem Stück
1293 1581 1483 1639 Manier.
1471 1586 2209 1638 Damit ist das kleine Stück zu
383 1589 1259 1641 Vorzüge des Werkes gekennzeichnet. Die Wahl de
2209 1594 3132 1655 Cypriau ist kein Mann, der unnöthig Grillen
166 1610 392 1669 r. und die
1308 1624 2214 1672 Ende. Auch dieses Werlchen ist erkünstelt
385 1624 1301 1689 Stoffes sowohl wie dessen Ausgestaltung verrathen
2222 1626 3128 1677 fängt. Er beruhigt sich um so eher, als
188 1650 378 1708 erstarben
1292 1654 2212 1718 von Anfang bis zu Ende; aber während Schnitzler
392 1665 1302 1716 eine Sucht nach Originalität, nach eigenartigen
2840 1653 3134 1726 „Wenn Du
2207 1659 2833 1730 Justina ihm versichert hat:
144 1680 382 1751 ses Ueber¬
397 1701 1300 1759 Effecten, die mit dem Raffinement des Kellerwirthes,
1299 1712 2205 1757 im „Grünen Kakadu“ auf diesem Wege crassen
2204 1703 3124 1767 mich hütest, kannst Du mir vertrauen“ und er
155 1721 385 1787 agich nicht
386 1729 1295 1795 der seinem Publikum um jeden Preis etwas Außer¬
1310 1739 2209 1794 Theatereffecten nachgeht, spürt er hier in den
2205 1736 3131 1790 entläßt uns mit de# befriedigenden Versicherung,
159 1773 383 1826 eichen Ver¬
1313 1782 2202 1831 Seelen seiner Figuren herum und sucht durch fein
391 1782 1297 1829 gewöhnliches bieten will, fast auf gleicher Stufe
2205 1776 3124 1838 daß er den Sinn des kleinen Spieles wohl ver¬
156 1808 387 1862 tüm zu, um
1308 1820 2214 1871 abgetönte Stimmungen zu interessiren. Leider
390 1823 1303 1870 steht. Und so wie dieser wackere Mann an seinen
2214 1809 3133 1874 standen habe. — Nun, den Sinn verstanden auch
160 1846 377 1899 Kakadu be¬
1307 1851 2206 1906 ohne sonderliches Glück. Das Ganze ist zu kühl
388 1863 1300 1907 verkommenen Mimen die grelle Uebertreibung
2202 1863 3139 1904 wir, aber nicht mehr als ein Puppenspiel.
167 1884 391 1947 rativ aus¬
386 1898 1302 1945 liebt, so gefällt sich auch der Autor darin, seine Zu¬
1302 1897 2218 1951 erdacht, zu klug ersonnen, es fehlt ihm die Ur¬
2204 1901 3130 1956 ist's, das uns Weisheit predigen soll. Alle=Achtung
172 1929 373 1983 nd zur Be¬
1299 1943 2208 1991 sprünglichkeit, die innere Kraft. Der schlau construirte
388 1935 1300 1997 hörer durch Grimassen und Verzerrungen zu unter¬
2216 1937 3125 1988 vor den hypnotischen Künsten des Meister Paragel¬
163 1963 341 2026 spüren.
1300 1976 2212 2033 Conflict läßt kalt, weil er eben construirt ist und
382 1976 1298 2024 halten und die kecke Anhäufung lustigen Unsinns
2209 1973 2905 2037 sus, seine Unterhaltungsgabe ist
2894 1978 3115 2042 weitrge¬
181 1999 391 2074 nbewegtes
1300 2020 2202 2071 als ein peinliches Spiel mit falschen und ge¬
2204 2005 3130 2070 ringer, und um seinen Humor ist's auch“ gar
396 2016 1299 2074 schließlich durch eine gewaltsam herbeigeführte
1299 2053 1921 2112 machten Empfindungen erscheint.
175 2053 354 2115 otion, ein
399 2057 1301 2113 „schauerliche Morithat“ zu krönen. Daß Herr
2219 2040 3128 2104 schlecht bestellt. Dem kleinen Spaß fehlt die rechte
1354 2077 2216 2148 In dem Vorspiel „Paracelsus“ braucht
393 2091 1303 2144 Schnitzker in richtiger Erkenntniß der Stilart seines
2205 2084 3124 2152 Kraft, die sprudelnde Laune, die sich über den
167 2003 360 2183 a
1311 2119 2213 2178 Schnitzler die bekannte volksthümliche Figur des
384 2125 1307 2192 Stückes den grünen Kakadu als „Groteske“ be¬
2214 2134 3089 2185 Stoff erhebt und das Kindische der Erfindung, die
392 2163 1298 2220 zeichnet, kann ihn vor dem Vorwurf, seine feine
167 2156 387 2223 ellerkneipe,
1300 2165 2216 2216 Teophrastus Bombastus Hohenheim, Paracelsus
2219 2156 3129 2224 Harmlosigkeit des Vorganges verhüllt. So Me
169 2213 386 2267 em Titel:
389 2213 1301 2271 Kunst hier in den Dienst grober Effecthascherei
1308 2207 2214 2261 genannt, um uns einen eigenartigen Suggestionsfall
2214 2206 3123 2259 Schnitzler sie uns giebt, wirkt die breit ausge¬
176 2238 387 2302 ie einstige
2203 2252 3123 2289 I sponnene Spielerei weder ernst noch komisch und
388 2243 1152 2309 gestellt zu haben, durchaus nicht schützen.
447 2271 1306 2345 Wesentlich anders geartet sind die beiden
154 2277 384 2346 führt nun
1306 2278 2209 2334 vorzuführen. Paracelsus, der als fahrender
2204 2284 3124 2356 steht höchstens auf der Stufe eines leidlich.
382 2317 1294 2374 anderen Gaben dieses merkwürdigen Einakter¬
1309 2316 2209 2374 Wunderarzt durch die Lande zieht, trifft in Basel
2218 2321 2698 2390 gelungen Operettentextes.
162 2309 402 2380 erkwürdige
161 2356 382 2418 ähst natura¬
1300 2364 2206 2417 mit einem alten Bekannten, dem Wassenschmied
395 2363 1301 2414 Straußes. — „Die Gefährtin“ ist ein selt¬
2267 2366 3133 2414 Die Darstellung gab sich redliche Mühe, den
154 2396 395 2464 let sich mit
1305 2409 2211 2463 Cyprian, zusammen. Cyprian ist ein arger
383 2399 1293 2450 sames Nachspiel zu einer seltsamen Ehebruch¬
2208 2387 3124 2466 Abend zu verschönen. Herr Kainz nahm sich des
1297 2437 2220 2498 Zweifler an Paracelsus' Kunst, er verlangt, im
391 2447 1304 2498 Geschichte. Einen bejahrten Professor betrügt sein
2207 2434 3130 2492 Schauspielers Henri und des Meisters Paracelsus“
157 2436 384 2496 n wurden.
159 2472 396 2539 e Rotte ver¬
1305 2471 2217 2528 eigenen Hause ein Wunder dieser Kunst zu sehn,
396 2483 1305 2542 jüngeres Weibchen mit dem jungen Herrn Assistenten.
2207 2482 3124 2533 mit seiner vollen Gestaltungskraft an, Herr Nissen
1300 2522 2213 2573 um gläubig zu werden. Herr Paracelsus ist bereit,
387 2514 1306 2576 Der gemüthvolle Gatte ahnt alles, weiß alles, aber
2207 2526 3137 2568 spielte sowohl den philosophischen Gatten, wie den
160 2524 388 2578 gestumpftes
388 2561 1301 2603 er schweigt. Er hat nicht die Kraft, das ungetreue
1299 2568 2211 2612 und an des Waffenschmieds Gattin Justina will
160 2559 388 2614 jene Dar¬
2210 2560 3119 2628 zuversichtlichen Ehemann Cyprian vortrefflich, und
1844 2586 2216 2661 Cyprian ist über¬
2212 2597 3128 2651 die Damen Dumom, Reisenhofer und Sarrow,
1303 2601 1830 2659 er seine Kunst beweisen.
170 2597 386 2653 Ein ange¬
388 2588 1311 2649 Weib freizugeben und beruhigt sich philosophisch
171 2627 395 2693 likum und
385 2634 1311 2688 bei der Erklärung: „Sie ist zur Geliebten
1305 2627 1789 2698 zeugt von der Treue
1781 2628 2210 2698 seiner Frau, trotz¬
2216 2631 3129 2689 sowie die Herren von Winterstein, Fischer,
1294 2664 1794 2730 dem ihr ein gewisser
2215 2663 3125 2740 Biensfeld und Reinhard brachten die von
1775 2673 2218 2737 Junker Anselm ge¬
386 2675 1309 2736 geschaffen, zur Gefährtin nicht.“ So duldet
160 2675 392 2736 Zumor in
1302 2709 1809 2781 flissentlich den Hof macht.
387 2710 1307 2776 er stillschweigend das kleine Verhältniß der Frau
2208 2710 3131 2757 ihnen verkörperten Figuren zu bester Geltung.
1805 2706 2205 2773 Hier setzt der weise
155 2713 400 2769 #ilden Auf¬
1540 2752 1662 2802 ein.
1799 2748 2208 2807 will dem armen,
1307 2747 1551 2805 Paracelsus
398 2752 1310 2806 Gemahlin, die eines traurigen Tages, als der
2218 2754 3134 2815 Mit ausgezeichneter Charakteristik stellte Herr
159 2744 398 2810 hmlichkeiten
1304 2781 2210 2838 unschuldigen Frauchen nach allen Regeln seiner
2206 2793 3146 2843 Rittner im grünen Kakadu unter den vielen er¬
385 2787 1298 2845 Geliebte gerade auf Ferien ist, am Herzschlage
157 2792 398 2852 akadu“, das
1304 2832 2213 2879 hypnotischen Kunst einen Ehebruch suggeriren.
2207 2833 3119 2884 logenen Verbrechern einen echten Mörder dar.
393 2834 1302 2892 stirbt. Das ist die Vorgeschichte, die uns der Ein¬
170 2832 394 2887 vorgeführt
1303 2861 2216 2919 Und das Wunder gelingt. Aus dem hypnotischen
2219 2871 3146 2932 Es war der Hauptwitz des Abends, als dieser
398 2867 1301 2928 akter schonend beibringt. Was sich weiter
161 2863 389 2926 schließt das
1296 2910 2219 2967 Schlummer erwacht, gesteht Jnstina in fürchterlicher
385 2899 1291 2970 begiebt, ist nicht minder seltsam. Der Muster¬
156 2911 387 2971 Das hervor¬
2207 2905 3133 2962 Bursche erzählte, wie er seine Tonte umgebracht..
1304 2936 2216 3005 Afregung die Sünde, die sie in Wahrheit
387 2958 1303 3013 gatte gesteht nach dem Tode des un¬
159 2950 396 3004 ide, Henri,
2208 2947 3138 3013 I So etwas ist aber auch wirklich furchtbar komisch.
1638 2984 2219 3044 Sie beichtet ihr Abenteuer
1303 2977 1644 3045 nit begangen.
393 2986 1295 3042 getreuen Weibes mit derselben löblichen Seelen¬
168 2970 398 3041 erzählt in
1300 3014 1979 3078 mit dem Junker Anselm so
1962 3013 2212 3082 gewissenhaft
400 3029 1303 3086 ruhe, die er bis dahin an den Tag gelegt, daß er
170 3026 404 3090 den Herzog
400 3060 1305 3114 „alles genießt“; er behandelt den zurückgekehrten
1303 3052 2223 3113 und umstöndlich, daß selbst Paracelsus kaum
156 3058 391 3122 Ader Eifer¬
1711 3092 2222 3158 ob wirklich nur seine
1303 3090 1682 3155 noch rechst weiß
391 3105 1300 3150 Assistenten mit der höflichen Zuvorkommenheit, die
164 3096 395 3159 kkert nur,
1307 3125 2206 3190 übermächtigen Einflüsterungen aus ihr sprechen ...
401 3129 1308 3189 man nach dieser neuen Theorie dem Liebhaber
167 3142 400 3210 ieser edlen
1303 3180 2226 3238 Alles ist bestürzt, am bestürztesten natürlich Junker
407 3187 1310 3233 seiner Frau schuldig ist. Ais er nun aber plötz¬
189 3183 396 3241 geflunkert
1312 3206 2214 3266 Anselm, der von der ihm angeblich zu Theil ge¬
391 3219 1304 3284 lich erfährt, daß dieser Liebhaber seit längerer
169 3210 406 3277 ur grausen
1301 3257 2224 3321 wordenen Auszeichnung keine Ahnung hat. Durch
399 3266 1308 3318 Zeit mit einer Anderen reell „verlobt“
166 3254 406 3324 kerscheint im
1297 3294 2210 3335 I ein zweites Experiment klärt Parcelsus den That¬
392 3292 1294 3345 sei, da reißt dem braven Mann die Geduld.
181 3298 405 3357 i seine er¬
1302 3322 2225 3396 bestand. Er suggerirt ihr, daß sie nunmehr die reine
394 3343 1307 3394 Den getreuen Liebhaber seiner Frau hat er
179 3331 396 3396 t inzwischen
184 3378 401 3436 der Lieb¬
383 3364 2218 3432 resignirt ertragen, dem ungetreuen weist er ent=! Wahrheit, nichts als die Wahrheit zu sagen habe, und
169 3412 2221 3477 in begeht! rüstet die Thür. Aber der arme Professor hat das Mittel hilft. Justina, anscheinend eins der
