3436 4256
372 220 1983 323 9.4. DerBruehe KakaduZukius
214 1399 1685 1483 #is Herz eines] Spielereien der „Groteske: Der grüne Kakadu“, zum Tage
253 1465 1676 1530 als er von des Bastille=Sturmes, an dem sich die Handlung angeblich
234 1489 1677 1572 Abschied und begibt. Man wird die Kunde von der Kellerwirthschaft
229 1546 513 1616 ina, sie müßte
522 1561 1684 1606 „Zum grünen Kakadu“ bei allen Augenzeugen und Ge¬
517 1599 1683 1655 schichtschreibern der französischen Revolution von Chamfort
511 1651 1672 1694 bis auf Mignet, Michelet und Taine vergebens suchen.
513 1692 1681 1746 Diese Taverne, in der ein ehemaliger Theaterdirektor dem
517 1729 1671 1777 blasirtesten Hochadel von Gaunern und Ganklern schlimmster
224 1720 418 1796 hätt' ich,
220 1771 336 1833 eben.
513 1785 1684 1837 Sorte Gruselscenen, Verbrechertypen und Courtisanen¬
519 1818 1683 1882 Stücklein ausspielen läßt, ist vielmehr nur eine schwache
226 1819 348 1873 rgen
221 1856 423 1935 ich Euch.
501 1861 1674 1913 Nachahmung der unmodernen Spelunkenindustrie unter
505 1903 1672 1960 der dritten Republik, in der ehemalige Kommunards und
237 1906 288 1959 dt
496 1947 1683 2009 wirkliche oder vermeintliche Bagnosträflinge als Gastgeber
226 1942 492 2015 nicht komnn
494 1964 1673 2050 den Bedands der Lebewelt Narrenspossen vormachten.
221 1995 515 2081 e ist das Ehe¬
520 2034 1684 2078 Die widerliche Mode fand immer abgeschmacktere Nach¬
225 2072 1676 2146 eines robusten ahmer. Passant, sois moderne! war als Lockruf auf der
227 2120 1680 2165 Glück für sound jener Kneipenwirthschaft dieser Kategorie zu lesen.
238 2158 1669 2225 ie hütet und Ein paar übermüthige Kunstzigenner trieben ähnlichen,
226 2200 1673 2271 igerl Anselm nur geschmackvoller gewürzten Ulk im Chat-noir. Dort
226 2245 1673 2303 uses gerathen gaben sie Flauberts „Tentation de Saint-Antoine“ ein
228 2287 1676 2357 gibt ihm der andermal die napoleonische Legende, ein drittes Mal noch
223 2335 1666 2396 Probe seiner tollere Schattenspiele zum besten. Und angesichts dieser
228 2370 503 2429 he=Zucht. Er
517 2381 1678 2443 Suiten fühlte sich ein gescheiter Zuschauer — entsinn' ich
227 2417 1678 2504 n platonischen mich recht, Jules Lemaitre — an die Schattenbilder in
224 2459 502 2515 rer Edelmuth
507 2461 1003 2526 Plato's Höhle gemahnt.
224 2498 512 2563 den Ablaß zu
582 2500 1661 2558 Ein ähnliches Motiv hat vermuthlich Schnitzler vor¬
219 2545 502 2606 is über ver¬
506 2552 1666 2614 geschwebt, der offenkundige Spitzbuben und falsche Bieder¬
221 2586 496 2650 g des Waffen¬
506 2593 1678 2645 männer dermaßen durcheinander wirbelt, daß ein Straßen¬
496 2629 1679 2701 philosoph mit einem Anschein von Recht sagen darf: „Es
503 2671 1678 2733 kommen Leute her, die Verbrecher spielen und andere, die
221 2667 440 2752 flugenblicke
514 2730 1678 2767 es sind, ohne es zu ahnen.“ Folge: ein Komödiant
501 2759 1666 2829 (Tabarins Urenkel, der Sohn von Leoncavallo's Bajazzo)
498 2809 1678 2881 ersticht zum Beschluß einer lebenstreu gespielten Eifersuchts¬
499 2849 1669 2911 scene den Herzog, der mit seiner Liebsten, einer Nymphe
496 2887 1671 2962 der Porte Saint=Martin nur nach ihrem eigensten Begehr
223 2891 390 2958 hüten.
502 2936 1670 2988 gescherzt und geherzt. Weßhalb die Berliner Polizei, die
224 2943 399 3006 en Sinn
507 2982 1674 3051 schon vor Menschenaltern Brachvogels „Narciß“ mit
226 2991 357 3056 bin.“
502 3030 1670 3076 ihrem Schlußappell an die rächende Revolution im Hof¬
230 3063 1659 3121 Zeitalter der# theater spielen ließ, an Schnitzlers „Grünem Kakadu“
237 3115 1678 3189 ragikomischen Anstoß nahm, ist rätselhaft. Selbst wenn „Der grüne
2132 206 2587 307 box 15/5
2313 1415 3407 1482 Kakadu“ nur sinnbildlich als der gemeinsame Lebensbol
2324 1476 3403 1524 einer grundverderbten, oben und unten faulen Gesellsch
2328 1522 3402 1571 gefaßt werden sollte, kommt seine harmlose Symb
2314 1544 3391 1624 gegen die grimmige Wirklichkeit der „Weber“ nicht
2318 1603 3403 1658 Keinerlei Zensur= oder politische Bedenten, nur kriti
2328 1647 3395 1688 und historische Zweifel haben wir deßhalb ggen
2316 1687 3407 1742 Grünen Kakadu“ zu äußern. Grell und wirr, unklar;
2324 1736 3401 1791 langwierig schleppt sich die Scenenreihe fort, bis in
2324 1775 3411 1840 Triumphgeschrei der Stürmer der Bastille der nur a
2315 1824 3402 1883 wahre Wehruf der Cocotte Leocadie hineintöm: sie
2322 1863 3406 1915 niemals werth gewesen, daß ihretwegen irgend ein Mer
2325 1911 3398 1965 erdolcht werde. Mag sein, daß die Paraderolle des ne
2317 1953 3400 2015 Tabarin den „Grünen Kakadu“ eine Weile lang M
2323 1992 3402 2049 werden läßt, menschlich und künstlerisch haben wir
2323 2039 2958 2099 diese Groteske nicht viel übrig.
2557 2061 3397 2141 , nicht nur technisch, das Schauspiel: „
2319 2127 3404 2177 Gefährtin“ weitaus am besten gerathen. Wieder einn
2310 2171 3389 2228 wie in so mancher anderen Komödie und Erzähl
2319 2216 3394 2264 Schnitzlers, erweist sich der Tod als unbestechlicher Mensch
2311 2254 3386 2313 richter. Im „Sterben“, im „Vermächtniß“ in den Ski¬
2313 2300 3404 2360 Blumen“, „Die Todten schweigen“ 2c. hat der Dichter die
2318 2337 3400 2392 Lieblingsthema so viele Wandlungen abgewonnen, daß d
2315 2390 3398 2442 neue Variante dopvelt überrascht. Ein. betrogener
2307 2428 3390 2486 mann, Professor Pilgram, hat bei Lebzeiten seiner
2320 2464 3409 2529 20 Jahre jüngeren Frau Schicksal gekannt, zu ken
2320 2522 3382 2571 geglaubt. Nach dem Tode seines Weibes erfährt er
2305 2561 3391 2621 versehens, daß das Paar, dem er großmüthig verzei
2316 2586 3395 2656 wollte, nicht einer großen Leidenschaft zuliebe gesünd
2318 2642 3399 2709 sein Assistent hat mit Vorwissen der mitschuldigen F
2304 2691 3393 2742 Pilgram seine Verlobung vorbereitet, so daß die Rais
2302 2732 3401 2793 neufe des Schauspiels dem durch solche ungeahnte Nied
2313 2773 3388 2853 tracht maßlos Erstannten die Freiheit des Gemüths
2308 2817 3326 2880 durch eine heroische Kur wiederzugeben vermag#
2399 2867 3317 2930 „Jahrelang haben Sie um diese Frau gelitten
2304 2896 3387 2957 sich von einem Selbstbetrug in den anderen gestürzt, um
2317 2945 3402 3013 weiter lieben und weiter leiden zu dürfen — und jetzt wo
2305 2996 3382 3040 Sie sich noch weiter quälen, um eines Schicksals willen,
2306 3034 3393 3089 Sie sich nur einbilden, das diese Frau überhaupt nicht
2308 3072 3378 3151 leiden konnte, weil das Leben so leicht für sie war,
2308 3123 3256 3199 Menschen Ihrer Art gar nicht begreisen können.“
