3392 4224
931 173 1292 244 Kakadu
761 180 922 245 uen
235 180 1294 278 9.3. Der K ias s .
572 1285 1031 1512 W
430 1522 827 1630 Telephon 12801.
609 1604 1306 1754 „OBSERVER‘
433 1723 1560 1818 I. österr. behördl. konz. Unternehmen für Zeitungs-Aussohnitte
620 1790 1355 1883 Wien, I., Concordiaplatz 4.
837 1862 1150 1926 Vertretungen
423 1916 1559 1972 in Berlin, Budapest, Chicago, Christiania, Genf, Kopenhagen,
427 1959 1565 2000 London, Madrid, Mailand, Minneapolis, New-York, Paris, Rom,
609 1994 1377 2068 San Francisco, Stockholm, St. Petersburg.
790 2035 1202 2099 (Quallenangabe ohme Gewühr.)
422 2118 841 2207 Ausschnitt ausz
782 2133 1559 2245 Münchner Neueste Nachrichten
431 2219 650 2280 vom:
995 2228 1112 2278 9•
663 2227 1016 2317 G
1260 2292 1460 2371 Jallentir
561 2325 601 2379 7
739 2291 1235 2369 ener Theater. Herr Richar
1266 2355 1468 2410 stheaters
775 2359 1177 2415 elleiter des Deutschen
785 2395 1220 2456 ichtigkeit alle Reformplä
1265 2439 1329 2486 zw
825 2434 1065 2493 gebaut sind,
842 2478 1048 2534 schwächlichen
851 2518 1051 2572 nersholm'Ar
778 2635 948 2684 ,mit einer
562 2639 611 2685 tie
764 2668 1034 2725 nicht aufregte.
546 2677 660 2728 heit,
544 2710 1092 2768 Schnitzlers Groteske aber mit
538 2750 1163 2807 keit, die alle Grazie und Kraft des au
548 2788 1148 2843 werkes, wenn auch nicht immer wied
1155 2790 1217 2869 in
549 2828 1150 2876 andeutete. Das Theatralische der 9#
550 2874 1145 2916 ten — so charakteristisch für die pat'
540 2916 1111 2961 tung der damaligen Stimmung —.
1151 2939 1224 2996 star
535 2936 1112 3012 noch seinerzeit im Burgtheater
1128 2976 1247 3033 Janne
547 2982 1121 3033 men. Das Publikum stand ganz
1138 3016 1498 3072 vereint, und jubelte
548 3022 1114 3075 die Spiel und Ernst so wunder
540 3059 1497 3101 den Dichter immer wieder vor die Rampe. Man hat im
544 3098 1496 3153 Volkstheater selten einen einmütigeren, nie einen ver¬
519 3131 973 3211 dienteren Beifall gehört.
1448 159 1865 252 box 15/2
1949 514 2327 592 Telephon 12801.
2130 564 2820 707 „OBSERVER‘
1944 690 3067 769 I. österr. behördl. konz. Unternehmen für Zeitungs-Ausschnitte
2152 756 2873 831 Wien, I., Concordiaplatz 4.
2354 821 2662 889 Vertretungen
1947 879 3064 929 in Berlin, Budapest. Chicago. Christiania, Genf, Kopenhagen,
1954 905 3076 966 London, Madrid. Mailand, Minneapolis, New-York. Paris, Rom.
2139 956 2895 1011 San Francisco, Stockholm, St. Petersburg.
2311 994 2722 1033 (Quellenangabe elne Gewähr.)
2388 1025 2524 1121 Oeste
2558 1028 3097 1133 Miestr. Journal, Wien
1947 1065 2372 1145 Ausschnitt aus:
1963 1179 2102 1235 vom:
2128 1167 2473 1286 190
2087 1357 2984 1435 Das Deutsche Volkstheater hatte
2012 1425 2976 1490 Samstag einen glücklichen Abend, der in die
2003 1456 2997 1535 Ehrenchronik des Volkstheaters gehört. Er zeigte
3035 1499 3069 1545 10
2018 1523 2985 1587 das energische Walten eines organisatorischen
2993 1535 3072 1604 9
2021 1581 2982 1634 Talents und ernste künstlerische Arbeit. Und
2017 1614 2987 1679 der starke Erfolg zeigte, daß nicht bloß das
2021 1666 2991 1737 Publikum an die Darsteller höhere Ansprüche
2028 1719 2991 1787 stellen dürfe, sondern auch die Bühne von
2019 1759 2980 1832 ihrem treuen Anhang Dank erwarten kann,
2015 1818 2990 1882 wenn sie ihm edlere Kost als die öden Schwänke
2017 1862 2983 1914 aus dem deutschen Familienleben oder der
2021 1907 2977 1975 französischen Kokottenwelt bietet. Der Abend
2016 1962 2983 2024 brachte zwei Kunstwerke von feststehendem Ruhm.
2023 2016 2983 2073 Beide Stücke: „Der zerbrochene Krug“
2027 2067 2991 2128 von H. v. Kleist und der grandiose Revolu¬
2018 2105 2978 2165 tionsprolog Schnitzlers „Grüner Kakadn“
2030 2159 2990 2218 stellen an die Bühne hohe Anforderungen, denen
2024 2204 2991 2262 das Volkstheater voll entsprochen hat. Das Lob
2030 2255 2992 2317 gilt vor allem der Gesamtleistung, die in jedem
2034 2303 3001 2365 der beiden Werke ein geschlossenes Ganzes bot.
2027 2358 3000 2421 Die Künstler wie der Rahmen der Ausstattung
2029 2410 2998 2466 mußten sich dem herrschenden Grundton fügen
2028 2450 2998 2513 und keiner der Darsteller hatte dies zu bereuen,
2022 2497 2994 2561 seine Unterordnung erhöhte nur seinen Gewinst¬
2030 2549 3006 2610 anteil an der Ehre des Erfolges. Die Darstellung
2030 2607 2996 2675 des Kleistschen Lustspieles folgte Menzel, dem
2024 2654 3006 2715 großen Interpreten, der mit dem Zeichenstift es
2032 2695 3000 2758 unternommen, dem Dichter nachzuschaffen. Aus
2027 2742 3006 2798 der Gestaltenreihe müssen die Herren Höfer
2029 2791 3004 2854 sund Birron und Fräulein Galafrés hervor¬
2024 2847 3006 2907 gehoben werden. Herrn Höfers Dorfrichter Adam
2030 2893 3011 2964 macht vielleicht zu Anfang einen zu harmlosen
2031 2941 3005 2998 Eindruck, bei der Gerichtsverhandlung aber
2041 2991 3000 3052 brachte er das verzweifelte Ringen nach Fassung
3009 2997 3068 3063 520
2028 3049 3086 3104 prächtig heraus. Fräulein Galafrés sprach und d
2027 3086 2994 3148 spielte die Eva mit glücklicher, robuster Ehrlich¬
2035 3138 3003 3207 keit, ihre treffliche Leistung ward nur durch
2043 3191 3011 3256 einen unbegründeten ältlichen Zug in ihrer
2027 3233 3005 3298 Maske etwas beeinträchtigt. Als Beate Leocadie
2031 3276 3013 3347 im Grünen Kakadu“ faßte sie die wenigen
2040 3337 3015 3397 scharfen Striche, mit der diese Gestalt umrissen
2047 3395 3008 3440 ist, höchst wirksam zusammen, die Worte des
2043 3432 3011 3491 Entsetzens, die aus diesem sündigen Munde
2040 3481 2999 3550 hervorbrachen, erzählten eine Lebensgeschichte.
2033 3538 3004 3593 Herr Kramer (Henri) war in der ersten Szene
2042 3571 3006 3647 zu empfindsam und süßlich, zum Schluß aber
2034 3626 3006 3694 hielt er sich auf der Höhe der Dichtung. Herr
2038 3668 3010 3738 Homma bot mit seinem Grain eine gelungene
2043 3731 2998 3784 Episodenfigur. Doch verdienen sämtliche Dar¬
2036 3773 3014 3836 steller rückhaltloses Lob, das auch in dem starken
2033 3827 3022 3903 Beifall zur Aeußerung gelangte. Auch Schnitzter
2037 3884 2752 3949 mußte vor den Rampen erscheinen.
