3484 4480
166 268 1780 371 9.4. Der gruene Kakadu zyklus
387 943 785 1015 Telefon 12801.
144 1055 1106 1132 Internehmen für Zeitungs-Ausschnitte.
261 1118 1263 1275 „OBSERVER“ fr. 5
142 1247 1318 1340 rdl. conc. Bureau für Zeitungsberichte u. Personalnschrichten
143 1314 1123 1411 ien, IX/1. Türkenstrasse 17.
256 1401 917 1487 Filiale in Budapest: „Figyelé“
989 1452 1647 1535 den Logen und Rängen, die kom¬
148 1465 992 1561 en in Berlin, Chicago, London, Newyork, Pari
970 1519 1671 1591 pakte Majorität des Unverstandes
971 1568 1645 1625 feierte wieder einen ihrer Siege. —
978 1620 1666 1678 Zur Beruhigung für die aufgeregten
141 1590 799 1682 D aus: OGae
983 1656 1669 1714 Gemüther gab die vorsichtige Theater¬
977 1703 1665 1763 leitung den Herrn Senator; eitel
975 1738 1675 1800 Freude und Wohlgefallen erfüllte
969 1786 1666 1847 die Herzen. Sogar Grillparzers
668 1771 909 1871 EE
967 1818 1672 1907 Esther, in der Wiecke den Ahaswer
962 1872 1657 1929 mit unvergleichlicher Kunst zur Dar¬
971 1924 1667 1983 stellung brachte, ward mit Be¬
968 1958 1662 2025 geisterung ausgenommen, ja am
344 2009 963 2066 * Dresdener Hoftheater. Die
958 2016 1670 2066 2. Dezember errang Otto Ernsts
247 2049 953 2110 iesmalige Saison scheint sich etwas
976 2052 1665 2116 Jugend von heute sogar einen
251 2095 947 2156 eerfolgreicher gestalten zu wollen wie
970 2098 1676 2164 der stärksten Erfolge der letzten
261 2129 953 2209 die vorige. Die erste Novität Haus
974 2142 1674 2194 zwei Jahre. Dieses Erstlingsstück
273 2185 951 2242 von Max Dreyer brachte aller¬
974 2189 1674 2247 des ja erst seit Kurzem bekannteren
271 2223 953 2278 dings eine gewisse Enttäuschung.
962 2233 1672 2281 Hamburgers, das hier zum ersten
269 2278 954 2333 Das Stück, das mit sehr billigen
973 2276 1663 2324 Male das Licht der Bretter er¬
265 2312 953 2373 Effekten arbeitet, wurde zwar nicht
971 2311 1672 2377 blickte, ist ohne Frage ein ganz
272 2362 942 2428 rundweg abgelehnt, hatte aber gegen¬
974 2365 1660 2411 gutes Werk in seinen drei ersten
256 2410 946 2457 über der Berliner Aufnahme nur
965 2415 1669 2467 Akten, fein gearbeitet, mit einem
253 2442 953 2515 einen recht schwachen Erfolg zu ver¬
970 2448 1662 2511 scharfgeschliffenen Dialog und straffer
256 2484 956 2553 zeichnen, obwohl recht gut gespielt
974 2502 1670 2552 Komposition. Dagegen ist leider der
261 2540 956 2590 wurde. Ein gleiches Schicksal hatten
978 2537 1673 2600 vierte Akt ungemein schleppend und
261 2573 954 2641 die drei Einakter Arthur=Schntzlers
264 2624 958 2683 Die Gefährtin, Paracelsus und
974 2630 1665 2696 nahme einer anmuthigen und auch
256 2671 947 2729 Der grüne Kakadu, in diesem
975 2673 1663 2733 psychologisch nothwendigen Liebes¬
252 2709 946 2769 Fall allerdings unverdientermaßen.
975 2707 1659 2776 szene ohne Schaden gestrichen werden.
268 2757 961 2823 Gerade das beste Stück, Der grüne
969 2763 1667 2822 Das Motiv ist die innere langsame
251 2796 953 2861 Kakadn, in dem die elementare
965 2801 1660 2869 Reinigung eines von der Moderne
260 2848 961 2906 Revolutionsstimmung in großartiger
975 2850 1661 2908 und ihrem Schwindel erfaßten jungen
265 2892 948 2953 Weise vom Dichter erfaßt und wieder¬
962 2896 1658 2959 Mediziners, der sich schließlich in
257 2937 961 2991 gegeben worden ist, wurde zischend
963 2942 1668 3003 einer gewaltigen Szene von seinem
256 2979 960 3045 abgelehnt, wieder einmal ein Zeichen
972 2986 1674 3043 mephistophelischen Freunde, einem
253 3021 954 3081 von der literarischen Unmündigkeit
971 3019 1657 3099 sogenannten Ueber= oder besser mar¬
258 3067 950 3117 und Kritiklosigkeit unseres Dresdener
961 3069 1660 3125 kirten Unmenschen, losringt. Wiecke
264 3116 950 3168 Publikums, das einen Herrn Paul
973 3112 1663 3177 und Froböse verkörperten die beiden
266 3159 957 3210 für einen Künstler ersten Ranges
975 3160 1665 3211 Freunde in wunderbarer Weise.
255 3198 944 3256 hält und seinetwegen wahre Theater¬
976 3200 1669 3260 Die Dresdener jauchzten und jubel¬
265 3248 961 3305 orgien aufführt, einen Herrn Wiecke
963 3249 1676 3299 #ten, weil es gegen die Moderne
269 3285 959 3338 dagegen, um den uns jede andere
965 3294 1674 3348 ging, die sie freilich nicht leiden
271 3325 947 3393 Bühne beneidet, in einer seiner
970 3338 1670 3390 mögen, aber auch nie verstanden
263 3381 961 3440 besten Rolle auszischt, nur weil er
969 3384 1673 3455 haben. Nichtsdestoweniger hatten
258 3418 958 3484 zufällig in einem Revolutionsstück
971 3422 1400 3490 sie dieses Mal Recht.
266 3474 954 3527 spielt. Vierzehn Tage darauf errang
1231 3456 1670 3545 Anders Krüger.—
269 3511 956 3571 aber dennoch Maeterliucks eigen¬
261 3541 961 3613 artige Tichtung Palleas und
263 3597 951 3647 Melisande einen schönen Achtungs¬
258 3634 967 3700 erfolg vor einem halbleeren Hause.
263 3693 953 3741 Freilich, als die nüchterne Schaar
269 3730 969 3791 der Abonnenten daran kam, gab es
264 3768 968 3854 wieder ein Lachen und Zischen in
1915 258 2382 345 box 16/1
2279 1105 2675 1183 Telefon 12801.
1976 1202 2986 1302 Unternehmen für Zeitungs-Ausschnitte.
2861 1251 3063 1326 Ausschnilt
2142 1285 3166 1425 „OBSERVER“ Nr. 12
1754 1426 3207 1502 I. österr. behördl. cone. Bureau für Zeitungsberichte u. Personalnachrichten
1926 1488 3024 1578 Wien, IX/1, Türkenstrasse 17.
2155 1567 2814 1661 Filiale in Budapest: „Figyelé“
1849 1632 3124 1719 Vertretungen in Berlin, Chicago, London, Newyork, Paris, Stockholm.
1761 1745 2934 1857 Ausschnitt aus: Wiene none Thsdler¬
2400 1816 2971 1911 ##mnden-Zeitung
1764 1907 2211 2018 vo 4
1832 2232 3201 2326 K. S—e. Dresden. Die drei Einacter Arthur Schnitzlers
1806 2303 3183 2389 sind nun auch im friedlichen Hoftheater zu Dresden gegeben
1803 2345 3184 2417 worden, der „grüne Kakadu“ mit entschiedenem Erfolg. Er
1809 2415 3183 2478 ist eine Arbeit, in der Schnitzlers Talent sich anständig be¬
1811 2454 3176 2526 hauptet, in Vergleich mit seiner bisherigen besten und be¬
1809 2496 3180 2566 zeichnendermassen ersten Leistung: der andauernd zug¬
1807 2542 3181 2623 kräftigen „Liebelei“. Mit vielem Geschick bringt Schnitzler
1810 2581 3191 2663 hier dramatisch zur Anschauung, wie aus dem frivolcn Spielen
1811 2643 3192 2699 mit dem Feuer am Tage des Bastillensturmes nach und nach
1812 2694 3187 2751 blutiger Ernst wird und die Funken flammend auflodern. Die
1809 2735 3191 2815 letzte Scene wirkt wie ein Momentbild der Revolution. Wiene
1818 2779 3191 2852 spielte den Komödiantenwirth Prospère in derber Charakte¬
1820 2833 3187 2910 ristik, und das exotische Schauspieler-Ehepaar vertraten Wiecke
1821 2892 3186 2961 und Frl. Serda höchst temperamentvoll. Herr von Winter¬
1826 2935 3189 3003 stein vom Berliner „Deutschen Theater“ telegraphisch her¬
1833 2958 3211 3053 beigerufen, rettete den Herzog, da Blankenstein plötzlich ab¬
1837 3021 3202 3099 sagen musste. Aus letzterem Grunde hatte auch Herr Froböse
1832 3079 3205 3143 in tapferer Rettungsbereitschaft die Rolle des Paracelsus
1824 3126 3201 3183 übernommen. Der „Paracelsus“ ist eine harmlose Plauderei,
1841 3167 3216 3245 stellenweise in erschreckend conventionellen Versen. „Die Ge-
1772 3224 3207 3299 Fufährtin“ hat etwas von der „Gabriel Borkman“-Stimmung an
1803 3280 3213 3351 n sich. Trefflich, in klaren, feinen Zügen ist der von Weib unde
1804 3327 3217 3395 Freund schmählich betrogene Professor gezeichnet, den Wiene
1812 3376 2518 3467 y ganz vortrefflich spielte.
1907 3418 3220 3514 Im Gegensatze zu anderen Bureaux für Zeitungsausschnitte ist d##
1780 3502 3199 3569 Abonnement durch keine bestimmte Zeitdauer begrenz!; — auch stcht es den
1794 3527 3067 3588 Abonnenten frei die aufgegebenen Themen zu ergänzen oder zu ändern.
