3484 4256
1756 1170 1845 1236 al.
1759 1235 1837 1310 ine
1774 1334 1841 1395 em
1417 147 1843 240 box 15/3
754 151 1287 229 uene Kakadu
456 160 620 229 Der
215 159 1271 260 9. 3
1821 1034 3081 1111 von Eugen Klöpfer mit packend suggestiver Plastik dargestellt.
1846 1094 3075 1156 Schon gleich am Anfang im Geplauder mit der Köchin Christine,
1847 1119 3076 1196 auf deren Heiratsgut er spekuliert, markiert sich in scharfgezogenen
1863 1173 3076 1220 Umrißlinien der Charakter, der in der Folge Zug um Zug sich
1851 1212 3075 1263 immer drohender entfaltet. Man fühlt, wie diese selbstbewußte
1853 1251 3076 1296 Ueberlegenheit, mit allerhand im Kellnerberufe aufgefangenen vor¬
1853 1290 3067 1347 nehmen Floskeln ausstaffiert, den Frauen imponiert, auf die er es
1853 1340 3067 1400 abgesehen. In reicher, meisterlicher Nuancierung schlossen sich an
1847 1361 3065 1428 diesen Auftakt die Szenen, in denen seine mühsam festgehaltene
1849 1412 3065 1472 harte Selbstbeherrschung Juliens haltlose Sinnlichkeit immer mehr
1858 1458 3071 1507 entflammt. Und eine gleiche komprimierte Spannung lag in dem
1844 1481 3071 1542 Umschlag zur Ernüchterung, in der Ausmalung der Pläne,, für die
1842 1536 3078 1586 ihm Julie als Mittel dienen soll, in der Grausamkeit des höhnenden
1853 1566 3063 1610 Hasses, als sie sich gegen seinen Willen auflehnt, wie dem Erwachen
1849 1606 3067 1665 zitternder Lakaienangst, als er das Glockenzeichen des zurück¬
1850 1657 3071 1711 gekehrten Grafen hört. Ebenbürtig stand ihm zur Seite Tilla
1847 1684 3065 1751 Durieux. Julie, zwischen krankhaftem Verlangen, jähem Zorn
1841 1713 3078 1792 und kopflos wilden Aengsten hin und her geworfen.. Gut war auch
1849 1767 3068 1812 Ilka Grünings phlegmatisch nüchterne Köchin, die die ge¬
1840 1798 3065 1871 legentlichen Seitensprünge ihres Jean ohne Aufregung mit in den
1840 1848 2114 1910 Kauf nimmt.
1909 1874 3068 1950 Die Darstellung der Schnitzlerschen Revolutionsgroteske,
1846 1910 3078 1983 die im Milien eines von den Spitzen der sensationslüsternen Aristo¬
1843 1974 3071 2010 kratie besuchten Pariser Schauspieler= und Verbrecherkellers, spuk¬
1843 2009 3065 2057 hafte Reflexe des Bastillesturms und der dumpf herangrollenden
1849 2044 3073 2094 französischen Revolution vorüberhuschen läßt, zeigte virtuose Kunst
1835 2086 3065 2153 der Massenszenen. In dem Durcheinander von Zuhältertum, Dieb#
1839 2125 3067 2189 gefindel und mammon=gesegneten Gesellschaftskreisen tragen die vor
1845 2156 3072 2230 ein paar Jahrzehnten entworfenen Szenen heute einen fast aktuell
1845 2220 3062 2267 anmutenden Zug. Nur daß von jenem Witz und Geist, der den
1850 2248 3058 2295 Grandseigneurs von damals eignete, in dem modernen Treiben
1847 2278 3071 2344 kein kleinstes Fünkchen mehr zu spüren ist. Eigen berührt es,
1847 2334 3065 2378 wie der Verfasser in der Gestalt des Schauspielers Henris unter
1847 2373 3065 2427 dem Lärmen zügellos frivoler Korruption Töne Rousseauscher Sehn¬
1851 2411 3061 2461 sucht nach unverdorbener Natur und reiner Liebe anklingen läßt.
1174 2405 1302 2489 —
1848 2455 3066 2521 So weitet sich das Bild, zieht die verschiedensten Beziehungen des
692 2466 1838 2526 Neuinszenierungen im Lessingtheater. In farbiger, feinfühlig abge¬
1844 2483 2429 2530 Zeitgeistes in seinen Rahmen.
385 2489 468 2556 2
614 2513 1846 2583 Utönter Aufführung, unter Direktor Barnowskys Regie, gingen die aus
1916 2518 3068 2586 Die verstiegene Schwärmerei des jungen Henri, der, nachdem er
625 2566 1842 2632 eigenartig visionärer Phantasie geborenen Werke: Strindbergs
1849 2569 3065 2616 zum Vergnügen der vornehmen Kundschaft wieder Abend für Abend
625 2607 1836 2660 „Fräulein Julie“ und Schnitzlers „Grüner Kakadu“,
1844 2596 3072 2661 wüste Verbrecher mimte, nun in blinder Leidenschaft ein Dirn¬
390 2617 544 2679 1
623 2643 1831 2696 die großzügige Revolutionsgrölerte, #er#d Bühne. Das Thema
1850 2648 3060 2692 chen zur Heiligen verklärt, und, als er sich durch sie betrogen sieht,
395 2658 481 2727 #
628 2683 1834 2728 des Geschlechterkampfes, um das als Zentrum des Schwedischen
1854 2690 3082 2729 den herzoglichen Nebenbuhler niedersticht, er kam in dem Spieler
487 2693 558 2768 225
393 2714 482 2780 10
626 2726 1829 2777 Dichters Schaffen kreist, hat in diesem Stück Dichtung, wo es sich
1850 2727 3065 2780 Konradt Veidts zu warm lebendiger Erscheinung. Eindrucksvoll
635 2763 1833 2809 mit der Begenüberstellung aristokratischer Dekadenz und starknervi¬
1850 2768 3066 2831 gruppierten sich um ihn der Herbergsvater Hanns Fischers und
632 2807 1840 2844 gen, skrupellos egoistischen, nach oben drängenden Plebejertums ver¬
1854 2808 3058 2860 der Schwarm männlicher und weiblicher Schauspielerkollegen, unter
638 2842 1843 2898 schlingt, eine Gestaltung erhalten, die an szenisch wuchtiger Ge¬
1842 2840 3066 2903 denen der brüllkräftige Schmierenkommödiant Georg Gürtlers
630 2881 1849 2934 schlossenheit wohl alle seine anderen Stücke überragt. Strindberg
1850 2886 3057 2936 und der neu zugelaufene Tantenmörder Eugen Klöpfers be¬
413 2909 476 2973 □
624 2925 1838 2966 der Ankläger tritt hier hinter Strindberg den Gestalter, der aus
1847 2923 3066 2974 sonders hervortreten. Dagny Servaes gab die zu ihrem
634 2963 1831 3000 einer gegebenen Situation heraus ein Schicksal sich in unentrinn¬
1849 2968 3052 3018 eigenen Erstaunen und wider Willen vergötterte Dirne: In der
637 3004 1842 3052 barer Verkettung von Notwendigkeiten entfalten läßt, zurück. In
1852 3006 3057 3058 Aristokratensippe wurde der blasiert ästhetisierende Herzog von Fritz
637 3039 1839 3092 jagendem Tempo treibt die Handlung vorwärts. Die aus der Tiefe
1859 3046 3057 3091 Delius, der grüne siebzehnjährige, aus der Provinz gekommene
635 3089 1834 3146 schöpfende Charakteristik macht das pathologisch Quälende erträglich.
1853 3086 3070 3134 Junge von Martin Gien, die lüstern mokante Frau Mar¬
707 3121 1831 3174 Der streberisch brutale, die verliebten Lockungen der hysterischen,
1854 3132 2826 3179 quise von Tilla Durieux sehr glücklich verkörpert.
428 3138 513 3204 O
624 3164 1846 3208 im Festtaumel der schwülen Johannisnacht aus Rand und Band
1913 3151 3069 3208 In den starken wohlverdienten Beifall mischte sich am Schluß
631 3198 1830 3246 geratenen hochmütigen Grafentochter erst kalt zurückweisende
1859 3204 3058 3248 vereingeltes Zischen. Wollte man damis etwa gegen die revolutis¬
409 3185 555 3269 2#
1850 3246 2624 3309 näre Tonart als Tendenz demonstrieren?
644 3234 1842 3288 Zakai, der dann, nachdem ihn die Begierde fortgerissen, die Sorge
624 3282 1880 3329 für seinen abenteuerlichen Karriereehrgeiz auszunützen sucht, wurde
2586 3264 3112 3359 Conrad Schmidt. „1
