3436 4256
840 165 1320 240 ene Kakadu
266 174 1317 273 9.3. Der ##eeaten
1477 158 1895 234 box 15/2
1562 475 1724 542 liare.
1875 485 2509 567 CRONACHE DRAMMATICHE
1575 511 1808 576 ti cariche
1559 557 1827 609 atibili con
1570 596 1809 642 itivamente.
1563 638 1803 684 ninistrativ#
1853 598 2714 710 I pappagallo verde #
1567 666 1807 725 spiegar##6
1884 680 2682 743 Parigl. II 14 luglio 1789: la giornata
1568 706 1806 762 izione=ühe:
1810 742 2679 794 Cella Bastiglia. Nell’osteria all’insegna delt
1578 747 1795 793 affidata a
1825 784 2250 826 a Pappagallo verde v.
1563 783 1798 828 ind eschse
1843 802 2667 865 Prospero, capocomico, per una ereditä
1560 814 1807 879 ämiglie che
1812 839 2674 894 pianta si puo dire baracea e burattini; mar
1558 851 1798 900 ninistrazio¬
1819 890 2674 925 sperpera i quattrini, e non ritorna alle glo¬
1566 888 1797 935 5 impiegate
1818 926 2671 959 riole detla ribalta cade invece tra i flaschil
1557 921 1797 975 zioni. Inol¬
1818 944 2680 997 all’ostern. Oste ha un'idea bizzarra. Vol¬
1558 961 1796 1009 sono verifi¬
1813 993 2667 1039 gono torbidi i giorni, ed egli aggiunge u¬
1560 996 1799 1043 elette a far
1810 1019 2670 1075 wattrattiva al sue connnercio. I. comicarol
1572 1026 1798 1081 #hale rinun¬
1819 1063 2668 1108 suoi compagni dei di che furono, fa ser¬
1571 1065 1798 1124 izione delle
1810 1101 2447 1154 vire allo svago degli avventori.
1578 1123 1807 1188 consiglieri
1844 1130 2666 1186 La taverna di Prospero & frequentata da
1564 1164 1802 1225 ornitori del
1812 1182 2669 1219 giovinotti dell’aristocrazia, e da male fem¬
1809 1219 2658 1273 mine. I giovinotti vengono a cercarvi un
1560 1246 2668 1291 funzioni Jilfremito nuovo, e se ln godono a. sentirsele
1559 1283 1795 1334 zomunali e
1816 1291 2662 1333 dire sul muso d’ogni çonio; le male femmi¬
1548 1321 1799 1369 scano paga
1811 1328 2678 1371 ne costituiscon diremo gl’intermezzi. I co¬
1564 1349 1799 1404 cav. Cappa
1814 1361 2653 1406 mici, tutte le sere, rappresentan scene
1556 1390 1801 1437 adaco, siano
1813 1398 2685 1445 scenette di malfattori: glungonoe raccon¬
1552 1425 1792 1480 prossime e¬
1808 1423 2689 1493 tano: chi improvvisa feroci ammazzamen-
1807 1471 2663 1521 ti, chi follie di coscienze turbate da delitti
1548 1492 1794 1548 stato d’oppo¬
1818 1504 2673 1553 orrendi, chi gioie feroci e crudeltà di case¬
1557 1532 1803 1583 M'azione per
1811 1540 2681 1596 messe n sacch e messe a. fuoco. E ridono,
1567 1568 1803 1624 Concernenti
1814 1572 2386 1623 applaudono gli arstocratici.
1559 1598 1770 1658 Dlamente.
1842 1615 2681 1677 Anche tra quei comicaroli vi ### piül
1571 1648 2658 1697 condizioni, Tbravo v, E naturale. E il pin bravo 6 En¬
1564 1679 1796 1728 Lappa e dal
1823 1697 2670 1746 rico. Ma Enrico ha una storia vera che 6
1563 1710 1800 1767 vate, il par¬
1820 1722 2686 1778 tutta la sun vita. Ama. Leocadid. Leocodia¬
1557 1750 1797 1798 plice vigi¬
1808 1760 2670 1823 che & poi quella che &: sballottata tra gle
1554 1784 1804 1839 opposizione
1813 1795 2666 1842 amanti. Tutti lo sanno, ma Enrico nulla
1586 1826 1788 1871 # la sua 0
1819 1834 2672 1880 sa: equel giorno il cuore di Enrico traboe¬
1566 1845 1797 1906 Zone degli
1819 1878 2674 1916 ca di felicità: ha sposato Leocadia, Ora
1569 1894 1795 1957 evisori de!
1816 1904 2669 1940 egli lascern la sua fatien nella taverna,
1806 1939 2617 1983 Leocadia la sua fatica a teatro. Tutti
1815 1977 2673 2023 due, soll. lentani, in campagna: quale so¬
1573 1985 1784 2052 Mlonio #.
1812 2014 2673 2069 gno! Ecr gioia! Tale che Enrico vuoler
1599 2038 1796 2094 edificato,
1819 2056 2659 2102 superarsi nell’improvviso per la fausta ri¬
1582 2080 1800 2132 Preiche del
1813 2087 2019 2141 Correnza.
1582 2109 1800 2173 si per hon
1834 2128 2674 2182 Eccolo, infatti. Egli glunge. L’occoglie
1581 2149 1798 2203 Ktutto: an¬
1815 2149 2669 2201 T’applauso e il silenzio. E' pallido, ansante.
1567 2191 1807 2242 lamento di
1812 2200 2672 2247 Racconta. Sospettava, ha seguito Leocadf#,
1571 2226 1799 2274 posto sotto
1818 2238 2675 2281 sino a teatro, ha aperto il cumerino, Ti.
1575 2261 1803 2325 fonografo
1821 2271 2684 2313 trovata fra le braccia del duca di Cadf
1804 2309 2658 2363 gnan, un frequentatore della taverna; fol¬
1810 2337 2668 2380 ie di sdegno e di dolore ha #ncciso., Urlo
1803 2375 2673 2438 a questo degli ascoltatori. Poicht e la ve¬
1806 2415 2661 2460 rita, oste, compagni, avventori non cre¬
1597 2420 2670 2489 Ciericalet dono tratfarst di scenetta improvvisata.
1805 2486 2675 2533 Dallo sgomento e dallo spavento, di quanti
1800 2522 2659 2570 Igli si stringono dattorno, e chiedono af¬
1808 2552 2668 2610 fannosi, Enrico impara i1 tradimento di.
1586 2558 1793 2631 die intorno
1819 2590 2672 2639 Leocadia. Giunge in quel punto il duca di
1590 2627 2661 2686 vi parlai. Cadignan: Enfico gli si scaraventa oddos¬
1626 2652 1792 2706 giornal
1805 2658 2663 2713 So, e Tüccide, L’uccide mentre la folla, che
1582 2693 1799 2739 to che fin
1822 2702 2674 2767 ritorna dalla Bastiglin smantellata, grida
1594 2723 1805 2784 Fre avvo¬¬
1817 2741 2369 2792 furibonda Viva la tiberta!
1590 2763 1798 2810 avv. Alla¬
1854 2779 2675 2831 A questo dramma in un atto di Arturo
1597 2799 1802 2845 La denun¬
1810 2813 2669 2868 Schnitzler, rappresentato iersera all'e Ar¬
1592 2836 1800 2898 ata, vedo¬
1817 2862 2668 2902 gentina v. gli spettatorj hanno fatto questa
1590 2890 2673 2947 enuncia ### accoglienza: tutti hanno sequito intenti II
1812 2925 2619 2980 seguirsi delle scene, ma calata la tela,
1588 2945 1797 2993 nora Gra¬
1814 2960 2683 3004 pitt hanno applandito echlamato gli attorf
1595 2979 1795 3032 re di ren¬
1819 2993 2663 3043 al proscenio, i meno hanno disapprovato:
1590 3006 1789 3063 rmasse in
1823 3027 2675 3082 cosl da determinare il cosiddetto g successo
1602 3050 1803 3098 la signo¬
1815 3075 2669 3119 contrastato v. Ora, certe, date le propor¬
1587 3086 1784 3131 lie dei ti
1821 3104 2666 3145 zioni del dramma, ###nche qua e là la fat¬
1607 3124 2667 3190 desiderio #tura, non poteva aspettarsi Tapplauso pie¬
1815 3173 2668 3217 noe caldo, ma la vivacith della disappro¬
1597 3175 1806 3240 e scrivere
1812 3208 2672 3265 vazione, no. Perché se vi é du osservare
1606 3230 1793 3280 a lettera¬
1814 3251 2667 3299 dalla critica in quelle scene, che possan
1594 3267 1796 3312 a restitu¬
1818 3276 2663 3338 pol suscitare diciamo pure il fischio, an¬
1595 3300 1804 3348 0 martedi
1818 3321 2624 3381 che parziale, veramente non si intende.
1620 3339 1804 3382 presento
1834 3343 2672 3414 Ma il pubblico, dicono, & sovrano, vald al
1642 3374 1795 3418 prestito
1818 3393 2676 3436 dire che ogni spettatore é un renccio: non¬
1599 3407 1794 3456 asisté per
1813 3436 2679 3480 restano cosl che le osservazioni dolla criti¬
1605 3445 1799 3493 #ra lasció
1813 3471 2671 3522 cu, per l’accenno alle qualità ed agli er¬
1613 3480 1807 3532 glia. Due
1804 3507 1922 3569 rori.
1609 3516 1769 3562 noglie.
1832 3518 2672 3592 Le qualità, 11 contenuto del aundretto &
1622 3546 1805 3596 tutto 550
1812 3574 2684 3626 originale, pur arendo la situazione comu¬
1644 3587 1799 3633 det no¬
1817 3607 2667 3663 ne con altri quadretti. E'originale special¬
1609 3623 1797 3685 0 gli ap¬
1806 3644 2661 3698 mento nello svolgimento e nell’intonazio¬
1810 3689 2675 3745 ne; per i quali il risultato dell’insieme con¬
1804 3713 2679 3776 quista l’interesse. Ed é fellce la trovata
1808 3750 2675 3799 per la quale a poco a poco, nella opportu¬
1619 3765 2558 3851 TDlA Ina preparazione, si passa alla realtä.
1803 3826 2681 3877 anche sobrietà lodevole nei rapidi toccht
1804 3867 2675 3913 Iper i quali la situazione prorompe e si ri¬
1629 3901 2676 3965 0Va solver ele scenette dimprovviso, cqualche
1814 3938 2665 3979 macchietta, tra i comici e tra gli aristocra¬
1636 3937 1799 3995 are de¬
1819 3978 2660 4017 tiel, sono colorite con sicurezza & con sot¬
1638 3980 1798 4028 Hamati
2296 4008 2678 4054 — Gli errori. Piü
1811 4010 2297 4062 tile senso di umorismo.
1649 4016 1805 4062 olle ri¬
1818 4047 2673 4088 precisamente uno che compromette alquan¬
1639 4051 1801 4091 esiani
1814 4086 2672 4120 to, e si rileva appunto neila situazione ul¬
1649 4087 1801 4132 1 gravi
2418 4109 2500 4145 170
2551 4110 2672 4146 601.
1882 4118 2011 4147 11 9 80
3096 2328 3191 2411 1
3194 2793 3227 2840 *
