3484 4224
1391 117 1843 222 bos 15/2
938 130 1271 209 Kakadu
755 146 855 219 1e1
682 148 754 218 P1
186 138 606 254 9. 3. Der
433 159 1274 256 Der gruehe Kanaud
1229 1540 3277 1631 Iution scheuchen die Volksmassen wie Mückenschwärme gutmütiger, lustiger, lebensfroher Junge, der mo¬
505 1552 1017 1652 Ungarisches Theater.
241 1595 3287 1688 „A zöld kakada“ („Der grüne Kakadn“). Gro“ auf, schon versammelt man sich vor der Bastille, mentan an einem heftigen und ganz gemeinen
988 1642 3281 1740 #übersetzt schon wird da und dort einer geköpft, Häuser werden Schnupfen laboriert und gar nichts, aber eben gar
243 1679 800 1740 teske in einem Aufzüg volt Aut
843 1685 899 1743 S
1265 1710 3283 1763 geplündert, in Brand. gesteckt und in die Schänke des nichts von dem Heldenblute seiner Ahnen in den
232 1685 1276 1776 von Josef Prem. — „ne###ie gute
240 1749 3278 1804 alte Zeit“). Komödie in drei Aufzügen von Charles Prospère stürmen die Mitglieder der Truppe und Adern behalten zu haben scheint. Er liebt sein schönes
383 1787 1140 1855 Marlowe. Unzarisch von Ernst Salgö.
1233 1785 3285 1861 bringen die neuesten Nachrichten von Brand und Bäschen, das ihn aber verschmäht, weil sie von einem
335 1826 3272 1908 Es ist dies die zweite Schnitzler=Premiere, die von Mord und eine kleine aristokratische Gesellschaft Helden „der guten alten Zeit“ träumt, nicht aber
240 1889 3271 1953 in der diesjährigen Saison auf unseren Bühnen in sergötzt sich ahnungslos an der Tüchtigkeit dieser von einem tanzenden, pfeisenden, allerhand Allo#ra
248 1950 3271 1998 Szene geht. „Der grüne Kakadn“, dessen General= Schauspieler. Die Frau Marquise, die die Neugierde treibenden modernen Jüngling. Auch die übrigen
248 1981 3286 2061 probe gestern im Ungarischen Theater stattfand, auch hieher gelockt hat, findet alles reizend: die joh= Anwesenden reiben ihm diese „gute alte Zeit“ und
243 2040 3285 2096 dürfte im Beifallsregister eine weit höhere Note er= lende Volksmenge, die Raubmördererlebnisse und sein unwürdig junges Benehmen, das so wenig den
242 2086 3273 2161 halten, als die vor einigen Wochen im National=selbst als Henri, der Held der Truppe, den Gelieb= Ritter ohne Furcht und Tadel zeigt, immerwährend
247 2137 3274 2206 theater aufgeführte „Liebelei“. Für alle, die die#ten seiner Frau, den Prinzen Cardiguan, vor ihren junter die Nase. Da träumt er einen Traum: Der
257 2187 3284 2235 Dinge blos gerne auf der glatten Oberfläche be= Angen ersticht, hat sie nicht einen einzigen warmen neue Trakt des Schlosses, fällt und er, jung und ein
244 2232 3286 2292 trachten, wird das Dramg nichts anderes, als ein Herzenston. „Ach,“ rust sie aus, „man sieht nichtKind der Jetztzeit, sieht sich als Burgherr auf seiner
251 2291 3282 2334 warmes und wahres Bild aus der blutigen Revo= alle Tage einen Herzog erstechen.“ Die Gestalt die= Burg, umgeben von seinem Gesinde im Jahre 1101.
247 2330 3278 2386 lutionsperiode Frankreichs bedeuten, mit kühner Fe=sses Henri ist eine Kabinettfigur und nicht minder Und nun erstehen alle Unbequemlichkeiten und Gr.uel
2260 2373 3280 2433 der „guten alten Zeit". Wir sehen alle, die uns
244 2368 2266 2441 der geschrieben, mit festem Denken aneinanderge=interessant ist die des Mörders Grain. Schade, daß
2257 2424 3288 2484 schon aus dem ersten Akte bekannten jungen Damen
1270 2428 2260 2483 die Darsteller ihre Rollen nicht in dem Maße durch¬
255 2434 1269 2483 fügt. Doch die tiefsten Tiefen des Lebens erblicken
2264 2477 3277 2529 und Herren in die Zeit des Jahres 1101 zurückver¬
1268 2479 2259 2534 fühlt und im Sinne des Autors begriffen haben,
255 2481 1272 2536 darin nur jene, welche nicht blos sehen, sondern auch
2252 2526 3284 2584 wandelt. Die Herzogin als Oberin eines Klo¬
1255 2524 2260 2577 wie wir dies im Ungarischen Theater gewöhnt sind.
258 2530 1267 2590 schauen können. In einem einzigen pastös gemal¬
2258 2570 3289 2624 sters, die lebensfreudigen jungen Mädchen in Non¬
1269 2572 2271 2632 Herr Esortos war nicht ganz der Henri, den wir
254 2575 1278 2631 ten bunten Bilde zeigt uns Schnitzler den elenden
254 2616 3282 2680 Ulk des Lebens, in dem Wahrheit und Komödie sos in ihm gerne gesehen hätten, und Herr Rätkay —nenkutten, der reiche Bankier Isaak als im Kerker
244 2668 3279 2744 unzertrennlich und unverkennbar verqnickt sind. obzwar seine Maste gelungen war — traf auch nicht schmachtender, zum Tode verdammter Jude; seine
342 2714 3271 2782 In der Weinspelunke des Bürgers Prospére immer den überaus schwierigen Ton. Das Zusam= schöne, gefeierte Tochter verpönt, verachtet, und
1271 2763 3278 2824 menspiel war etwas lose, doch dürfte sich das bei derlei Dinge mehr, wie sie die „gute alte Zeit“ auf¬
252 2747 1268 2826 kommt eine Schauspielertruppe zusammen, die mit
2258 2805 3282 2865 zuweisen hatte. Im dritten Akt löst sich dann end¬
1266 2805 2264 2882 der Premiere bessern. Es wäre im Interesse des
256 2797 1269 2880 ihren improvisierten Vorträgen die Aufmerksamkeit
2243 2849 3283 2937 lich alles in einem Liebeskuß und man lernt, sich an
255 2860 2115 2936 und das Interesse der aristokratischen Herre welt er=ganzen und großen Erfolges zu wünschen.
1332 2907 3286 2975 Nach der düsteren Färbung des Schnitzler'schen der Jetztzeit zu erfreuen, die, wie schlecht sie
248 2913 1272 2985 regt, die sich gerne in der Schänke durch Zoten,
2258 2941 3286 3018 auch sein mag, doch weit mehr Erfreuliches bietet,
1259 2934 2275 3036 Dramas folgte der helle Luftton eines englischen
253 2959 1281 3035 Mädchen und ver#tische Vorträge die Zeit ver¬
2267 3011 3122 3068 wie jene, von welcher „der Dichter sang“.
1263 2993 2276 3066 Lustspiels: „Die gute alte Zeit“. Wir finden uns
248 3001 1283 3075 treiben läßt. Die Schauspieler spielen mit grinsen¬
247 3042 2273 3113 der Miene, was ihnen blutiger Ernst ist, was sie plötzlich in einem der großen Feudalschlösser Eng¬
2328 3054 3292 3125 Das flotte Stück sichert der Regie viele lachende
262 3109 1279 3166 bewegt, erfüllt und hinter des lachenden Maske
1260 3117 3286 3150 lands, wo sich ein kleiner Familienkreis nebst einigen Abende und wird sich trotz Tiefenmangel und technie
248 3162 3249 3234 leuert das Elend und der bittere Groll gegen die Aus= anwesenden Gästen um den letzten Sprossen der schen Fehlern ein fröhliches Publikum erwerben.
256 3200 2316 3276 erwählten des Lebens. Die ersten Klänge der Revo= langen Ahnenreihe bemüht. Dieser Sprosse ist ein
