3436 4224
946 154 1254 221 Kakadu
622 156 929 228 Fruene
185 163 1259 248 9. 3. Der  ne eteee
374 1022 928 1168 S
1060 1203 1455 1290 Telephon 12.801.
1092 1304 1239 1378 Die
566 1362 1219 1444 „ODSLIVEN
351 1425 1441 1504 i. öeterr. behördl. konz. Unternehmen für Zeitungs-Ausschnitte
476 1493 1315 1576 Wien, I., Concordiaplatz 4.
674 1559 1119 1633 Vertretungen
343 1615 1427 1676 in Berlin, Budapest, Chicago, Christiania, Genf. Kopen¬
346 1668 1435 1721 hagen, London, Madrid, Mailand, Minneapolis, New-Vork,
384 1709 1391 1763 Paris, Rom, San Francisco, Stockholm, St. Petersburg.
675 1744 1146 1806 (Quellonangebe ahpe Gewühr).
338 1788 713 1879 Ausschnitt aus:
356 1892 512 1962 vom:
688 1894 1405 2009 0. neer
381 2016 1273 2090 Roma (Esse) — Argentina — II pappayallo
354 2054 1267 2129 perde & Schinztler ha interessato poco il pub.
350 2095 1257 2152 blico #hon ha avuto l' onore di una sola re¬
353 2141 1270 2190 pieagGeulitun invece il successo della Mettra
357 2177 1260 2242 di Ugo- Hofmansthal alternata con alenne ré¬
341 2217 1263 2276 priste della Nare e di altri lavori dati sulle
341 2257 1011 2314 stesse scene fin dall'anno scorso.
375 2290 1251 2347 Nel prossimo febbraio lo spettacoloso dram¬
349 2318 1246 2391 ma di Catulle Mendes Sanka Teresa tradotto
342 2364 1251 2433 dal giovanee valente letterato Gino G. Zuc¬
335 2415 1106 2472 cola. Protagenista sarà Evelina Paoli.
373 2456 1256 2515 Valle — Ferruccio Garavaglia e Irma Gra¬
332 2467 1253 2558 matica hanno dato tre rappresentazioni straor¬
333 2513 529 2568 dinarie.
365 2562 1248 2648 Gran concorso di spettatori e grandi applausi
334 2586 718 2650 al valorosi artisti.
353 2646 1246 2708 Ora vi agisce N.velli che ha promesso al¬
321 2682 1247 2753 cune novità tra cui una commedia di Carlo
329 2713 551 2771 Bertolazzi.
368 2749 1238 2815 Quirino —Continnano i successi di Francesco
322 2793 1240 2870 Benini e della sua impareggiabile oompagnia.
366 2841 1246 2913 Dopo alcune felici esumazioni di aleuni gio¬
322 2886 1251 2947 ielli del teatro goldoniano, ignoti al pubblico
324 2914 1237 2985 dei nostri teatri dobbiamo registrare il trionfo
325 2949 1239 3025 di uno squisito lavoro della valorosa serittrice
322 2992 1243 3067 Amelia Rosselli J7 Reyolo. La commedia é uni¬
321 3035 1237 3109 versalmente piaciuta sia per pregi intrinseci
320 3066 1046 3134 sia per l’arte somma degli interpreti.
353 3110 1235 3203 Nazionale — L’ operetta viennese trionfa al
315 3189 1232 3262 suono di raltzerse il Faltzertramm si ripete
312 3242 805 3290 per molte e molte sere.
344 3273 1236 3345 Milano — (edm) Alla Scala sono state so.
310 3329 1242 3387 spese per qualche giorno le rappresentazioni
322 3359 1235 3421 essendo tutto il personale artistico andato a
317 3405 1239 3467 Parigi a prender parte alla riproduzione della
326 3448 1237 3514 Vestale. II teatro si rianre domani con Boris
1407 142 1832 226 box 15/2
2565 784 2950 867 Telephon 12.801.
1841 917 1927 993 —
2066 881 2726 1039 „OBSERVER“
1858 1003 2946 1106 1 österr. behördl. konz. Unternehmen für Zeitunge-Ausschnltte
1979 1071 2828 1156 Wien, I., Concordiaplatz 4.
2187 1142 2618 1221 Vertretungen
1856 1189 2955 1276 in Berlin, Budapest, Chicago, Christiania, Genf. Kopen¬
1852 1243 2948 1310 hagen, London, Madrid, Mailand, Minneapolis, New-Vork,
1896 1290 2892 1369 Paris, Rom. San Francisco, Stockholm, St. Petersburg.
2202 1327 2614 1386 (Quellenangste ohne Gewähr).
2394 1352 2883 1446 A
1853 1393 2242 1472 Ausschnitt aus:
2574 1453 2940 1546 Vane
1862 1483 2378 1566 vom: 377. 7. Zer
2650 1572 3061 1636 dramma in un atto di A.
2224 1603 3063 1666 I Pappagallo verde „, SchNiTzNiEk, rapprescn¬
2186 1656 3073 1715 tato dalla Compagnia Stabile aff“ ATFeNINa G Roma la
2196 1695 2606 1751 sera del 25 gennaio 1909.
2233 1711 3075 1792 Sembrabl#ti#olo diung pochade e si tratta
2186 1779 2851 1827 di un dramma storico. 6 quasi.
2230 1808 3067 1860 II sighor Prospero, già direttore di un pie¬
2198 1858 3079 1901 colo teatro di Parigi, facendo cattivi affari,
2193 1889 3072 1941 ha un'idea geniale: chiude il teatro, ed apre
2190 1928 3078 1982 un’ osteria all' insegna del Pappagallo verde—
2199 1950 3071 2012 nella quale c’è questo di particolare, che i
2198 2002 3077 2052 suoi ex attori intervengono seralmente all’o¬
2195 2043 3077 2097 steria e fingono di essere dei grandi malan¬
2200 2077 3086 2138 drini, raccontando e simulando i piü atroci
2192 2119 3092 2176 delitti. Ció naturalmente solletica la curiosità
2198 2169 3079 2217 di molti signori dell' alta aristocrazia, che se
2192 2197 3089 2249 non andavano al teatro, vanno perö volentieri
2194 2243 3097 2299 all’osteria sotto I’ impressione di assistere a
2193 2281 2478 2347 Jattacci veri.
2245 2310 3087 2373 Tutti i gusti son gusti, in ogni modo Pro¬
2196 2354 3094 2420 spero e la sua froupe hanno trovato il modo
2202 2399 3084 2445 di sbarcare il lunario abbastanza bene, ven¬
2199 2443 3092 2486 dendo vino e improvvisando cio che non sa¬
2212 2486 3093 2536 rebbero forse stati capaci di recitare sul pal¬
2212 2520 2442 2573 coscenico.
2243 2537 3096 2607 Siamo cosi alla vigilia della presa della
2203 2593 3086 2653 Bastiglia. Anzi nella sera stessa del 14 luglio
2213 2636 3102 2680 1789; gli aristocratici non prestano ancora
2202 2667 3094 2726 fede al movimento popolare e continuano a
2212 2721 3104 2760 frequentare il Pappagallo verde in cerca di
2215 2745 3106 2797 emozioni mentre poco distante tuona il can¬
2211 2799 3106 2838 none per l’ assalto alla celebre fortezza. Fra
2213 2844 3104 2881 i comici di Prospero & Enrico, che ha sposato
2216 2868 3092 2915 in quel giorno Zeocadia, eviene felice a dare
2211 2898 3109 2952 addio ai compagni. Prima perö di partire pro¬
2214 2947 3109 3009 mette per quella sera un ultimo impressio¬
2218 2980 3106 3038 nante spettacolo. In fatti poco dopo, mentre
2212 3024 3107 3074 I' osteria & piena di signori, nuovi e vecchi
2209 3074 3098 3110 frequentatori del locale, egli entra furibondo
2212 3097 3107 3156 raccontando di aver sorpresa la moglie col
2210 3128 3120 3193 duca di Gadignan e di aver ucciso quest’ ul¬
2210 3190 2350 3236 timo.
2252 3209 3109 3269 La simulazione e il racconto della tragedia
2225 3259 3102 3309 sono fatti con tanta forza di verità, che anche
2239 3308 3096 3345 i compagni non sanno se Enrico reciti o dica
2230 3340 3096 3385 il vero, cosi che qualcuno si lascia scappare
2222 3381 3106 3421 la soddisfazione che alla fine egli si sia ac¬
2219 3408 3114 3459 corto della tresca. La burla diventa per tal
2224 3464 3111 3508 modo d’ un tratto tragedia vera, perché En¬
2214 3487 3095 3544 rico, fatto conscio della propria disgrazia, e
2228 3529 3097 3583 vedendo poco dopo entrare il duca di Cadi¬
2209 3568 3100 3626 gnan, gli si fa incontro e lo uccide realmente.
2224 3609 3106 3660 A completare il quadro di terrore, la osteria
2214 3646 3107 3688 & invasa dalla folla trionfante che ha preso
2213 3682 3106 3740 la Bastiglia e grida morte agli aristocratici e
2220 3727 3098 3779 porta in trionfo Enrico per la vendetta com¬
2218 3773 2365 3824 piuta.
2259 3804 3104 3864 L’intendimento dello Schnitzier, che & fra
2254 3838 3112 3903 piü acclamati giovani scrittori viennesi, di
