3436 4352
1435 152 1866 234 box 15/3
706 158 1298 229 ruene Kakadu
492 170 638 236 Der
230 171 1290 274 g. 3       en eeenene e
879 517 1066 581 DSotcH.
1067 519 1544 614 A0 STEEU
393 528 814 595 „ Annunrden
246 617 1618 743 uC
265 686 1168 899 41
363 988 1181 1129 pante DEhs Ar run
545 1120 1004 1197 VAUDEVILLE.
2335 1206 2646 1307 1 Saau
392 1221 1171 1293 ·BETWEEN SUNSET & DAWN'
2244 1226 2345 1304 —
406 1282 1161 1364 &· THEUREEN COCKATOO.:
1676 1304 2045 1371 Bace
2028 1327 2573 1412 —G
423 1379 1191 1443 Somehow or other we alwaysjcome back
1556 1412 1750 1492 ation —
387 1432 1172 1480 bo murder on the enrnest stage. If it 18
380 1465 1169 1508 sensatienalism—murder! Mfit is“ realism,?
379 1496 1185 1555 murder! The simple hum-drum truth—no,
1753 1470 2258 1585 2#.11
379 1535 791 1589 that would never do!
413 1553 1185 1629 Anyhow, we had murder for both reasons
393 1609 1180 1653 at the Vaudeville last night, and it must be
390 1652 1182 1695 confessed that in the new play of the even¬
394 1676 1175 1723 ink—“ Between Sunset and Dawn,“ by
1671 1662 2299 1747 GRIM AND GRISLY.
392 1708 1182 1767 Hennom Ould— it was the murder that was
385 1748 1188 1798 the weak point. There was resdly no reason
395 1785 1176 1834 for it—unless it be an obstinate notion in
1594 1771 2381 1850 THRILLS PRODUCED OUIETLY AT
395 1818 1186 1870 some quarters: that all the people in the
1761 1827 2219 1903 THE VAUDEVILLE.
382 1853 1185 1901 East-end are always murdering one another,
395 1889 1182 1935 a belief which those of us who have lived
382 1925 1195 1991 there safely for years know to be much
1632 1916 2384 1986 Veins of thought strangely similar have
386 1961 639 2019 exaggerated.
1601 1973 2381 2022 been struck at about the same time by two
427 1988 1188 2045 In this ease we have a picture, excellentto
1600 2017 2382 2070 dramatists, What is to become öf a woman
395 2028 1189 2084 some extent, of a Deptford doss-house b#
1614 2059 2365 2109 unhappy in her home life who runs away
382 2073 1183 2110 night. The runaway wife (Miss May
1603 2086 2378 2138 from her husband? This problem, so
395 2109 1192 2148 Blayney) of a drunken voung rough Mr.
1605 2137 2383 2178 forcibly put by Mr. Galsworthy in“ The
392 2131 1181 2194 Edmond Breon) sought shelter in the doss¬
383 2167 1198 2219 house, and Jim Harris (Mr. Norman
1607 2174 2382 2237 Fugitive.“ is the basic idea in“ Between
392 2204 1197 2264 MeKinnel), the heavy-fisted janitor and son
1604 2212 2374 2256 the Sunset and the Dawn,“ by Mr. Herman
1602 2240 2376 2304 Ould, produced at the Vandeville Theatre
390 2235 1189 2288 of the proprietress, took an honest fancy to
1599 2272 1822 2318 last night.
385 2274 1193 2339 her. They decided to go off together next
1644 2283 2384 2360 The difference is that Mr. Galsworthy’s
383 2315 593 2364 morning.
1596 2346 2380 2393 Scharacters were in comfortable circum¬
429 2329 1179 2396 Meanwhile she went back to her far-too¬
1595 2369 2384 2427 stances, and Mr. Ould's scenes are taken
389 2383 1189 2428 well-furnished home, to which her husband,
1587 2404 2059 2457 from working-class life.
387 2429 1184 2477 Bill Higgins, had returned, drunk and
1634 2429 2384 2494 The play is practically in one act, divided
396 2453 1192 2496 iealous. They had another row. She told
1596 2465 2384 2516 into four scenes, and the first, in a doss¬
399 2484 1197 2537 Bill that there was “ no harm“ between her
1602 2503 2370 2539 house in South London, is a brilliant
394 2520 1200 2571 and Jim (indeed, she had now made up her
1602 2529 2376 2572 cameo, Liz Higgins, who has run away
405 2555 1196 2603 mind there would not be), but none the less
1597 2568 2369 2622 from her husband because he ill-treats her,
394 2591 1197 2637 he droye her out of. tlé house, flourishing
1601 2601 2373 2648 seeks arnight’s shelter at the doss-house.
1617 2632 2362 2674 The keeper of it, Jim Harris, happens to
400 2629 1192 2685 the lamp at her, and of Course she had to go
1590 2650 2369 2711 be a friend of her husband, but when Bill
400 2666 998 2709 backto Jim and the doss-house.
1598 2703 2377 2745 Higgins comes along Jim gives the girl a
440 2690 1192 2748 When Jim Hears that she did not make a
1602 2727 2374 2785 chance to slip away. Later she comes
410 2729 1196 2784 clean breast of her intentions to Bill he
1593 2754 2231 2807 back and Jim offers to protect her.
401 2764 1188 2813 refuses to have anv more to do, with her,
1621 2780 2374 2833 She accepts him reluctantly, but two
398 2800 1196 2868 and finally“ knifes?’ her, all too effectually.
1595 2824 2363 2870 minutes later changes her mind, and re¬
444 2837 1191 2879 Franklv, the murder did not convince.
1592 2851 2365 2898 turns to her home. There she and Bill have
404 2870 1194 2922 Men of Jum's temperament might murder
1602 2889 2379 2954 get another row and, like a cork in the
404 2920 1192 2960 for passion, but not for a problem-play
1605 2907 2202 2961 current, she drifts back to Jim.
412 2940 1202 2988 quibble. Still, the rest of the little four¬
1622 2943 2377 2988 The most extraordinary thing about the
419 2973 1194 3020 scelle play was interestingly genuine and
1594 2984 2361 3032 production was thesubdued kev in which it
1589 3015 2378 3069 was played. Mr. Norman McKinnel and
390 3010 1203 3064 Hauptmannesque. Unfortunately, English
1594 3039 2361 3085 Miss Mav Blayney as Jim and Liz were
388 3041 1193 3099 doss-house dialogue can hardly be repro¬
1588 3069 2363 3121 both full of reserved strength, and the
400 3077 1186 3145 duced, as its only two adjectives are both
1583 3108 2370 3173 queer, grim scene at the end of the play,
409 3122 1199 3171 unpermissible on the stage. The love scencs,
1585 3138 2362 3188 in which Jim’s brain suddenly gives way,
406 3150 1195 3203 also, were far too elaborately phrased. But
1579 3162 2373 3230 and he throttles the girl, was played so
407 3183 1205 3249 Miss May Blayney’s playing of the wistfui
1586 3206 2204 3247 quietly that its effect was trebled.
417 3216 1203 3265 voung wife was one of thé möst beautiful
1636 3242 2113 3279 Another grim little play,
2143 3226 2380 3295 The Green
417 3254 1199 3301 things that have been scen in this kind for a
1584 3259 2368 3311 Cockatoo.“ by Arthur Schnitzler, which has
408 3297 621 3344 long time.
1584 3309 2358 3349 alrendy been praised in the Express.“
431 3314 1194 3372 In Schnitzler’s wild and ghastly “thriller.“
1600 3324 2376 3380 completed the programme. In this Mr.
1597 3362 2377 3403 MeKinnel, as the mock murderer, Mr.
428 3355 1190 3419 — The Green Cockatoo,“ which has alrendy
1604 3396 2368 3440 Malcolm Cherry. Miss Sarah Brooke, and
408 3390 1199 3449 been produced by the Stage Society—there
1591 3430 2387 3490 Mr. Gordon Bailey were the outstanding
407 3434 1203 3490 is, of course, no need to seek far for u
1588 3454 1751 3514 figures.
416 3470 1193 3526 reason why Henri, the actor, stabbed the
407 3506 1201 3553 amorous Duke in tue underground tavern
406 3540 1195 3601 in the Peris of the Revolution, or why
410 3581 1197 3634 Schnitzler revelled in ringing the changes
421 3611 1198 3659 upon mimic horror and the real thing. It
410 3658 1197 3692 ie just a piece of unabaslied sensationalism,
408 3682 1206 3739 and brilliantly effective to be sure! As Jim
411 3714 1204 3791 in the earlier play, and Henri in this, and
413 3764 1204 3807 also as producer, Mr. Norman Mekinnel did
414 3784 1210 3843 both dark deeds with his customary com¬
981 3820 1181 3877 S. R. L.
391 3837 594 3896 betende.
