3436 4320
1902 248 2427 341 box 16/1
1086 250 1307 316 akad
1276 266 1828 348 —
230 250 1163 352 9.4. Der gruene
1201 927 1572 1017 Ausschnift aus
1564 897 2419 1048 ORWARTS, BERL NE.
1198 1031 1369 1119 vom:
1573 1116 1833 1164 Theater.
1128 1144 2325 1227 Charlottenburger Schillertheater: Die Gess
1086 1189 2308 1260 ährtin; Paracelsus; Der grüne Kakadu von Ar¬
1079 1237 2307 1312 zr Schnitzler. Die Aufjuhrung war in der Wahl der Stücke
1088 1264 2299 1361 die in ###dWdergabe eine würdige Feier von Schnitz¬
1094 1298 2304 1388 ers fünfzigstem Geburtstag. In der stimmungs= und sinnvollen,
1087 1352 2302 1439 ronisch=nachdenklichen Art, wie die drei Einakter den Gegensatz von
1094 1386 2295 1475 zllusion und Wirklichkeit, ihr wechselndes Sichkreuzen und Inein¬
1091 1415 2298 1502 inder=Uebergehen beleuchten, prägt die Persönlichkeit des Dichters
1085 1451 2316 1542 ich eindrucksvoll bedeutsamer, wie in so manchem seiner shäteren
1095 1503 2351 1578 imfangreicheren Dramen aus. Das Schweben der Stimmung geht
1098 1606 2331 1679 hier mit sicherer künstlerischer Konzentrierung Hand in Hand; es
1096 1640 2344 1723 ist ein Fließen, kein Zerfließen, wie etwa in dem „Einsamen Wege“
1106 1698 1656 1753 und dem „Ruf des Lebens“
1198 1714 2360 1800 Der feinen, naturalistisch durchgeführten Seelenstudie „Die
1092 1753 2307 1842 Gefährtin“ folgte die graziöse Versdichtung „Paracelsus“.
1192 1795 2362 1857 Im „grünen Kakadu“ dem Schlußstücke des Abends, hat #
1093 1851 2355 1902 Schnitzlers Kunst den bisher nicht übertroffenen Gipfel ihrer Kraft
1093 1886 2347 1940 erreicht. Gespenstisch jagt ein bunter Mummenschanz, indes von
1104 1933 2339 1975 draußen her die Doiner des Bastillesturmes dröhnen, vorüber. Eine#
1098 1946 2344 2018 verrottete Pariser Aristokrat##sippe feiert bei dem Wirt zum grünen
1109 1998 2339 2049 Kakadu, der angeworbene Komödianten zum Nervenkitzel der er¬
1102 2032 2334 2110 lauchten Gäste sensationelle Verbrecherszenen mimen läßt, nächtliche
1112 2074 2339 2130 Orgien. Hinier dem Spiele lauert der Haß der Ausgestoßenen.
1118 2112 2331 2163 Die beiden Gruppen sind in markanten, knappen Zügen vortrefflich
1105 2156 2340 2202 kontrastiert. In das gespielte Verbrechen mischt sich das wirkliche
1156 2189 2336 2237 ein aus dem Zuchthaus entlassener Mörder; und bei dem Mo¬
1103 2225 2334 2280 nologe Henris, des genialen Haupts der Truppe, der erzählt, eben
1101 2263 2342 2326 habe er sein junges, angebetetes Weib mit dem Herzog von Ca¬
1122 2299 2343 2352 dignan überrascht und ihn erstochen, verwischen sich vollends alle
1121 2339 2351 2401 sicheren Grenzen. Was er als Spiel erfunden, war Wirklichkeit
1115 2403 2341 2433 und wird es: Er hört, der Herzog habe ihn mit der Geliebten be¬
1122 2421 2355 2474 trogen, und bohrt in rasendem Schmerze das Messer in des adligen
1118 2455 2356 2516 Rivalen Brust. Von der Straße schallt Lärm und Jubel. Man
1116 2502 2346 2548 ruft: es lebe die Freiheit, es lebe Henri. Drohend klingt hinter
1107 2528 2351 2592 den erschreckt forteilenden Aristokraten die Prophezeiung Grassets:
1107 2584 2294 2634 Laßt sie für heute — laßt sie —, sie werden uns nicht entgehen.
1184 2611 2361 2666 Diese „Groteske“, in ihrer seltsam originellen Eigenart be¬
1117 2641 2366 2714 sonders schwierig, hatte der Regisseur Walter Horst ganz über¬
1114 2689 2368 2758 raschend glücklich inszeniert, die Gegensätze plastisch=malerisch aufs
1122 2721 2358 2787 wirksamste herausgearbeitet. Aus der Fülle der Einzelleistungen
1123 2771 2347 2821 traten insbesondere die spielerisch lüsterne Marquise Hedwig
1117 2820 2354 2859 Paulys, Paeschkes jugendlicher Herzog, Wirths Kellerei¬
1121 2837 2361 2900 besitzer, Gerhards schwärmerischer Henri und Else Wasas
1121 2893 2348 2941 leichtsinnig buhlerische Leocadie hervor. — Als „Paracelsus“ brachte
1124 2931 2351 2982 sich Herr Gerhard durch eine Christusmaske, die für den Aben¬
1122 2962 2347 3017 teurer wenig paßte, um einen Teil des Eindrucks. Desto ge¬
1119 3007 2344 3057 schlossener wirkte Bernecker als breiter, arroganter Bürgers¬
1119 3053 2339 3103 mann. — In der „Gefährtin“ erfreuten Max Reimer und
2228 3081 2317 3135 dt.
1112 3097 2116 3147 Hedwig Pauly durch diskret getönte=Charakteristik.
1195 3121 2350 3186 Das neue Volkstheater (Neue freie Volksbühne) ver¬
1114 3174 2351 3236 anstaltete am Mittwoch gleichfalls einen Schnitzler=Abend,
1110 3216 2343 3270 der den Wiener Dichter in zwei seiner populärsten Stücke
1115 3256 2347 3310 vorführte. Der amüfanten und in allerlei Ironien glitzernden
1109 3301 2344 3346 Plauderei „Literatur“ folgte das Drama Schnitzlers, das
1115 3331 2347 3384 für seine Art am allercharakteristischsten ist: „Liebelei“.
1113 3371 2380 3428 Die echten und die falschen Töne sind in dieser süß=
1111 3408 2375 3458 schwermütigen Liebesgeschichte des Wiener Mädels, die an der
1121 3439 2395 3499 Liebelei des vornehmen jungen Mannes zugrunde geht, aber auch d
1117 3487 2408 3541 der ganze Zauber der Schnitzlerschen Dialog= und Milienkunst. Die k
1117 3541 2350 3578 Darstellung war in beiden Stücken eine recht gute. Nur war der
1122 3561 2352 3614 Gilbert des Herrn Robert Müller (in der „Literatur") wohl in
1121 3612 2340 3658 Maske und Alter etwas vergriffen. Um so besser wirkte desselben
2349 3601 2397 3654 3
1109 3658 2354 3696 Darstellers feine Charakterisierung des alten Viol'nspielers in der
1114 3668 2362 3743 „Liebelei“. Die kontrastierenden Mädchenfiguren wurden von Marthag
1122 3725 2398 3768 Angerstein (die tiefe, heczensechte Christine) und Else Bock (die 1
1107 3771 2265 3831 leichte, nette Mizi Schlager) wahr und ansprechend verkörpert.
