<?xml version="1.0" encoding="UTF-8" standalone="yes"?>
<PcGts xmlns="http://schema.primaresearch.org/PAGE/gts/pagecontent/2013-07-15" xmlns:xsi="http://www.w3.org/2001/XMLSchema-instance" xsi:schemaLocation="http://schema.primaresearch.org/PAGE/gts/pagecontent/2013-07-15 http://schema.primaresearch.org/PAGE/gts/pagecontent/2013-07-15/pagecontent.xsd">
    <Metadata>
        <Creator>prov=University of Rostock/Institute of Mathematics/CITlab/Gundram Leifert/gundram.leifert@uni-rostock.de:name=ONB_Newseye_GT_M1+(htr_id=10810)::::v=2.4.2
prov=University of Rostock/Institute of Mathematics/CITlab/Tobias Gruening/tobias.gruening@uni-rostock.de:name=de.uros.citlab.module.baseline2polygon.B2PSeamMultiOriented:v=2.4.2
prov=University of Rostock/Institute of Mathematics/CITlab/Tobias Gruening/tobias.gruening@uni-rostock.de:name=/mnt/transkribus/LA/DEA/URO/LA_news_onb_att.pb:de.uros.citlab.segmentation.CITlab_LA_ML:v=2.4.2
Transkribus</Creator>
        <Created>2019-10-07T11:43:39.065+02:00</Created>
        <LastChange>2019-10-08T22:33:36.340+02:00</LastChange>
        <TranskribusMetadata docId="223987" pageId="9504243" pageNr="584" tsid="16612361" status="IN_PROGRESS" userId="40391" imgUrl="https://files.transkribus.eu/Get?id=CKNMJFANCJPIJARYKRHYJNFA&amp;fileType=view" xmlUrl="https://files.transkribus.eu/Get?id=RBFPSGHULAAHKBYQWDQBVYRD" imageId="6194457"/>
    </Metadata>
    <Page imageFilename="223987_0584.jpeg" imageWidth="3484" imageHeight="4256">
        <ReadingOrder>
            <OrderedGroup id="ro_1711447544089" caption="Regions reading order">
                <RegionRefIndexed index="0" regionRef="r1"/>
            </OrderedGroup>
        </ReadingOrder>
        <TextRegion orientation="0.0" id="r1" custom="readingOrder {index:0;}">
            <Coords points="396,158 396,3553 2614,3553 2614,158"/>
            <TextLine id="r1l1" custom="readingOrder {index:0;}">
                <Coords points="2176,206 2289,219 2335,209 2392,238 2466,222 2495,238 2552,210 2623,217 2625,135 2579,132 2517,160 2436,144 2385,158 2366,142 2347,157 2278,151 2254,165 2221,141 2177,145"/>
                <Baseline points="2186,203 2211,201 2236,201 2261,200 2286,200 2311,200 2337,200 2362,202 2387,203 2412,203 2437,204 2462,205 2488,206 2513,207 2538,208 2563,208 2588,208 2614,207"/>
                <TextEquiv>
                    <Unicode>box 15/6</Unicode>
                </TextEquiv>
            </TextLine>
            <TextLine id="r1l2" custom="readingOrder {index:1;}">
                <Coords points="386,210 1948,247 2017,174 1877,134 1613,193 1466,134 387,141"/>
                <Baseline points="396,184 476,192 556,197 637,202 717,206 798,209 878,212 959,214 1039,216 1120,217 1200,218 1280,218 1361,219 1441,219 1522,219 1602,219 1683,219 1763,219 1844,219 1924,219 2005,220"/>
                <TextEquiv>
                    <Unicode>9.4. Der-Brnene KakaduZ#klng</Unicode>
                </TextEquiv>
            </TextLine>
            <TextLine id="r1l3" custom="readingOrder {index:2;}">
                <Coords points="1536,1117 1584,1140 1739,1142 1763,1130 1925,1139 1925,1105 1906,1113 1867,1079 1787,1080 1759,1096 1736,1081 1698,1091 1679,1072 1629,1095 1536,1087"/>
                <Baseline points="1546,1132 1572,1132 1598,1132 1624,1131 1651,1131 1677,1131 1703,1131 1730,1131 1756,1131 1782,1132 1808,1133 1835,1134 1861,1135 1887,1136 1914,1138"/>
                <TextEquiv>
                    <Unicode>Telefon 12801.</Unicode>
                </TextEquiv>
            </TextLine>
            <TextLine id="r1l4" custom="readingOrder {index:3;}">
                <Coords points="1237,1256 2266,1225 2266,1199 2152,1174 2116,1199 1237,1187"/>
                <Baseline points="1247,1237 1297,1234 1347,1233 1398,1231 1448,1231 1499,1231 1549,1231 1599,1231 1650,1232 1700,1232 1751,1233 1801,1234 1851,1235 1902,1235 1952,1235 2003,1235 2053,1235 2103,1234 2154,1232 2204,1230 2255,1226"/>
                <TextEquiv>
                    <Unicode>Unternehmen für Zeitungs-Ausschnitte.</Unicode>
                </TextEquiv>
            </TextLine>
            <TextLine id="r1l5" custom="readingOrder {index:4;}">
                <Coords points="2119,1311 2145,1312 2165,1295 2178,1298 2188,1288 2224,1299 2308,1292 2306,1221 2268,1226 2242,1246 2229,1238 2212,1238 2206,1245 2191,1239 2178,1246 2166,1240 2117,1243"/>
                <Baseline points="2129,1279 2157,1278 2185,1278 2213,1277 2241,1276 2269,1275 2297,1273"/>
                <TextEquiv>
                    <Unicode>Ausschnltt</Unicode>
                </TextEquiv>
            </TextLine>
            <TextLine id="r1l6" custom="readingOrder {index:5;}">
                <Coords points="1407,1387 1735,1389 1785,1359 1964,1384 2065,1351 2419,1378 2419,1314 2320,1285 2246,1321 2179,1296 2122,1338 2042,1283 1808,1326 1714,1307 1657,1341 1539,1284 1407,1309"/>
                <Baseline points="1417,1372 1466,1368 1516,1363 1565,1361 1615,1359 1665,1358 1714,1357 1764,1356 1813,1356 1863,1357 1913,1358 1962,1359 2012,1360 2061,1360 2111,1361 2161,1362 2210,1363 2260,1363 2309,1362 2359,1361 2409,1360"/>
                <TextEquiv>
                    <Unicode>„OBSERVER“ Nr. 32</Unicode>
                </TextEquiv>
            </TextLine>
            <TextLine id="r1l7" custom="readingOrder {index:6;}">
                <Coords points="999,1432 2470,1470 2469,1401 2309,1380 1439,1410 1224,1362 1169,1411 999,1411"/>
                <Baseline points="1009,1442 1081,1441 1154,1440 1226,1440 1299,1439 1371,1439 1444,1439 1516,1439 1589,1440 1661,1440 1734,1440 1806,1440 1879,1440 1951,1440 2024,1440 2096,1439 2169,1439 2241,1438 2314,1437 2386,1435 2459,1433"/>
                <TextEquiv>
                    <Unicode>I. österr. #d#. cone. Bureau für Zeitungsberichte u. Personalnachrichten</Unicode>
                </TextEquiv>
            </TextLine>
            <TextLine id="r1l8" custom="readingOrder {index:7;}">
                <Coords points="1193,1519 1487,1551 1687,1520 1958,1553 2160,1516 2287,1536 2286,1467 2248,1450 2030,1491 1920,1452 1192,1473"/>
                <Baseline points="1202,1519 1255,1519 1309,1520 1363,1520 1416,1520 1470,1520 1524,1519 1577,1519 1631,1519 1685,1518 1739,1517 1792,1517 1846,1516 1900,1516 1953,1515 2007,1515 2061,1515 2114,1515 2168,1516 2222,1516 2276,1517"/>
                <TextEquiv>
                    <Unicode>Wien, IX/1. Türkenstrasse 17.</Unicode>
                </TextEquiv>
            </TextLine>
            <TextLine id="r1l9" custom="readingOrder {index:8;}">
                <Coords points="1426,1607 1670,1597 1775,1626 1815,1602 1849,1625 1922,1602 1950,1622 2072,1582 2071,1554 2006,1536 1775,1558 1655,1534 1516,1556 1426,1533"/>
                <Baseline points="1436,1595 1467,1594 1498,1593 1529,1593 1561,1592 1592,1592 1623,1592 1655,1592 1686,1592 1717,1592 1749,1592 1780,1591 1811,1591 1842,1591 1874,1591 1905,1591 1936,1591 1968,1590 1999,1590 2030,1590 2062,1589"/>
                <TextEquiv>
                    <Unicode>Flliale in Budapest: „Figyelé“</Unicode>
                </TextEquiv>
            </TextLine>
            <TextLine id="r1l10" custom="readingOrder {index:9;}">
                <Coords points="1107,1669 2196,1693 2392,1661 2392,1607 1107,1627"/>
                <Baseline points="1117,1664 1180,1664 1243,1663 1306,1663 1370,1663 1433,1663 1496,1663 1559,1663 1623,1663 1686,1663 1749,1664 1812,1664 1876,1664 1939,1664 2002,1665 2065,1665 2129,1665 2192,1665 2255,1666 2318,1666 2382,1666"/>
                <TextEquiv>
                    <Unicode>Vertretungen in Berlin, Chicago, London, Newyork, Paris, Stockholm.</Unicode>
                </TextEquiv>
            </TextLine>
            <TextLine id="r1l11" custom="readingOrder {index:10;}">
                <Coords points="1009,1803 1426,1825 2250,1762 2248,1695 2153,1688 1818,1745 1625,1702 1406,1756 1008,1745"/>
                <Baseline points="1019,1791 1080,1791 1141,1792 1202,1792 1263,1791 1324,1791 1385,1791 1446,1789 1507,1788 1568,1787 1629,1786 1690,1784 1751,1782 1812,1780 1873,1778 1934,1776 1995,1773 2056,1770 2117,1767 2178,1764 2239,1761"/>
                <TextEquiv>
                    <Unicode>Aussehnitt aus: Wahr —7 20ec7</Unicode>
                </TextEquiv>
            </TextLine>
            <TextLine id="r1l12" custom="readingOrder {index:11;}">
                <Coords points="2101,1846 2120,1844 2161,1870 2193,1858 2216,1871 2277,1859 2315,1878 2462,1853 2463,1830 2402,1817 2367,1784 2329,1786 2276,1762 2234,1762 2213,1782 2194,1769 2171,1773 2120,1810 2101,1808"/>
                <Baseline points="2110,1855 2136,1853 2162,1852 2188,1852 2215,1852 2241,1852 2267,1854 2294,1855 2320,1856 2346,1856 2373,1857 2399,1857 2425,1856 2452,1854"/>
                <TextEquiv>
                    <Unicode>Sbelen</Unicode>
                </TextEquiv>
            </TextLine>
            <TextLine id="r1l13" custom="readingOrder {index:12;}">
                <Coords points="1013,1936 1068,1965 1137,1945 1226,1957 1251,1941 1285,1968 1331,1975 1419,1975 1459,1943 1485,1943 1485,1897 1455,1914 1367,1886 1308,1903 1245,1867 1169,1903 1089,1888 1064,1904 1014,1881"/>
                <Baseline points="1024,1937 1049,1936 1074,1936 1099,1936 1124,1936 1149,1936 1174,1936 1199,1936 1224,1937 1249,1937 1274,1937 1299,1937 1324,1937 1349,1937 1374,1937 1399,1937 1424,1937 1449,1937 1474,1936"/>
                <TextEquiv>
                    <Unicode>vom Jaaur 99</Unicode>
                </TextEquiv>
            </TextLine>
            <TextLine id="r1l14" custom="readingOrder {index:13;}">
                <Coords points="1034,2094 2623,2101 2623,2033 1034,2039"/>
                <Baseline points="1044,2089 1122,2090 1200,2091 1279,2091 1357,2092 1435,2092 1514,2092 1592,2091 1670,2091 1749,2091 1827,2090 1905,2090 1984,2090 2062,2089 2140,2089 2219,2090 2297,2090 2375,2091 2454,2092 2532,2093 2611,2095"/>
                <TextEquiv>
                    <Unicode>Unter den Premièren der heutigen Berichtsperiode ragt nur der Einakterabend vont</Unicode>
                </TextEquiv>
            </TextLine>
            <TextLine id="r1l15" custom="readingOrder {index:14;}">
                <Coords points="919,2129 2606,2152 2562,2097 919,2074"/>
                <Baseline points="929,2138 1012,2138 1095,2138 1178,2138 1262,2138 1345,2138 1428,2138 1512,2138 1595,2138 1678,2139 1762,2139 1845,2139 1928,2139 2011,2139 2095,2140 2178,2140 2261,2140 2345,2141 2428,2141 2511,2141 2595,2142"/>
                <TextEquiv>
                    <Unicode>Arthur Schnitzler hervor. Antor, Direktor und Publikum müssen einer hochmögenden Zensur</Unicode>
                </TextEquiv>
            </TextLine>
            <TextLine id="r1l16" custom="readingOrder {index:15;}">
                <Coords points="914,2198 2614,2205 2564,2147 914,2154"/>
                <Baseline points="925,2190 1013,2190 1101,2190 1190,2190 1278,2190 1366,2190 1455,2190 1543,2190 1631,2190 1720,2189 1808,2189 1897,2189 1985,2189 2073,2189 2162,2189 2250,2189 2338,2189 2427,2189 2515,2190 2604,2191"/>
                <TextEquiv>
                    <Unicode>dankbar sein, daß sie durch die Freigabe des besten Stückes, „Der grüne Nakadu“, den Abend;</Unicode>
                </TextEquiv>
            </TextLine>
            <TextLine id="r1l17" custom="readingOrder {index:16;}">
                <Coords points="917,2268 2554,2258 2619,2241 2619,2180 917,2192"/>
                <Baseline points="927,2240 1011,2240 1095,2240 1179,2240 1263,2240 1347,2240 1431,2240 1515,2240 1599,2239 1683,2239 1768,2239 1852,2239 1936,2239 2020,2239 2104,2239 2188,2239 2272,2239 2356,2240 2440,2241 2524,2241 2609,2242"/>
                <TextEquiv>
                    <Unicode>nicht verdorben hat. Ein eigenartiges keckes Genrebild, das sich von dem ungeheuern, blutroten !</Unicode>
                </TextEquiv>
            </TextLine>
            <TextLine id="r1l18" custom="readingOrder {index:17;}">
                <Coords points="918,2312 2610,2321 2610,2239 918,2268"/>
                <Baseline points="929,2288 1012,2288 1096,2289 1179,2289 1263,2289 1346,2289 1430,2288 1513,2288 1597,2288 1680,2288 1764,2288 1847,2288 1931,2288 2014,2288 2098,2288 2181,2288 2265,2288 2348,2289 2432,2289 2515,2290 2599,2291"/>
                <TextEquiv>
                    <Unicode>Hintergrunde der französischen Revolution abhebt, ist es mit seiner überreifen, farbensatten Technik</Unicode>
                </TextEquiv>
            </TextLine>
            <TextLine id="r1l19" custom="readingOrder {index:18;}">
                <Coords points="917,2329 2535,2355 2612,2334 2613,2277 917,2297"/>
                <Baseline points="927,2335 1010,2335 1094,2335 1178,2335 1262,2335 1346,2335 1429,2334 1513,2334 1597,2334 1681,2334 1765,2334 1848,2334 1932,2334 2016,2334 2100,2334 2184,2335 2267,2336 2351,2337 2435,2338 2519,2339 2603,2341"/>
                <TextEquiv>
                    <Unicode>ein kleines Meisterwerk. „Paracelsus“ würde erfreulicher wirken, wenn dieser kleine, hypnotische!</Unicode>
                </TextEquiv>
            </TextLine>
            <TextLine id="r1l20" custom="readingOrder {index:19;}">
                <Coords points="920,2395 2611,2417 2611,2333 920,2353"/>
                <Baseline points="931,2384 1014,2384 1098,2383 1181,2383 1265,2383 1348,2382 1432,2382 1515,2382 1599,2382 1682,2382 1766,2382 1849,2382 1933,2382 2016,2382 2100,2383 2183,2383 2267,2383 2350,2384 2434,2384 2517,2385 2601,2385"/>
                <TextEquiv>
                    <Unicode>Scherz etwa von einem Cagliostro im Barockgewand erekutiert würde. Von einem Aristoteles</Unicode>
                </TextEquiv>
            </TextLine>
            <TextLine id="r1l21" custom="readingOrder {index:20;}">
                <Coords points="994,2409 1005,2408 1021,2421 1027,2418 1032,2422 1038,2419 1061,2417 1057,2373 1042,2375 1025,2393 1010,2390 1008,2393 993,2394"/>
                <Baseline points="1006,2416 1050,2412"/>
                <TextEquiv>
                    <Unicode>3</Unicode>
                </TextEquiv>
            </TextLine>
            <TextLine id="r1l22" custom="readingOrder {index:21;}">
                <Coords points="913,2468 2611,2455 2577,2394 913,2395"/>
                <Baseline points="923,2434 1006,2433 1090,2432 1174,2432 1258,2432 1342,2431 1426,2431 1510,2431 1594,2431 1678,2431 1762,2431 1845,2431 1929,2431 2013,2432 2097,2432 2181,2432 2265,2433 2349,2433 2433,2433 2517,2434 2601,2434"/>
                <TextEquiv>
                    <Unicode>des ###ttelalters erwarten wir, selbst wenn er einem Bürgerweibchen einen Possen spielt, mehr</Unicode>
                </TextEquiv>
            </TextLine>
            <TextLine id="r1l23" custom="readingOrder {index:22;}">
                <Coords points="918,2479 2618,2473 918,2454"/>
                <Baseline points="930,2485 1013,2484 1097,2483 1181,2482 1265,2481 1349,2481 1433,2480 1517,2480 1601,2480 1685,2480 1769,2480 1852,2480 1936,2480 2020,2480 2104,2480 2188,2480 2272,2481 2356,2481 2440,2481 2524,2481 2608,2481"/>
                <TextEquiv>
                    <Unicode>Größe. Ein Genuß war es freilich, Kainz in diabolischer Maske agieren zu sehen. Einen</Unicode>
                </TextEquiv>
            </TextLine>
            <TextLine id="r1l24" custom="readingOrder {index:23;}">
                <Coords points="919,2559 2615,2552 2615,2470 919,2506"/>
                <Baseline points="929,2533 1012,2531 1096,2530 1180,2529 1263,2529 1347,2529 1431,2528 1514,2528 1598,2529 1682,2529 1766,2529 1849,2530 1933,2530 2017,2530 2100,2531 2184,2531 2268,2531 2351,2531 2435,2531 2519,2531 2603,2531"/>
                <TextEquiv>
                    <Unicode>gleichen Genuß bereitete Hermann Rissen als alter Professor in dem letzten Einakter „Die</Unicode>
                </TextEquiv>
            </TextLine>
            <TextLine id="r1l25" custom="readingOrder {index:24;}">
                <Coords points="912,2579 2610,2603 2574,2542 2128,2529 912,2554"/>
                <Baseline points="923,2579 1006,2578 1090,2578 1174,2577 1258,2577 1342,2577 1426,2577 1509,2577 1593,2577 1677,2578 1761,2578 1845,2578 1929,2579 2013,2579 2096,2579 2180,2580 2264,2580 2348,2580 2432,2580 2516,2580 2600,2580"/>
                <TextEquiv>
                    <Unicode>Gefährtin“. Die Nachgeschichte eines Ehebruchs wird hier in jener geistreich überlegenen</Unicode>
                </TextEquiv>
            </TextLine>
            <TextLine id="r1l26" custom="readingOrder {index:25;}">
                <Coords points="922,2620 2611,2636 2573,2589 922,2597"/>
                <Baseline points="933,2628 1016,2628 1099,2628 1183,2628 1266,2628 1349,2628 1433,2628 1516,2628 1599,2628 1683,2628 1766,2628 1849,2628 1933,2628 2016,2628 2099,2628 2183,2629 2266,2629 2349,2629 2433,2629 2516,2629 2600,2629"/>
                <TextEquiv>
                    <Unicode>Weise behandelt, die Schnitzler auch in einigen seiner novellistischen Erzeugnisse: „Abschied“ und</Unicode>
                </TextEquiv>
            </TextLine>
            <TextLine id="r1l27" custom="readingOrder {index:26;}">
                <Coords points="928,2692 2607,2697 2607,2644 928,2658"/>
                <Baseline points="938,2679 1020,2679 1103,2678 1186,2678 1269,2677 1352,2677 1435,2676 1518,2676 1601,2675 1684,2675 1767,2675 1849,2675 1932,2674 2015,2675 2098,2675 2181,2675 2264,2676 2347,2676 2430,2677 2513,2678 2596,2680"/>
                <TextEquiv>
                    <Unicode>„Die Toten schweigen“ bethätigt. Die allmähliche Enthüllung des wahren Charakters der</Unicode>
                </TextEquiv>
            </TextLine>
            <TextLine id="r1l28" custom="readingOrder {index:27;}">
                <Coords points="923,2746 2550,2752 2602,2687 923,2702"/>
                <Baseline points="933,2728 1020,2727 1107,2726 1194,2726 1282,2725 1369,2725 1456,2725 1544,2725 1631,2725 1718,2725 1806,2725 1893,2725 1980,2725 2068,2726 2155,2726 2242,2727 2330,2727 2417,2727 2504,2728 2592,2728"/>
                <TextEquiv>
                    <Unicode>Lebensgefährtin des alten Professors wird Schritt für Schritt mit raffinierte Feinheit vorgeführt,</Unicode>
                </TextEquiv>
            </TextLine>
            <TextLine id="r1l29" custom="readingOrder {index:28;}">
                <Coords points="912,2781 2612,2786 2574,2738 912,2745"/>
                <Baseline points="922,2778 1010,2776 1098,2775 1187,2774 1275,2773 1363,2773 1452,2773 1540,2773 1628,2773 1717,2774 1805,2775 1894,2775 1982,2776 2070,2776 2159,2777 2247,2777 2335,2777 2424,2777 2512,2777 2601,2776"/>
                <TextEquiv>
                    <Unicode>und ein weicher, inniger Herzton klingt doch dabei durch das Ganze. Schnitzlers Arbeiten mag</Unicode>
                </TextEquiv>
            </TextLine>
            <TextLine id="r1l30" custom="readingOrder {index:29;}">
                <Coords points="923,2848 2556,2848 2606,2785 923,2791"/>
                <Baseline points="933,2824 1016,2824 1099,2824 1182,2824 1265,2824 1348,2824 1431,2824 1514,2825 1597,2825 1680,2825 1764,2826 1847,2826 1930,2826 2013,2826 2096,2826 2179,2826 2262,2826 2345,2826 2428,2826 2511,2826 2595,2825"/>
                <TextEquiv>
                    <Unicode>der echte Atem der Leidenschaft und der sonveräue Humor fehlen; an Feinheit der Konzeption</Unicode>
                </TextEquiv>
            </TextLine>
            <TextLine id="r1l31" custom="readingOrder {index:30;}">
                <Coords points="911,2869 2605,2890 2605,2833 911,2848"/>
                <Baseline points="921,2872 1004,2872 1088,2872 1171,2873 1255,2873 1339,2873 1422,2873 1506,2874 1590,2874 1673,2874 1757,2874 1841,2875 1924,2875 2008,2875 2092,2875 2175,2875 2259,2875 2343,2875 2426,2875 2510,2875 2594,2875"/>
                <TextEquiv>
                    <Unicode> und geistreicher Ausgestaltung im einzelnen hat der Wiener Doet heute in Deutschland zumal</Unicode>
                </TextEquiv>
            </TextLine>
            <TextLine id="r1l32" custom="readingOrder {index:31;}">
                <Coords points="910,2934 2553,2942 2602,2887 910,2892"/>
                <Baseline points="921,2923 1004,2924 1088,2924 1171,2924 1255,2924 1338,2924 1422,2924 1505,2925 1589,2925 1672,2925 1756,2925 1840,2925 1923,2925 2007,2924 2090,2924 2174,2924 2257,2924 2341,2924 2424,2923 2508,2923 2592,2922"/>
                <TextEquiv>
                    <Unicode>wenig Ebenbürtige, und an dieser erlesenen und reifen Kunst, die freilich die Masse nicht er¬</Unicode>
                </TextEquiv>
            </TextLine>
            <TextLine id="r1l33" custom="readingOrder {index:32;}">
                <Coords points="915,2982 2489,3012 2489,2932 915,2935"/>
                <Baseline points="925,2969 1002,2970 1080,2971 1158,2972 1235,2973 1313,2973 1391,2974 1468,2974 1546,2974 1624,2974 1702,2974 1779,2974 1857,2974 1935,2973 2012,2973 2090,2973 2168,2973 2245,2972 2323,2972 2401,2972 2479,2972"/>
                <TextEquiv>
                    <Unicode>obern will und nicht erobern wird, kann der „einschmecker mit Recht seine Freude haben.</Unicode>
                </TextEquiv>
            </TextLine>
            <TextLine id="r1l34" custom="readingOrder {index:33;}">
                <Coords points="1460,3190 1575,3216 1670,3193 2004,3214 2025,3210 2026,3165 1948,3140 1901,3161 1826,3158 1805,3139 1636,3161 1611,3144 1460,3152"/>
                <Baseline points="1471,3188 1498,3188 1525,3189 1552,3189 1579,3190 1606,3190 1633,3190 1661,3191 1688,3191 1715,3191 1742,3191 1769,3191 1796,3191 1823,3191 1851,3191 1878,3191 1905,3191 1932,3191 1959,3191 1986,3191 2014,3191"/>
                <TextEquiv>
                    <Unicode>Bezugs-Bedingungen.</Unicode>
                </TextEquiv>
            </TextLine>
            <TextLine id="r1l35" custom="readingOrder {index:34;}">
                <Coords points="1011,3260 2183,3264 2183,3209 2118,3196 1012,3216"/>
                <Baseline points="1021,3249 1078,3249 1136,3248 1193,3248 1251,3248 1309,3248 1366,3249 1424,3249 1481,3249 1539,3249 1597,3250 1654,3250 1712,3250 1769,3251 1827,3251 1885,3251 1942,3251 2000,3252 2057,3251 2115,3251 2173,3251"/>
                <TextEquiv>
                    <Unicode>Für 50 Zeitungsauschnitte (Artikel oder Notizen) fl. 7.50</Unicode>
                </TextEquiv>
            </TextLine>
            <TextLine id="r1l36" custom="readingOrder {index:35;}">
                <Coords points="2209,3270 2226,3269 2237,3280 2266,3271 2308,3279 2329,3270 2371,3274 2417,3252 2417,3193 2391,3198 2383,3192 2341,3192 2316,3212 2238,3210 2208,3202"/>
                <Baseline points="2219,3267 2245,3266 2272,3266 2299,3266 2326,3265 2353,3265 2380,3265 2407,3264"/>
                <TextEquiv>
                    <Unicode>inclusive</Unicode>
                </TextEquiv>
            </TextLine>
            <TextLine id="r1l37" custom="readingOrder {index:36;}">
                <Coords points="1115,3292 1134,3290 1147,3294 1165,3294 1170,3290 1174,3294 1182,3294 1195,3286 1205,3286 1205,3250 1191,3250 1187,3255 1172,3252 1165,3257 1153,3255 1144,3246 1138,3248 1126,3242 1115,3242"/>
                <Baseline points="1125,3286 1160,3284 1195,3286"/>
                <TextEquiv>
                    <Unicode>100</Unicode>
                </TextEquiv>
            </TextLine>
            <TextLine id="r1l38" custom="readingOrder {index:37;}">
                <Coords points="2054,3295 2100,3291 2121,3301 2140,3294 2146,3300 2161,3301 2177,3315 2189,3315 2186,3247 2174,3248 2158,3263 2081,3254 2063,3271 2053,3272"/>
                <Baseline points="2065,3291 2093,3289 2121,3289 2149,3288 2177,3285"/>
                <TextEquiv>
                    <Unicode>14.—</Unicode>
                </TextEquiv>
            </TextLine>
            <TextLine id="r1l39" custom="readingOrder {index:38;}">
                <Coords points="2222,3292 2237,3292 2255,3312 2264,3312 2272,3304 2280,3310 2325,3311 2339,3318 2358,3306 2377,3310 2378,3274 2357,3276 2342,3269 2338,3274 2296,3277 2222,3271"/>
                <Baseline points="2233,3302 2259,3302 2286,3303 2312,3303 2339,3304 2366,3305"/>
                <TextEquiv>
                    <Unicode>Porto.</Unicode>
                </TextEquiv>
            </TextLine>
            <TextLine id="r1l40" custom="readingOrder {index:39;}">
                <Coords points="1102,3330 1123,3325 1134,3333 1148,3335 1153,3331 1188,3334 1199,3327 1218,3329 1217,3289 1202,3289 1192,3296 1187,3292 1149,3295 1130,3289 1114,3294 1101,3292"/>
                <Baseline points="1112,3328 1144,3326 1176,3324 1208,3326"/>
                <TextEquiv>
                    <Unicode>200</Unicode>
                </TextEquiv>
            </TextLine>
            <TextLine id="r1l41" custom="readingOrder {index:40;}">
                <Coords points="1915,3360 1929,3360 1934,3357 1940,3359 1949,3351 1957,3356 1972,3355 1977,3271 1958,3270 1954,3267 1941,3271 1935,3264 1921,3265"/>
                <Baseline points="1927,3326 1962,3328"/>
                <TextEquiv>
                    <Unicode>0</Unicode>
                </TextEquiv>
            </TextLine>
            <TextLine id="r1l42" custom="readingOrder {index:41;}">
                <Coords points="2049,3328 2063,3328 2070,3334 2114,3333 2129,3340 2162,3324 2187,3320 2187,3294 2172,3295 2149,3306 2132,3297 2118,3300 2101,3292 2094,3296 2080,3292 2075,3296 2048,3294"/>
                <Baseline points="2060,3330 2089,3326 2118,3326 2147,3327 2176,3326"/>
                <TextEquiv>
                    <Unicode>25.—</Unicode>
                </TextEquiv>
            </TextLine>
            <TextLine id="r1l43" custom="readingOrder {index:42;}">
                <Coords points="2055,3373 2123,3376 2176,3354 2212,3354 2221,3342 2248,3361 2287,3349 2391,3354 2387,3303 2340,3318 2312,3309 2270,3317 2248,3306 2231,3325 2181,3316 2160,3337 2126,3342 2052,3335"/>
                <Baseline points="2066,3364 2092,3364 2118,3362 2144,3360 2170,3357 2196,3353 2223,3350 2249,3346 2275,3344 2301,3342 2327,3342 2353,3344 2380,3348"/>
                <TextEquiv>
                    <Unicode>55.— Zahlbar</Unicode>
                </TextEquiv>
            </TextLine>
            <TextLine id="r1l44" custom="readingOrder {index:43;}">
                <Coords points="1102,3364 1125,3365 1133,3371 1148,3373 1190,3372 1194,3376 1202,3370 1219,3370 1220,3351 1209,3351 1195,3336 1188,3334 1157,3334 1155,3331 1148,3336 1115,3329 1102,3331"/>
                <Baseline points="1112,3365 1144,3363 1176,3364 1209,3366"/>
                <TextEquiv>
                    <Unicode>500</Unicode>
                </TextEquiv>
            </TextLine>
            <TextLine id="r1l45" custom="readingOrder {index:44;}">
                <Coords points="2043,3435 2070,3420 2122,3438 2163,3418 2228,3420 2260,3395 2335,3415 2433,3394 2430,3356 2358,3350 2249,3360 2221,3343 2199,3361 2175,3354 2138,3372 2075,3372 2057,3356 2039,3366"/>
                <Baseline points="2051,3405 2077,3404 2104,3403 2130,3401 2157,3399 2183,3397 2210,3394 2236,3393 2263,3390 2289,3388 2316,3386 2342,3385 2369,3384 2395,3384 2422,3385"/>
                <TextEquiv>
                    <Unicode>100.— im Voraus.</Unicode>
                </TextEquiv>
            </TextLine>
            <TextLine id="r1l46" custom="readingOrder {index:45;}">
                <Coords points="1045,3413 1058,3413 1068,3424 1091,3421 1106,3430 1121,3419 1140,3427 1167,3412 1176,3416 1192,3410 1222,3420 1222,3368 1125,3373 1110,3364 1087,3388 1070,3381 1060,3390 1045,3390"/>
                <Baseline points="1055,3410 1081,3409 1107,3408 1133,3408 1159,3408 1185,3408 1211,3409"/>
                <TextEquiv>
                    <Unicode>„ 1000</Unicode>
                </TextEquiv>
            </TextLine>
            <TextLine id="r1l47" custom="readingOrder {index:46;}">
                <Coords points="1151,3467 2470,3471 2469,3414 1150,3436"/>
                <Baseline points="1162,3460 1226,3462 1291,3463 1356,3464 1421,3465 1486,3466 1551,3466 1616,3466 1681,3466 1746,3466 1811,3466 1875,3465 1940,3465 2005,3464 2070,3463 2135,3462 2200,3461 2265,3460 2330,3460 2395,3459 2460,3458"/>
                <TextEquiv>
                    <Unicode>Im tiegensatze zu anderen Bureaux für Zeitungsausschnitte ist das</Unicode>
                </TextEquiv>
            </TextLine>
            <TextLine id="r1l48" custom="readingOrder {index:47;}">
                <Coords points="1020,3503 2478,3532 2478,3467 2400,3463 1020,3467"/>
                <Baseline points="1031,3499 1102,3500 1174,3501 1246,3502 1318,3502 1390,3503 1461,3503 1533,3504 1605,3504 1677,3504 1749,3504 1820,3503 1892,3503 1964,3503 2036,3502 2108,3502 2179,3501 2251,3500 2323,3499 2395,3498 2467,3497"/>
                <TextEquiv>
                    <Unicode>Abonnement durch keine bestimmte Zritdauer begrenzt; — auch steht es den</Unicode>
                </TextEquiv>
            </TextLine>
            <TextLine id="r1l49" custom="readingOrder {index:48;}">
                <Coords points="1005,3562 2324,3549 2223,3501 1005,3518"/>
                <Baseline points="1015,3542 1079,3543 1144,3543 1209,3543 1274,3543 1339,3543 1404,3543 1469,3543 1534,3543 1599,3543 1664,3543 1728,3543 1793,3543 1858,3542 1923,3542 1988,3541 2053,3541 2118,3540 2183,3539 2248,3538 2313,3537"/>
                <TextEquiv>
                    <Unicode>Abonnenten frei die aufgegebenen Themen zu ergünzen oder zu ändern.</Unicode>
                </TextEquiv>
            </TextLine>
            <TextEquiv>
                <Unicode>box 15/6
9.4. Der-Brnene KakaduZ#klng
Telefon 12801.
Unternehmen für Zeitungs-Ausschnitte.
Ausschnltt
„OBSERVER“ Nr. 32
I. österr. #d#. cone. Bureau für Zeitungsberichte u. Personalnachrichten
Wien, IX/1. Türkenstrasse 17.
Flliale in Budapest: „Figyelé“
Vertretungen in Berlin, Chicago, London, Newyork, Paris, Stockholm.
Aussehnitt aus: Wahr —7 20ec7
Sbelen
vom Jaaur 99
Unter den Premièren der heutigen Berichtsperiode ragt nur der Einakterabend vont
Arthur Schnitzler hervor. Antor, Direktor und Publikum müssen einer hochmögenden Zensur
dankbar sein, daß sie durch die Freigabe des besten Stückes, „Der grüne Nakadu“, den Abend;
nicht verdorben hat. Ein eigenartiges keckes Genrebild, das sich von dem ungeheuern, blutroten !
Hintergrunde der französischen Revolution abhebt, ist es mit seiner überreifen, farbensatten Technik
ein kleines Meisterwerk. „Paracelsus“ würde erfreulicher wirken, wenn dieser kleine, hypnotische!
Scherz etwa von einem Cagliostro im Barockgewand erekutiert würde. Von einem Aristoteles
3
des ###ttelalters erwarten wir, selbst wenn er einem Bürgerweibchen einen Possen spielt, mehr
Größe. Ein Genuß war es freilich, Kainz in diabolischer Maske agieren zu sehen. Einen
gleichen Genuß bereitete Hermann Rissen als alter Professor in dem letzten Einakter „Die
Gefährtin“. Die Nachgeschichte eines Ehebruchs wird hier in jener geistreich überlegenen
Weise behandelt, die Schnitzler auch in einigen seiner novellistischen Erzeugnisse: „Abschied“ und
„Die Toten schweigen“ bethätigt. Die allmähliche Enthüllung des wahren Charakters der
Lebensgefährtin des alten Professors wird Schritt für Schritt mit raffinierte Feinheit vorgeführt,
und ein weicher, inniger Herzton klingt doch dabei durch das Ganze. Schnitzlers Arbeiten mag
der echte Atem der Leidenschaft und der sonveräue Humor fehlen; an Feinheit der Konzeption
 und geistreicher Ausgestaltung im einzelnen hat der Wiener Doet heute in Deutschland zumal
wenig Ebenbürtige, und an dieser erlesenen und reifen Kunst, die freilich die Masse nicht er¬
obern will und nicht erobern wird, kann der „einschmecker mit Recht seine Freude haben.
Bezugs-Bedingungen.
Für 50 Zeitungsauschnitte (Artikel oder Notizen) fl. 7.50
inclusive
100
14.—
Porto.
200
0
25.—
55.— Zahlbar
500
100.— im Voraus.
„ 1000
Im tiegensatze zu anderen Bureaux für Zeitungsausschnitte ist das
Abonnement durch keine bestimmte Zritdauer begrenzt; — auch steht es den
Abonnenten frei die aufgegebenen Themen zu ergünzen oder zu ändern.</Unicode>
            </TextEquiv>
        </TextRegion>
    </Page>
</PcGts>
