3436 4320
505 186 654 253 Der
748 189 1341 264 ruene Kakadu
266 184 1329 311 9. 3 1  i eeteteren er e e
1471 201 1915 291 box 15/4
2278 2985 2314 3016 225
2269 3013 2316 3045 225
2275 2638 2319 2691 55
2296 2600 2338 2645 2
2435 143 3129 215 ritorna dal lavore, Scno diseussio¬
2339 151 2414 231 a
2416 191 3123 253 nie litigt colla inoglie. Ena scra,
2335 232 2407 275 in
2421 218 3133 294 capita ira loro un ospite, un men¬
2337 259 3136 344 je1dicaute. Chi 52 Un individuo stra¬
2328 298 3187 379 an-nissimo. Eccitato e ispirato dalla4
2323 361 3184 415 rio rodka, narra, sfoggiando un buf-in
2351 394 3191 474 „.Vfo vocabola.’o di parole ricercate, s1:
2328 428 3180 500 rreila sua vila arventurosa, Realla ofse
2322 477 3190 541 dellfantasia? Forse un po’ dell’ung esbe
2323 500 3188 588 pie#tin po' dell’altra. Dice di apparte-Pre
2314 535 3184 608 eresnere all'e aristocrazia del pensie-1ai
2312 592 3191 672 Ju-Tron, ma di combattere per gli idea-|E
2311 620 3178 699 idasli del proletariato oppresso, Inter-scc
2323 674 3180 737 ra-iviene eroicamente a difendere lasch
2311 704 3197 780 on-moglie del padrone di casa dalle in
2312 738 3188 821 on.Iviolenze del marito übriaco. Ma
2307 772 3195 852 10 lanch’egli ha bevute troppo, e la#su
2311 819 3105 888 tri.notte, mentre tutti dormono, ruba
2309 869 2381 911 101
2408 856 3174 917 il té e lo zucchero, provvista u dial
2307 903 2397 955 Posi
2404 897 3195 970 lusso n a quanto pare, per una fa-sch
2305 934 3178 1014 Lu-miglia russa, e tenta di prendere#80
3103 974 3188 1030 un
2295 978 3089 1050 urglil largo. Ma é riaceinffato, rimpro¬
2371 1025 3095 1096 verato, e finalmente perdonato.
3100 1063 3186 1114 an
2303 1065 3096 1134 ntoj Ché il padrone di casa, in fondo,
3096 1106 3186 1164 DO
2373 1116 3081 1173 quando non é ubriaco, é una buo¬
2318 1151 3187 1216 edina pasta d’uomo. Ma anche ##vel
2293 1188 2375 1238 ni.
2396 1196 3169 1252 mendicante, öra che i fumi dellaste
2383 1232 3175 1297 rodka sono svaniti, non é piu losd“
2386 1272 3186 1335 stesso chiacchierone borjoso, e di'Con
2383 1309 3178 1371 fronte alla prova di bontà e di eg-Thaf
2380 1357 3190 1413 rità dell'nomo di cui egli ha tra-cor¬
2391 1388 3088 1459 dito l’ospitalità e la fiducia, si
2383 1422 2861 1490 commuove e si umilia.
2406 1482 3188 1538 Abbiamo detto che questa figurg! ma.
2384 1515 3180 1572 di mendicante si adatta particolar-jque
2380 1558 3178 1605 mente alle facoltà drammatiche dischi
2374 1594 3173 1658 Moissi. C’é infatti in esso tutta u- del
2374 1635 3165 1693 na gamma di intonazionie di ac¬gliß
2376 1676 3177 1738 cento, dall’umiltà questuante buf-int##
2365 1709 3174 1781 famente cortese e piaggiatrice, alla-que¬
2376 1755 3169 1821 ebbrezza boriosa e millantatrice,con
2368 1801 3166 1866 ma nobile e lirica sempre, c, direji mei
2369 1834 3167 1909 quasi aristocratica e cavalleresca;attz
2371 1876 3104 1942 alla marioleria arlecchinescae¬
2372 1914 3151 1983 sorridente; fino a placarsi final-Idi
2361 1967 3167 2024 mente di fronte a un esempio lu-1co-4
2361 2000 3168 2083 minoso di carità e di amore in una serif
2353 2046 3068 2106 sincera e umile e piangente co¬
2359 2085 3138 2145 scienza della debolezza della pro-sce
2354 2118 3155 2206 pria natura di fronte alle passioni jnet
2355 2161 3151 2227 piu vili e meschine della propria uns
2359 2196 3168 2285 fragile umanità di fango e di pec-irgi#
2348 2231 2468 2288 cato.
2376 2275 3155 2346 Tutta questa progressiva gra¬ Dos
2347 2321 3156 2384 duazione drammatica ha saputoglla
2350 2360 3105 2431 mirabilmente esprimere il Moissi, je
2348 2403 3149 2469 dando sopratutto all’ultima parte dolé
2350 2433 3051 2510 un accento di cosi commossa e sin¬
3053 2456 3141 2516 no
2352 2477 3142 2560 cera tragicita, ma pure appena ac- vre
2340 2527 3130 2599 cennata e quasi sfumata, come inmo
2347 2567 3048 2640 velo improvviso di pianto che ap¬
3051 2583 3150 2639 ten
2343 2609 3041 2678 panni lo seintillio di un sorriso,
2343 2652 3045 2720 da illuminare di una luce di bontä
2351 2688 2381 2719 0
3041 2678 3119 2729 8a
2378 2688 3031 2749 di delicata e contenuta poesia
3046 2722 3130 2776 deg
2340 2719 3027 2793 tutta la breve parabola tolstoiana.
3036 2764 3137 2832 ma
2623 2776 2779 2826 * **
2363 2798 3052 2887 Decisamente il Pappogallo verde!
2330 2852 3036 2919 non appartiene al miglior teatro
2328 2901 3037 2961 di Schnitzler. Lo possiamo consi¬
2328 2926 3044 3016 derare tutt'al pin un tentativo. C’é
2334 2974 3027 3045 in questo lavoro molto movimento,
2335 3009 3031 3079 molto esfelte e grandguignolesco „
2325 3056 3034 3114 molte. reminiscenze di teatro veri¬
2332 3098 3030 3157 sta, ma in complesso manca la mi¬
2305 3122 3060 3218 sura, manen il „ gusto n, manca
2299 3164 2422 3214 #nel
2785 3183 2964 3239 — 1
2281 3270 2972 3340 Jormai lo sannd anche i sassi,
2303 3331 3043 3390 pud esso solo dare T’immortalitä a
2314 3367 2738 3436 un'opera letteraria.
2328 3393 3026 3483 La regia di Guido Salvini e, so¬
2301 3449 3019 3527 prattutto, T’interpretazione di Ales¬
3032 3473 3135 3530 tems
2308 3491 3012 3571 sandro Moissi, hanno cercato, e in
2313 3535 3010 3616 parte ei sono rinsciti, di sopperire
3023 3525 3107 3613 56
2314 3575 3007 3634 a questa deficienza costituzionale
3029 3590 3099 3637 les
2313 3617 3016 3671 e infatti solamente, forse, Tammi¬
3037 3622 3108 3682 ing
2313 3655 3020 3734 Treole e veramente süggestiva mes¬
3025 3705 3100 3774 al
2321 3706 3023 3771 sa in scena, unitamente all’arte
2327 3743 3009 3808 del Moissi, hanno meritato gli ap¬
3027 3782 3115 3848 1a#
2330 3793 2756 3853 plausi del pubblico.
2447 3883 2938 3974 *Rollo il Grande,,
2377 3961 2972 4029 di Dino Falconi all’Odeos
