3484 4480
1836 282 2364 396 box 16/1
140 304 1777 393 9. 4. Der gruene Kakadn ZykIus
283 1442 672 1520 Wilhelm der Gtege
275 1481 1324 1555 gestatten wir uns, Allerhöchst Ew. Kaiserlichen Majestät für
274 1501 2989 1601 die kraftvolle Initiative, der wir das Dock verdanken, sowie den unsere Meteorologische Zentralstation am 7. bs., Bal sind 508,000 M. ausgesetzt.
2413 1550 3130 1623 Eisenbahnverkehr während der Bi
270 1559 2326 1622 gleichzeitig für die huldvollen Glückwünsche zu dem bedeutungs= verzeichnete, sind die Trauben noch nicht reif. Gerade
281 1616 3138 1674 vollen Akte des heutigen Tages unseren tiefempfundenen jetzt thäten noch warme, sonnige Tage not, um den Die Eisenbahnverwaltung hat auch heuet
269 1714 3133 1792 zahlreichen Mitwirkenden noch Herr Schmidt= gekommen, um über seine Fahrt zu berichten, die an die ab. Die Garantie für den Erfolg habe darin gelege
1308 1752 2322 1802 Fahrten der alten Wikinger erinnert. Nicht aus materiellen
2315 1743 3124 1823 [Ideen an maßgebender Stelle Vert¬
272 1759 1317 1812 Häßler als der originelle Wirt, Herr Amanti als
1314 1787 2325 1849 Gründen, sondern zu ideellen Forschungszwecken unter¬
2314 1785 3115 1857 [gegengebracht wurde. Manche Erfahrung
265 1793 1306 1854 Strolch, Herr Schrumpf als Volksaufwiegler Grasset
1312 1821 2315 1875 nahm er sie. In ihm erstand ein Mann, welcher
2317 1827 3115 1883 während der Expedition gemacht werden müssen,
261 1850 1314 1908 und die Damen Rossi als die krankhaft überreizte,
1305 1856 2327 1919 die ins Stocken geratene Polarforschung zu fördern und mit
2321 1866 3114 1920 von Messungen, Lotungen 2c. Chun erkenn
279 1881 1309 1959 lüsterne Marquise und Paschke als die leichtfertige,
1314 1892 2314 1957 einem Ruck vorwärts zu bringen geeignet war. Er hat sein
2314 1895 3123 1969 größere Verdienst zu und dieses geschehe auch
263 1930 645 1998 kokette Léocadie.
1289 1932 2316 2005 Versprechen, wieder nach München zu kommen, gehalten, um
2320 1946 3121 2001 Frau gegenüber der Frau Nansens. Frau E
2314 1980 3123 2037 weitem nicht so viel erduldet wie jene. Seinen
1300 1973 2334 2034 vor einem Forum, größer als das der Geographischen Ge¬
2320 2025 3121 2078 Chun den Damen der Münchener Geographischt
1306 2022 2332 2086 sellschaft, zu spechen. Letztere aber hat das schöne Recht und
432 1962 1174 2106 Aunst und Pöisenschaft.
1295 2057 2318 2118 die Pflicht, ihn mit deutschem Gruß und Handschlag zu be¬
2314 2055 3123 2107 Den Schluß der Trinksprüche bildete eine hun
1295 2083 2314 2146 grüßen. Redner hieß sodann auch den zweiten Ehrengast,
2310 2089 3119 2173 volle Rede von Prof. Penck=Wien, der die be
620 2092 1284 2160 Stuttgart, 22. September 1899.
2318 2126 2826 2203 sowie deren Familien feierte.
1312 2123 2319 2193 Professor Chun, willkommen, den Mann, auf den Deutschland
331 2136 1315 2205 □ Straßburg, 21. Sept. Für die hier vom
1304 2173 2330 2227 wegen der wissenschaftlichen Errungenschaften der von ihm
271 2193 1316 2246 25. bis 28. ds. tagende Generalversammlung der
1314 2224 2329 2265 geführten Tiessee=Expedition stolz sein dürfe. Diese Expedition!
279 2225 1305 2290 deutschen Geschichts= und Altertumsvereine
1303 2251 2333 2312 habe auch den Erfolg gehabt, daß die Bedenken der deutschen
2555 2249 3089 2354 Kleine Chronik.
273 2283 1314 2333 ist nunmehr das Programm endgültig festgestellt.
1311 2289 2329 2345 Reichsregierung, solche Expeditionen zu unterstützen, beseitigt
1311 2320 2326 2378 wurden. Mit Professor Chun grüßen wir auch die wackere
271 2325 1308 2377 Die öffentlichen Vorträge werden teils in der Aula
2365 2319 3113 2393 * Die Besten beim Parademarsch.
1312 2364 2323 2430 Mannschaft der Valdivia und die deutsche Flagge, die unter
263 2367 1312 2424 der Universität, teils im Bezirksarchiv stattfinden.
2318 2366 3123 2426 Auszeichnung durch den Kaiser ist dem i
1300 2407 2318 2460 seiner Führung zum erstenmal in südlichen Polargegenden
266 2406 1304 2468 Prof. Dr. Varrentrapp wird über Straßburgs Ein¬
2312 2423 3117 2483 Elsaß garnisonierenden mecklenburgischen Jä
1302 2444 2317 2497 wehte. Das erste Glas gilt Nansen und Chun! General
276 2450 1310 2507 wirkung auf Goethes historische Anschauungen sprechen.
2318 2459 3127 2518 Nr. 14 zu teil geworden. In Anbetracht sein
1310 2470 2317 2535 Neureuther pries die mutig und geduldig ausharrenden
277 2486 1315 2558 Für die zahlreichen Freunde elsässischer Geschichte
2314 2488 3120 2569 neten Haltung während der Kaisermanöver haf
1301 2519 2312 2584 Frauen der beiden Forscher und schloß mit den Worten:
265 2535 1307 2588 steht sowohl in den Haupt= wie in den Sektions¬
2314 2549 3127 2610 dem Bataillon die Gardelitzen verlieh
1301 2557 2316 2610 „Keinem der beiden Ehepaare ist Schöneres nachzusagen, als:
2313 2585 3122 2646 bisherigen roten Besatzes erhält es nunme
277 2585 1307 2642 sitzungen eine Reihe interessanter Vorträge von Prof.
1311 2596 2315 2653 sie passen beide zusammen!“ Nunmehr erhob sich Nansen und
2313 2630 3110 2680 mit rotem Verstoß. Das Bataillen untersch
263 2627 1320 2683 bir. Henning, Dr. Bloch, Domherr Keller, Stadt¬
1316 2640 2323 2694 führte etwa folgendes aus: Er habe manche kritische Momente durch¬
2314 2662 3116 2731 früher von dem preußischen durch seinen wei
1312 2671 2318 2732 lebt, aber hier steheer heute vor einer schweren Aufgabe, den Wün¬
266 2671 1319 2742 Dbliothekar Gény und Realschuldirektor Dr. Lienhart
2321 2714 3122 2782 Schon bei der Kaiserparade am 8. September
1302 2719 2321 2782 schen und Gefühlen, die ihn und seine Frau beherrschen, den rechten
263 2718 1309 2777 in Aussicht. Außerdem ist eine Besichtigung des
2316 2757 3102 2811 hatte sich das Bataillon ausgezeichnet, und
1299 2762 2317 2816 Ausdruck zu geben, sei es in eigener, sei es in fremder
264 2756 1310 2813 Münsters unter Führung des erfahrensten Kenners
1310 2801 2317 2846 Sprache. Große Freude habe es ihnen beiden gemacht, wieder
2313 2786 3126 2854 unter Führung des Herzog=Regenien Al
263 2801 1308 2866 dieses großartigen Bauwerkes, Prof. Dr. Dehio, und
1300 2828 2323 2885 nach München zu kommen und in den Kreis dieser Gesellschaft
2322 2822 3119 2896 Mecklenburg=Schwerin einen so vorzüglichen
262 2836 1315 2911 des Dombaumeisters Arntz geplant, desgleichen ein
1300 2860 2319 2926 zu tretea, deren Ehrenmitglied zu sein er sich zur besonderen
2310 2864 3134 2933 ausgeführt, daß der Kaiser sich zu dem wieder
264 2882 1310 2945 Ausflug nach dem in diesem Frühjahr vom Kaiser
1303 2905 2318 2970 Ehre anrechne. Ursprünglich sei er ja nicht Geograph ge¬
2316 2918 3125 2983 „Bravo, bravo!“ veranlaßt fühlte un¬
268 2934 1313 3009 besuchten Odilienberge, wobei Dr. Forrer seine über¬
1308 2938 2323 3003 wesen, nun aber sei er es, und die Geographie sei ihm jest
2320 2947 3141 3025 Bataillon habe den besten Parademarsch in
261 2984 1303 3033 aus merkwürdigen Entdeckungen an der berühmten
1307 2982 2325 3051 die interessanteste Wissenschaft. Sie habe schan viel geleistet.
2305 2994 2493 3065 geführt.
1307 3022 2318 3076 Es scheine, als ob Dentschland eine neue Aera diese: Wissen¬
267 3023 1312 3072 Heidenmauer selbst vorweisen und erläutern und
2369 3024 3265 3108 c Aus Napoleous Schulzeit. Napoleonhat¬
1301 3072 2316 3126 schaft herbeiführe. Sich an Chun wendend, uhr Naasen fort:
259 3061 1304 3126 Domherr Keller die Gäste durch das Kloster führen wird.
2316 3073 3335 3138 kanntlich, ehe er nach Brienne kam, die Schule in Autu
1309 3094 2316 3172 „Ich freue mich, hier meinen lieben Chun  ieder zu treffen,
335 3114 1308 3171 H. München, 21. Septbr. Die Münchener
2315 3132 3330 3190 besucht; ebenso sind seine Brüder Joseph und Lucia
1302 3144 2320 3196 den ich im Jahre 1886 zum letztenmal in Neapel sah. Er
276 3149 1302 3211 Geographische Gesellschaft gab heute nach¬
2311 3162 3333 3234 gleichfalls dort erzogen worden. Der Amateur d'autographe
1298 3188 2320 3245 ging ein wenig nach dem Süden, ich ei venig nach dem
271 3188 1305 3259 mittag im Cafe Luitpold zu Ehren der gefeierten
2315 3204 3326 3276 veröffentlicht nun einen Brief, in dem einer ihrer Lehrer
1296 3226 2315 3276 Norden, und hier in München sind wir in der Mitte wieder
279 3255 1301 3302 Forscher Nansen und Chun ein Festmahl, zu
1295 3254 2314 3326 zusammengekommen. Chuns gestriger Vortrag, der mich
2315 3256 3337 3322 Abbé Chardon, seine Erinnerungen an die beiden ältere#
265 3286 1311 3350 dem etwa 130—140 Herren und Damen erschienen.
1299 3296 2313 3353 außerordentlich gefesselt hat, hat gezeigt, daß schon
2317 3309 3328 3361 Brüder erzählt. Sie kamen zu Beginn des Jahres 177#
278 3315 1305 3400 Auch Nansen und Chun waren von ihren Gattinnen
1299 3351 2309 3389 große Resultate seiner Expedition vorliegen. Diese Expedition
2314 3348 3333 3410 nach Autun und konnten kein Wort französisch sprechen
1284 3377 2314 3423 wird ihre Nachfolger haben. Nansen trank auf die Geographi¬
262 3382 497 3458 begleitet.
2310 3392 3340 3455 Napoleon, damals 9½ Jahre alt, war nur ein Vierteljah##
1303 3424 2303 3478 sche Gesellschaft. Prof. Günther=München pries den schönen
343 3403 1308 3471 * Der Vorsitzende der Gesellschaft, Prof. Dr. Oberhummer,
2316 3439 3330 3492 Schüler des Abbé Chardon; in dieser Zeit hatte er abers#
1306 3464 2317 3510 Tag, an dem man hier die beiden berühmten Forscher und noch
269 3450 1307 3518 führte als erster Tischredner etwa folgendes aus: Vor neun
2311 3482 3333 3539 gut französisch gelernt, daß er bequem eine Unterhaltung
1309 3498 2316 3547 dazu mit ihren Frauen begrüßen könne, und brachte sodann auf die
269 3490 1303 3545 Jahren that sich die Thüre seines Zimmers auf und herein
2313 3518 3339 3572 führen und sogar kleine Aufsätze und Uebersetzungen schreiben
1307 3539 2310 3585 anderen Ehrengäste und Ehrenmitglieder seinen Trinkspruch aus.
268 3538 1309 3591 trat ein langer blonder Mann mit den Worten: Ich bin
2306 3571 3339 3632 konnte. „Er hatte gute Anlagen,“ schreibt Chardon
1296 3560 2315 3625 Prof. Dr. Chun lenkte in seiner Entgegnung das Verdienst an
275 3573 1312 3625 Nansen. Dieser war damals gerade von seiner ersten Polar¬
259 3630 3348 3688 fahrt zurückgekehrt. Mit seiner Gemahlin war er nach München! Erfolge seiner Expedition bescheiden auch auf seine Mitarboiter1 „begriff und lernte leicht. Wenn ich ihm eine Stunde#
