3392 4256
2133 84 2592 194 box 15//6
339 74 1984 201 9.4. per Bruene Kakadu zukius
2309 955 2389 1030 Kun
1451 1015 3358 1079 Witz, mauch geistreiches We# Anregung gab, so übersah man; Dichtung am Schlusse gewünscht, um verloren
1509 1058 1593 1110 gern
1619 1053 2615 1121 um wie wiet tiefer und enpfindungsreicher menschliche
2601 1057 3357 1123 ##eber und den ätherischen Lauten still alle
1497 1098 2605 1159 ## bieme gefaßt werden konnen, bei denen Schein und Wirklichkeit
2606 1105 3348 1166 ungen nachklingen zu lassen. Aber das Pub
1484 1125 3355 1214 ##emende rinnen Was im „geenen Kakadu“ vorgeht, drapirt; dies= Meinung nicht. Es zerstörte in nüchte
1487 1171 2613 1247 sich mit einer gewissen grotesken Größe, das macht der geschicht¬
2599 1187 3336 1249 #raphischen Frühlingstraum d'Vcmunzios.
1489 1219 2605 1278 liche Hintergrund. Es war ein sehr gescheidter Einfall, in den
2601 1223 3357 1284 #wvohl der differenzirteste und fernsti
1486 1261 2609 1312 Weinkeller Prosperes, wo Scheinverbrecher für eine verlotterte
2604 1264 3352 1314 I# iue Handlung oder Zeitfrage gibt unsd'
1503 1298 2615 1347 Adelsgesellschaft Komödie spielen, wirre Tone vom Bastillensturm
2623 1305 3353 1352 er spricht, so schweigt der Alltag und es
1492 1333 2614 1397 dringen zu lassen. Aber doch nur ein Einfall. Den Schauspieler
2610 1331 3340 1396 # Feiertag um uns und in unserer
1496 1369 2604 1435 Heuri, der aus dem Schein Wahrheit macht, als er erfährt, seine
2607 1382 3348 1441 hatte ich geglaubt, daß auch die auf streng
1505 1408 2606 1464 Severine sei die Geliebte des Herzogs von Cadignan, gab hier
2601 1411 3361 1475 Snmrenden von der tiefen Schönheit dieser
1495 1432 2595 1503 Herr Kainz; in Wien spielte ihn Herr Sonnenthal.
2588 1457 3351 1518 ##hen werden müssen. Aber was sollen sie
1505 1490 2599 1549 Derlei Rollen regen die Phantasie des Hörers leicht auf. Der
2596 1487 3355 1552 eie Wahnsinnigen machen, die wie eine B
1502 1518 2596 1588 Komodiant spielt erst seine verzweifelte That und dann führt er
2594 1536 3357 1598 ##ngspracht dahinwandelt? Ueberriefelt von
1496 1571 2604 1629 sie blitzschnell in Wirklichkeit durch; das ist ein ewig dankbares
2595 1565 3351 1635 gemardeien Geliebten hielt sie ihn eine g#
1493 1607 2601 1668 Bühnenthema und doch hat nich persönlich Kainz diesmal nicht
2603 1608 3359 1666 Armen und dieweil sein letzter Tropfen
1496 1643 2600 1707 getroffen. — Weit reizvolle und weit beweglicher erschien mir
2598 1653 3343 1710 Vot das Licht ihrer Seele in ferne Weit
1499 1683 2607 1740 sein frohgelauntes und fi#nreiches Spiel im Paracelfus.
2589 1687 3352 1742 arlich verzüickte Worte und träumt schöne
1501 1726 2601 1774 Dies sauber gefeilte Vers spiel giebt vielleicht Echteres von
2602 1730 3350 1788 Schwester und Pflegerin erträumen für die A
1497 1768 2602 1824 der Natur Schnitztes, als der „Kakadn.“ Hier leuchtet ein
2591 1764 3346 1831 Heilung. Mit der siegreichen Jugendkraft
1488 1797 2604 1865 wenig von warmelmtiger Fröhlichkeit auf, dort breitet sich ein
2590 1800 3350 1864 Brader des gemordeten Geliebten die Kran
1503 1837 2607 1912 Stückchen finnender Melancholie aus; es gibt eine zierliche und
2586 1841 3342 1907 wunde Seele blutet beim Anblick des Erseh
1490 1884 2601 1929 zarte Arbeit, kein kraft= und gehaltvolles Lebensgleichniß. Was
2588 1876 3351 1939 So irrt sie weiter in der blühenden Pracht
1497 1906 2605 1979 aus dem Paracelius, der mit seiner hypnotisirenden Gewalt der
2587 1926 3350 1988 war ein Traum! Wenn es wahr ist, daß „
1494 1953 2587 2019 Frau Justina eine Generalbeichte entlockt. herauszuholen war,
2593 1966 3349 2020 Schönheit und höheren Wahrheit in dem Ma
1494 1985 2599 2054 hat Herr Kainz in seiner köstlichen Studie herausgeholt. Aber das
2592 2005 3355 2062 Borte ausscheid'et, welche die Handlu#
1491 2036 2609 2089 Publikum ging mit dem Paracelsus nicht so lehhaft mit, wie bei
2590 2041 3349 2106 hnich Worte zu ersehen, welche zwar keine
1486 2073 2601 2137 dem effettreicheren „Kakadu“. Es ist die letzte neue Nolle gewesen,
2583 2072 3346 2142 briken, wohl aber gewisse unfaßliche und
1476 2101 2606 2160 die Keinz vor seinem Eintritt ins Burgtheater bei uns gespielt
2594 2118 3350 2181 ungen der Seele nach ihrer Wahrheit und
1486 2150 2612 2214 ###t Die kleine Tragödie „Die Gefährtin“ gehört zu den
2588 2157 3344 2220 Annunzio diese offenbarenden Tropfel sei
1479 2194 2602 2259 Pramen, die nacheenklich stimmen können, wiewohl man doch nicht
2587 2194 3332 2257 Ganz verstehen und empfinden würde man
1540 2231 2600 2280 ###t daß sie auf spitzfindigen Motiven aufgebaut sind. Auch
2590 2229 3354 2291 Hafe, die Priesterin der d'Annunzio'schen
1491 2270 2610 2327 ###i#e konn man sich mehr am Können, als an der Kraft der Ve¬
2596 2280 3348 2323 hies Kunst den „Frühlingstraum“ auch der
663 2285 1062 2354 A. alen Tedenslagen:
1491 2311 2606 2368 gabungerfreuen. Herr Nissen gab in seiner schlicht eindring¬
2583 2315 3343 2372 luhen ließe. W u. Scholz gab uns in
434 2316 1509 2414 —Berliner Theater.] Aus Berlin wird uns vom 30.
1488 2354 2603 2407 #lichen Art den einsam alternden Professor, der nach dem Tode
2623 2359 3343 2409 # Aehreniese einer Weisheit, die ihrer drau
354 2359 1495 2437 April geschrieben: Diesmal liegt für uns in Berlin nur die Ver¬
1494 2389 2591 2444 s#ne Gattin erst über seine nichtige Ehe mit einem dirnenhaften
2589 2402 3351 2457 aubt, zu einer Standrede zusammenschrum
395 2419 1503 2462 anlassung vor, zur letzten Première des Deutschen Theaters
1490 2425 2594 2487 #### volle Klarheit gewinnt. — Nächst den Gastspielen von Frau
2592 2434 3307 2492 ieher dem angehenden Herrscher hält.
392 2449 1496 2516 vom Samstag Nachlese zu halten. Es handelt sich um die neuesten
1494 2462 2598 2516 Sandrock und Frau Bruck bringen diese Tage eine Novität im
2585 2462 3345 2531 Amerströmung im Volke hören, ehe sich der Eg
394 2494 1048 2558 Einalter Arthur Schnitzler's.
1022 2493 1480 2564 Wegen des „Grünen
1506 2494 3321 2561 Schansptelhaus, aber nicht Faber's Ewige Liebe“ son= Das Gemüth zur Miene verwandelt. Ob de
401 2532 1502 2583 Kaladn wurden hier portzenie Schwierigleiten bereitet und
1489 2537 1957 2607 dern ein Drama „Krone“.
2366 2535 2480 2596 L.
2571 2539 3331 2614 #d: Mit diesem Fragezeichen entläßt u
392 2572 1497 2638 noch am Freitag verlangte man für einen Vertreter der Polizei
1600 2572 3339 2636 — Münchener Literarische. Gesellschaft.] Man schreibt  dann kam Schnitzler mit seinem vulkanis
400 2619 1497 2669 Zutritt zur Generalprobe. Direktor Brahm gewährte ihn. Der
1494 2610 2584 2670 uns is München vom 30. April: Die „Literarische Ge¬
2582 2624 3334 2682 #ntige kleine Bestialität abgewandelt im „gri
389 2649 1497 2707 Beamte fand den Kakadu nicht staatsgefährlich. Inzwischen
1483 2646 1778 2713 #ellschaft“
1759 2658 2594 2722 führte d' Annunzio's „Frühlingsmorgen¬
2582 2667 3331 2713 in der großen Tragik entfefselter Instinkte
397 2679 1498 2749 sind die Komödiet am Wiener Burgiheater gegeben und in der
1483 2704 2598 2765 #traum“, „Bein Fürst“ von dem jungen Münchener Autor Wilhelm
2589 2704 3341 2766 zeigt, den neben dem Feierlichen das Grauf
389 2732 1500 2780 „Frankf. Ztg.“ zugleich besprochen worden. Im Wesentlichen ver¬
1484 2734 2592 2803 n Scholz und Schnitzler'& grotesken „Kakadu“ auf. Wie
2582 2729 3327 2812 der Schritt zu aristophanischer Höhe nicht
388 2765 1500 2819 lief der Abend hier ähnlich wie in Wien. „Der grüne Kakadu“.
1482 2771 2590 2816 sich eie drei Merte in der orm gleichen, so grundver¬
2580 2785 3325 2841 michtigen Energien, die die Weltgeschichte
394 2802 1495 2857 eine Groteske nach des Autors eigener Benennung, wurde beinbelt.
1489 2810 2596 2874 schieben sind sie in ihrem innersten Wesen, sodaß die Wirkung des
2581 2819 3341 2892 und bewegt und lebensvoll auf die Bühne
392 2844 1492 2906 als gelte es einem überraschenden Meisterstück. Die Komödie hat
1483 2846 2595 2902 einen nothwendig von der des andern überholt werden mußte. Am
2578 2857 2822 2926 „Geschichte“
388 2879 1242 2953 unzweifelhaft einen starken Bühnenvortheil.
1227 2879 2589 2936 Sie ist für meisten hatte Annunzio's duftiges Stimmungsbild unter
2694 2883 3275 2957 (Akademische Nachrichten.]
398 2926 3340 2996 Schauspieler wie geschaffen; und da überdies manch kluger der Assoziati## leiden. Ich hätte mir diese poesieumwobene bezing, wie die Bossische Zeitung meldet der##
1895 3071 2690 3292 AR 41
