3436 4256
716 191 1388 274 ruene Kakadu
1441 186 1887 291 box 15/1
219 199 1292 320 9.3. Der grache aunadu
3153 1091 3351 1182 —.—
368 1171 2455 1253 nesait rien et à qui ihne dit rien. La scène est #ticulièrement viennoise, ce me semble, sohre,
2440 1169 3389 1281 Idu choix de son tuteur, le banquier amén
369 1229 2448 1297 fort bien traitée. La double angoisce, de Fritz clair, vigoureux et direct. Il est pour serrerle
2451 1239 2695 1311 Blackson.
368 1270 2451 1349 sentant qulil ne reverra plus Christine et fei-cceur d’une forte étreinte et pour faire couler
2466 1267 3385 1356 Bien entendu, Blackson, pour garder
373 1331 1426 1398 gnant la tranquillité et la gaieté, de Christine
1421 1338 2455 1405 de chaudes larmes. Je serais tres curieux de le
2447 1326 3392 1404 lui ou dans les environs de sa personn
382 1387 1427 1443 sentant & qu'ily a quelque chose, et interro¬
1425 1378 2448 1439 voir sur une de nos scènes et je crois qu'ily
2433 1377 3393 1451 demi-magot encore digne de quelque cons
374 1415 1427 1499 geantet questionnant, et comprenant, malgré
1425 1426 2456 1493 auraititrès hon succès. En-teut cas, persorhel¬
2435 1419 3377 1503 ration, fait le ferme propos de marier M
382 1468 1427 1527 tout, qu'un malheur se prépare et sentant
1417 1468 2455 1538 lement, je le verrais, bien joué, avec un grand
2448 1489 3385 1553 avec son flis, le nommé James Blackson.
371 1524 1428 1573 menter en elle une immense, indécise et folle
1416 1525 2450 1585 plaisir, j’en suis sür. M. Arthur Schnitzter est
2443 1526 2773 1592 qui est bien.
378 1568 1427 1626 terreur, est, sinon merveilleusement, du moins
1412 1566 2446 1643 6videmment & né pour le théätre ## selon la for¬
2453 1552 3390 1650 Mais, de son côté. un M. Harris, citoyen
375 1606 1428 1673 #tree puissamment décrite et développée, en unc
1413 1621 2238 1695 mule que notre oncle nous a léguéo.
2438 1627 3394 1706 Chicago, convoite virement Mile Maud. R
2139 1634 2423 1729 —
2429 1666 3157 1726 Flité, compétition, ccncurrence.
368 1707 723 1778 tres profond.
1451 1690 2448 1782 Le Chätelet a aménagé un nouveau spestacle,
2459 1700 3400 1796 Et, enfn. troisième larron probahle, un je
418 1735 1411 1817 Vous pense bien que le dernier acte, c’est,
1407 1750 2444 1829 [iqui ne le cede en rien à ses inventions précé¬
2430 1752 3394 1836 homme, français, celui-ei, vous pensez b
371 1808 1412 1876 deux ou trois jours après, Théodore venant
1412 1810 2427 1870 Identes et qui méme a quelque ragoüt d’origina¬
2432 1818 3392 1896 M. Robert. est tout simplement amoureux d
373 1861 1404 1921 annoncer à Christine, —ille faut bien, — le..
1402 1862 2429 1921 Mfité. Cest P’oncle dAmerique.. (Voyez; entre
2427 1863 3350 1929 jeune fille et tres pres d’étre aimé d’elle.
368 1908 1421 1960 départ pour un temps tres court, l’absence..
1410 1908 2444 1971 Kee titre et Loncle Sarcey, dont je vons parlais
2471 1895 3390 1974 Forces des belligérants: à Blackson, son
362 1957 1414 2010 momentanée de Fritz. Après quelques leintes,
1403 1942 2433 2023 tout à Theure, j’aurai pu établir une transition,
2431 1965 3395 2027 torisé de tuteur; à Harris, son domestique
362 2001 1411 2064 dissimulations, réticences et alibiforains:4 Al¬
1402 2006 2432 2061 ßet je ne l’ai pas fait; vous me saurez gré de
2427 2001 3387 2071 intelligent, rusé, avisé, spirituel, gouaillem
362 2042 1176 2113 lons! lI est mort! s’écrie Christine.
1397 2055 2438 2111 cela, n’est-ce pasl...) pièce en quatre actes et
2435 2057 3387 2131 dröle, sorte de Panurge moderne. Au je#
475 2099 1162 2154 Eh bienoui, il est mort. .
1412 2101 2435 2152 vingt-trois tableaux seulement, de MM. Victor
2426 2098 2810 2173 Français, Eros.
405 2125 1409 2203 C’est alors que l’eau profonde nous montre
1403 2134 2445 2226 de Cettens et Victor Dablay, avec musique
2449 2139 3387 2210 Lignes principales de l’aventure. Au
1418 2187 1900 2254 inédite de Baggera.
371 2195 1412 2252 son fond pur et tragique. Christine, comme il
2423 2203 3390 2259 ment ou la chasse commence, au moment ou
375 2235 1417 2291 nous le semblait hien, aimait passionnément
1443 2216 2418 2305 Lhistoire qui sert de plate-forme aux somp¬
2423 2242 3390 2309 docteur Blakson se présente à la pension Ces
362 2288 1418 2348 Fritz. Elle s’était toujours doutée qulil avait un
1411 2284 2430 2348 tueuses et pittoresques exhibitions, ordinaires
2424 2296 3395 2362 à Courhevoie, la petite Maud vient de file
362 2325 1408 2389 lien et que ce lien était un danger. Elle est de
1403 2336 2426 2397 dans le théätre du Chätelet, n’est pas plus mé¬
2428 2343 3388 2406 Tanglaise et en Angleterre àla recherche d'
1399 2370 2425 2438 prisable qu'ane antre. Elle est très suffisam¬
361 2378 1417 2453 celles qui ne survivent pas à un premier et
2430 2393 3386 2462 marraine à elle, dont elle imagine avoir bes
371 2436 1412 2503 puissand amour: & Je venx aller le veir. Jirei
1403 2438 2426 2512 ment divertissarte et je n’ai pas besoin de dire
2430 2437 3382 2501 et qu'elle croit à Brighton; et M. César, 6
360 2470 633 2541 le voir. „
1405 2471 2092 2541 qu'elle est hautement morale.
2417 2473 3391 2540 d’institution et marchand de consommés, pe
459 2500 1408 2587 Ma pauvre Christine, il est.., oui, nous n’a¬
1440 2511 2427 2595 La petite Mand Duchemin, qui est une orphe¬
2423 2532 3394 2589 nepas avouer l’escapade de sa pensionna
362 2564 1414 2635 vons pas voulu vous averlir avant quc. oui, il
1404 2570 2427 2637 line délicicuse et qui vit chez M. César, chef
2424 2587 3392 2646 s’avise de faire passer pour Maudsa propre
356 2621 688 2685 est enterré.
1402 2619 2417 2675 d’institution et marchand de potages à Cour¬
2417 2624 3384 2702 Lucie, oubliant que la fille de Cesar ne
460 2650 1128 2743 — Je pars, je vais sur sa tombe.
1402 2664 2432 2735 hevoie, avait pour oncle un milliardaire de se¬
2413 2670 3086 2746 pas mème étre soupçonnée.
445 2700 1401 2778 — Nefais pas cela, mon enfant; ne fais pas
1396 2708 2434 2789 cond ordre, un de ceux dont Archibald Robin¬
2458 2707 3392 2789 Il s’ensuit que, d’une part, Blackson fait fa
368 2765 1413 2843 cela. Si tu allais trouver l’autre.,, qui l'aimait
1398 2761 2422 2827 ison, dans ie Maitre de la mer, dit: - M. Un tel
2429 2771 3385 2844 à son fils James un voyage de flançailles an
371 2812 879 2875 aussi, là bas, à prier.
1394 2798 2417 2886 s’est acquis une honnéte aisancez, enfin un
2416 2822 3384 2884 la pseudo-Maud, ou, comme on aurait dit
416 2837 1260 2923 — Moi, je n’y vais pas pour prier
1409 2870 2421 2940 milliardaire de seconad marque, un modeste
2417 2868 3391 2925 temps d’Heraclius, avec Lucie, crue Maud, i#
1406 2907 1724 2973 milliardaire.
397 2894 1337 2965 Elle écarte tous les obstacles et s’élance.
2419 2904 3382 2987 dis que César court à Brighton pour rattraj
399 2941 1418 3012 Sen père — il faut supposer que l’émotion lui
1439 2931 2418 3024 Celui-ci, en mourant, a lnissé à Maud une pe¬
2419 2961 3394 3050 sa fugitive, et qu'Harris flaire et cherche
1397 2994 2417 3064 tite mine dans l’Alaska, une mine de second
365 2981 1410 3071 brise les jambes et qulil ne peut pas courir
2414 3010 3180 3081 piste de cette méme fugace Maud.
364 3040 1409 3107 après elle — s’écrie: 4 Elle ne reviendra plus..
1396 3051 2434 3126 jeru, une mine de 500 millions, c’est-à-dire d’à
2452 3050 3389 3128 Cela fait trois voyages qui s’entrelacent,
373 3087 937 3170 elle ne reviedra plus. .
1377 3093 2415 3156 peine 100 millions de dollars, enfin une demi¬
2413 3088 3369 3178 qui permet aux auteurs de promener leurs p
410 3149 3378 3222 Ce petit dramo est extrémement touchant, minc. II a laissé cette bague au doigt de Maud sonnages et de nous promener nous-mèmes
350 3186 3370 3290 ich et là d'une honne couleur allemande et par-à la condition qu'elle devra accepter un mari travers tous les pays du monde, et vous pent
