3436 4224
2153 163 2631 269 box 15/5
395 168 2081 282 9.4. per Bruche Kakadn  Zukius
1448 1531 3408 1610 und doch auch wieder die Verschiedenheit einer und mit seinen drei Einactern einen Sprung nach vor¬
621 1449 1371 1661 Jeuilleton.,
1454 1589 2431 1648 derselben Lebensauffassung, die ihren Ausdruck in
2420 1589 3394 1654 wärts gethan, der ihn meines Erachtens in die aller¬
1132 1613 1438 1704 Vasig
1448 1631 3408 1719 dem Titel: „Das Leben ein Spiel“ finden erste Reihe der jungen deutschen Dramatiker stellt,
1459 1674 2440 1750 könnte. Der Dichter hatte auch in der That diesen
2432 1686 3257 1744 über Sudermann hinaus neben Hauptmann.
613 1684 1370 1780 Das Leben ein Spiel.
1470 1719 2447 1782 Titel seinen Schauspielen zu geben eine Zeit lang
2509 1715 3399 1786 Ich will mit dem letzten: Der grüne
1468 1757 2434 1848 beabsichtigt, unterließ es aber schließlich doch aus
2429 1758 3398 1838 [Kakadu“ beginnen, das in der Aufführung keinen
636 1762 1369 1856 Arthur Schnitzler's Einacter.
1466 1802 1799 1878 guten Gründen.
821 1805 1154 1880 (Nachdruck verboten.)
2423 1813 3400 1875 klaren Eindruck hinterließ, das ich aber jetzt, nachdem
1546 1855 3409 1917 Im „Paracelsus“ wird der geniale Mensch ge=ich den Text gelesen habe, als das bedeutendste von
1085 1847 1452 1932 Wien, 3. März.
1465 1889 2445 1972 zeigt, der mit seiner überlegenen Geisteskraft mit
2424 1902 3412 1967 allen dreien anerkennen muß. Die unklare, unfertige
565 1898 1476 1976 Das war ein schöner Abend im Burgtheater,
1471 1923 2133 2017 Menschenseelen zu spielen vermag.
2423 1940 3393 2002 Darstellung am Burgtheater hat es allein ver¬
482 1937 1481 2024 als die drei Einacter von Arthur Schnitzler ge¬
2418 1997 3395 2067 schuldet, daß man nicht gleich klug daraus werden
490 1997 1485 2069 spielt wurden! Nach den vielen Premièren der
1535 2002 2400 2064 Was ist nicht Spiel, das wir auf Erden treiben?
2420 2033 2594 2101 konnte.
489 2035 1488 2107 lieben Mittelmäßigkeit, die ich in den letzten Wochen!
1539 2054 2353 2116 Und schien es noch so groß und tief zu sein!
499 2087 1479 2148 an der Bellaria und in Währing leider mit habe
2491 2078 3402 2155 Der „grüne Kakadu“ ist das Wirthshausschild
1543 2108 2332 2169 Mit wilden Söldnerschaaren spielt der Eine,
496 2133 1477 2202 ansehen müssen, eine wahre Erquickung. Endlich
2430 2132 3396 2202 einer Pariser Spelunke, welche ganz eigenartige
1551 2154 2351 2229 Ein And'rer spielt mit tollen Abergläubischen,
486 2182 1481 2235 könte von einer Bühne herab ein helles, kluges,
2427 2188 3385 2241 Mittel anwendet, um Gäste anzulocken. Der Wirch
1541 2204 2327 2279 Vielleicht mit Sonnen, Sternen irgend wer,
494 2227 1482 2282 geistreiches Dichterwort! Endlich fühlie man sich
2425 2227 3401 2284 Prospère (Herr Römpler) ist nämlich ein zu Grunde
1532 2251 2162 2322 Mit Menschenseelen spiele ich ....
497 2269 1481 2329 nicht bloß satirisch gegeißelt, sondern auf den Flügeln
2414 2272 3390 2334 gegangener Schmierendirector, und in seiner Spelunke
488 2302 1475 2366 der Kunst über den Alltag hinausgehoben. Schnitzler
1537 2292 2438 2373 Aber nicht Alle, die das Leben als ein Spiel
2417 2309 3412 2368 läßt er seine Schauspieler, Verbrecher und Gesindel
488 2354 1468 2409 hat sich von dem bleiernen Schwergewicht des
1471 2352 2429 2410 betrachten, sind so ehrliche Spieler, wie der Baseler
2433 2363 3410 2428 der allergemeinsten Sorte spielen, weil es für den
497 2397 2424 2458 Realismus befreit und als ein echter Poct entpuppt, Arzt Theophrastus Bombastus Hohenheim genannt
2420 2404 3401 2476 verfaulten Adel von Paris am Vorabend der
483 2436 2436 2500 der uns mit heiterer Weisheit das ganze Leben der Paracelsus. Die moderne Mondaine beispielsweise,
2418 2440 3402 2513 großen Revolution des Jahres 1789 einen ganz
489 2487 3389 2546 Menschheit, und nicht mehr bloß einen ängstlich ab= die überall herum liebelt, von Allem nippt und besonderen Reiz hat, Gaunerherbergen zu besuchen
492 2532 1465 2593 gecirkelten Ausschnitt davon, im Spiegel seiner Kunst
1465 2522 2431 2593 nirgends Treue bewahrt, spielt auch mit dem Leben
2428 2537 3398 2596 und sich von ihren Physiognomien, Reden und
486 2575 1481 2636 zeigen kann. Schon deswegen allein verdiente er
1530 2566 3386 2639 nur freilich auf ihre leichtfertige und nichts= Handlungen ein bischen gruseln zu lassen. So tief
489 2613 1480 2671 die herzlichsten Zurufe, wären die Einacter auch
1470 2619 3397 2678 würdige Art. Dieses Spiel ist der Inhalt des ist nämlich jene vornehme französische Gesellschaft
486 2660 1474 2715 sonst nicht so sormvollendet, als sie in Wahrheit
1457 2673 3399 2720 zweiten Einacters: „Die Gefährtin“, Schon das gesunken, welche durch mehr als zwei Jahrhunderte
491 2711 1471 2762 sind. Daß er sich bei der Wahl dieser Form durch
1463 2717 3398 2765 Wort „Gefährtin“ ist ein viel zu edler Name für den guten Ton für ganz Europa angab. Um sich
482 2749 1473 2801 das Beispiel von Sudermann's „Morituri“ anregen
1461 2749 2431 2808 die verstorbene Gattin des würdigen Professors
2421 2759 3398 2803 zu amusiren, bedürfen die blasirten Marquis und
480 2789 1464 2844 ließ, darf ihm nicht zum Nachtheil angerechnet
1462 2795 2424 2849 Robert Pilgram, der Niemand eine Thräne nach¬
2422 2799 3402 2858 Comtessen und Duchessen der gepfeffertesten Reiz¬
492 2827 2426 2891 werden. Ist er doch dabei nichts weniger als ein weinen kann. Und endlich eine dritte Art von
2426 2839 3041 2894 mittel, sonst langweilen sie sich .
3074 2840 3396 2901 Dieses Sitten¬
484 2877 2433 2949 Nachahmer geworden. Der Faden, der seine Ein= Lebensspiel bringt die Groteske: „Der grüne Kakadu“
2422 2883 3373 2941 bild wird uns im Kellerlocal zum „grünen Kakadu“
484 2913 1464 2975 acter zusammenhält, ist viel tiefer in die Dichtungen
1465 2925 2431 2983 zur Anschauung, wo uns gezeigt wird, wie die Pa¬
2418 2929 3402 2987 vorgeführt. Der Wirth Prospere ist im Herzen ein
482 2964 1470 3031 eingesponnen, als bei Sudermann. Die „Morituri“
1451 2966 3408 3038 riser Aristokraten am Ende des vorigen Jahrhunderts Jacobiner vor dem Convent; seine hochadeligen
474 3007 3396 3071 bindet die Gleichheit der seenischen Vorgänge zu auf einem Vulkan tanzten, ohne auch nur entfernt Gäste behandelt er unter dem Schutze seiner
480 3050 3405 3124 einer Einheit; in diesen drei Einactern werden drei die Gefahr zu ahnen, mit der sie spielten, bis die Comödiantenmaske en canaille regalirt sie mit den
473 3098 3403 3145 Männer im Angesicht des sicheren Todes dargestellt.] Sündfluth der Revolution vom 14. Juni 1789 herein=Igröbsten Titulaturen; aber sie nehmen die Beleidi¬
481 3141 3392 3226 Schnitzler's Einacter verbindet die Gemeinsamkeitl brach und sie alle begrub. Arthur Schnitzler hatgungen nicht ernst, weil sie seine flegelhafte
1578 3233 1675 3356 □
