3532 4352
749 172 1335 258 ruene Kakadu
503 190 662 261 Der
258 183 1315 296 9. 3   enenenenenenenetee
1480 166 1889 261 box 15/3
2017 73 2280 132 rrree
1998 116 3175 172 entitled “ Between Sunset and Dawn.“ By this it
1996 169 3179 224 shöuld not de inferred that tiie miniature recital of their
1981 219 3182 296 ewn songs by Miss Gertrude Rolffs and Mr. Anton
1992 261 3175 326 Dressier fell upon unappreciative ears. On the contrary,
1979 306 3179 375 both the vocal and creative abilities and the fine dramatie
1980 375 3181 440 manner in which they were delivered to the brilliant
1979 431 3168 489 pianoforte accompanirient of Mr. Dressler were recog¬
1988 471 2997 550 nised in no uncertain manner by the audience.
2049 533 3183 583 The title of the evening’s novelty is a good one, and,
1979 572 3182 626 It must be confesled, filied one with more confidence
1994 618 3183 686 before the curtain rose than just immediately after. For,
1988 685 3184 741 truth to tell, those who had not studied well their pro¬
1996 735 3180 785 gramme, and seen that the first section took place in the
1988 775 3183 829 kitchen of Mrs. Harris’s desshouse in South London, félt
1985 816 3195 867 n sense of disappointment that the characters and scenes
1993 859 3188 925 mealt with London“ low life. it stands to the credit
1990 920 3192 983 pf those concerned, players and author alike, that this
1997 966 3185 1009 Teeling soon gave way to one of eager attention. Inter¬
1991 1005 3191 1059 preters of a new play seldom receive their duc. for, on
1984 1057 3189 1104 nccount of.the exigencies of spuce, the author geus most
1986 1084 3181 1141 pf the notice; but there is no doubt that the stimulating
1988 1130 3183 1171 ##ffect of the#acting of Mr. Norman Mekinnel, as Jim
1983 1167 3189 1229 Harris, and of Miss Ada King, as Jim 8 mother, in the
1988 1228 3189 1300 first moments of the piece, had its influg ce right through
1997 1263 2267 1321 to the end.
2092 1278 3185 1364 Between Sunset and Dawn“ has quite the Gals¬
1995 1347 3187 1410 worthy touch, but the scenes are handled with more
1984 1406 3183 1451 realism and less decision. For as a matter of fact, it is
1994 1437 3186 1498 Hificult to decide which of the two forbidding male speci¬
1993 1480 3191 1524 inens between whom poor little Liz Higgins has toscheose
1989 1525 3184 1577 is the more mentally unbalanced. The husband, whobungs
1991 1568 3186 1607 her about when he is in his cups, who wants to kiss her
1990 1616 3192 1671 oue minute and to hate her the next, is every bit as dan¬
1990 1635 3203 1723 generous at large as the burlg imbecile that“ does her
2000 1690 3197 1746 in intheend. Atanyrate Liz, pretty as a peach, as the
1985 1747 3195 1805 Americans would say, runs away from her young“ old
2004 1786 3189 1837 man, and is driven by a storm into a penny “ doss¬
1997 1839 3180 1887 house," just as Mrs. Harris, whose tongue 8 as sharp as
1995 1860 3192 1940 her thirst, is being candidly rebukea by her big, slow,
1988 1925 2522 1988 roughly honest son Jim.
2060 1955 3180 2014 Liz has not a penny, but Jim takes her in, and when
1988 2002 3189 2068 Bill Higgins, finding her whereabouts, demands his wife's
1997 2047 3192 2105 release, for Jim has locked her in a room, the big man
1992 2097 3188 2156 refuses tolet her husband tske her away, though he has to
1999 2136 3191 2184 knock him down several times by way of emphasis of bis
1995 2181 3181 2234 Intentions. Liz is distinctly impressed by her protector,
1995 2230 3192 2278 who hitherto has held all feminity in calm contempt, but
1990 2274 3188 2326 she takes a lot of persuading to meet him somewhere next
1994 2317 3189 2352 lay. Her“ lawful'' instinets prove, however, stronger
1988 2360 3190 2414 than anything else, and she goes back to her home just
1995 2404 3180 2461 after Bill has gone sorrowfully to bed. But he hears her
1986 2458 3185 2503 return. He is jealous, trusting, misbelieving, kind,
1979 2491 3180 2556 brufal by turn, and finally only the lamp going
1997 2521 3188 2580 but and giving Liz the chance to escene
1994 2567 3187 2644 prevents bis killing her on the spot. The woman returns
1990 2632 3182 2683 10 Jim, yho for a time is for turning her dway, simply
1989 2671 3192 2724 because ste had lied-“ like all women in telling her
1986 2710 3181 2762 husband he, Jim, had not tried to kiss her. But a new
1983 2758 3198 2819 and dangerous chord has been struck in Jim, and le
1987 2798 3189 2863 rannot let her go. He stops her at the door. She does
1976 2835 3190 2900 not read his leering looks aright. But passion had
1988 2883 3184 2946 nwakened in this hulking frame the hereditarv taint that
1976 2923 3186 2990 Jiad sent his father to a madman’s grave. He puts two
1992 2974 3185 3018 chairs face to face, and, giving her one and taking the#
2872 3020 3186 3080 As the poor
1988 3017 2873 3068 pther, grinningly asks for his first kiss.
1983 3063 3181 3109 woman offers it wonderingly he stealthily takes a knife
1978 3100 3179 3157 from the table behind him and stabs her in the back. It
1983 3150 3188 3192 is a gruesome endingto what is principally a clever study
1987 3192 3191 3266 in primitive passions, not the least admirably drawn being
1988 3239 2709 3299 the inherent virtue of the woman.
2053 3277 3183 3332 It was, as already stated, splendidly acted. There
1987 3311 3190 3388 was something quite relentless in Mr. MeKinnel's iden
1987 3374 3170 3418 of Jim, with its savage kindness and its kind savagerv.
1984 3403 3192 3477 Miss May Blayney's Liz was in its way completely
1987 3457 3188 3507 arresting and full of trut'lfulness of expression. Mr.
1980 3501 3181 3552 Edinond Breon was capital as the utterly irresponsible
1979 3546 3188 3596 husband, while Miss Ada King, as already indicated, was
1982 3590 2724 3644 excellent as the dosshouse-keeper.
2056 3636 3170 3690 The performance of Schnitaler’s powerful little tragedy
1980 3662 3178 3728 of the French Revolution,“ The Green Cockatoo,“ had
1990 3717 3174 3777 neitherthe breadth nor finish of tbe recent Stage Society's
1987 3762 3172 3815 presentations, but, -espite the somewhat cramped stag¬
1976 3805 3192 3872 ing, is was well done last night, Mr. MeKinnel taking the.
2968 3851 3146 3913 L. B.
1981 3852 2318 3934 part of Henri.
