3532 4256
1496 170 1916 265 box 15/3
777 187 1350 263 ruene Kakadu
2110 193 2988 280 Geliebten seiner ihm eben angetrauten
279 195 687 281 9.3. Der
525 212 1346 303 nen P   en S ene enenen
2032 251 2969 310 Frau ermordet, und man empfindet entsetzt das
2032 287 2968 340 Spiel als grausige Wahrheit. Da bricht plötz¬
2031 330 2965 385 lich das Triumphgeschrei des Pöbels, dem der
2036 363 2866 421 Sturm auf die Bastille geglückt ist, in
2871 380 2969 424 die
2037 406 2970 458 Szene hinein. lind ein hohnvolles Schicksal
2036 437 2981 512 spielt dem Komödianten wirklich den Geliebten
2031 491 2972 542 seiner kokettenhaften Frau in die Hände, und
2034 534 2980 593 aus dem eben noch geschauspielerten Mord wird
2029 559 2975 629 blutige Wahrheit. Ein gewaltiges und gewalt¬
2035 599 2965 647 sames — und deshalb groieskes — Durch¬
2032 636 2963 704 eina####ektoßen von höhnischem Spiel und bru¬
2037 669 2972 730 taler Wirklichkeit ist diese Szene: „Alle schein¬
1517 665 1900 743 Telephon 12.801.
2028 719 2972 776 baren Unterschiede sind sozusagen aufgehoben.
2030 750 2741 812 Wirklichkeit geht in Spiel über —
2747 763 2980 818 Spiel in
2042 788 2274 839 Wirklichkeit.“
1542 765 1690 844 Dee
2334 790 2981 851 Und in diesem iollen Wirbel
1028 796 1629 890 „UBSEIVER
2031 824 2969 890 liegt nicht nur ein zuckender Reslex der trunke¬
2038 867 2129 921 nen,
2143 871 2983 921 sinnlos=begehrlichen Stimmung, aus der
797 888 1884 950 I. österr. behördl. konz. Unternehmen für Zeitungs-Ausschnitte
2030 906 2114 957 die
2126 913 2987 965 französische Revolution erwuchs, sondern
2032 942 2133 997 auch
2140 956 2981 1025 ein ins Grotesie gesteigertes Abbild alles
931 939 1768 1027 Wien, I., Concordiaplatz 4.
2038 977 2603 1041 menschlich=irdischen Treibens.
1123 1010 1570 1082 Vertretungen
2107 1029 2986 1084 Leider holte die Darstellung nicht die
2026 1068 2979 1113 kraftvolle Wirkung heraus, die dieser überaus
792 1071 1872 1139 in Berlin, Budapest, Chicago, Christiania, Genf, Kopen¬
2036 1106 2968 1169 dramatischen Szeue innewohnt. Es war ein
798 1107 1879 1182 hagen, London, Madrid, Mailand, Minneapolis, New-Vork,
2036 1141 2981 1209 flatterndes Nebeneinander und kein überwälti¬
832 1156 1849 1218 Paris, Rom, San Francisco, Stockholm, öt. Petersburg.
2023 1186 2990 1245 gendes Ineinander. Personen und Gruppen
1125 1201 1554 1259 (Quellenangabe ehne Gewähr).
2024 1229 2979 1278 wollten sich nicht zum Gesamtbild aneinander¬
794 1235 1166 1322 Ausschnitt aus:
2025 1264 2965 1317 fügen, und es half nichts, daß Ewald Bach
2030 1301 2976 1358 als Schauspieler Heuri seine besten Kräfte her¬
1175 1277 1821 1387 Geslnger Fremdenblatt
2551 1339 2981 1393 assat die Massen
2026 1338 2969 1431 mit theairalischer Wucht zusammenzureißen ver¬
779 1336 1353 1424 vom: 20 2. 7910
2013 1375 2977 1481 suchte: die Bindung der Elemente blieb aus,
2012 1416 2779 1507 und somit die überzeugende Wirkung.
2098 1460 2336 1514 Was im
2356 1474 2964 1555 „Grünen Kakadu“ versäumt
2008 1498 2965 1583 wurde, hokte man in dem dreigktigen Schau¬
1255 1488 1805 1580 Schuitzler=Abend.
2025 1530 2963 1631 spiel „Liebelei“ glänzend ein. Man kennt
1154 1564 1892 1659 Der grüne Kakadu. — Liebelei.
2010 1576 2970 1683 Stück und Darstellung von vielen Aufführun¬
1285 1610 1768 1678 Altonger Stadt=Theater.
2016 1605 2947 1706 gen in Hamburg und Altona. Marie Ferron,
2011 1651 2957 1753 die ihre Ehristine zu ergreifender tragischer
1127 1659 1986 1742 Den Auftakt zum Arthur Schnitzler¬
2010 1679 2956 1792 Höhe hinaufhob, Wilhelmi, der seinem
1046 1690 1990 1786 Abend im Zyklus moderner Autoren, den
2010 1732 2957 1820 alten Musikus eine tiefe und reiche Menschlich¬
1043 1730 1986 1823 das Altonaer Stadttheater zurzeit veranstaltet,
2002 1761 2959 1872 keit zu geben wußte, Fräulein Kobold als
1037 1771 1983 1860 bildete die einaktige Groteske „Der grüne
2003 1806 2961 1902 entzückend = lebendsprühende Mizzi, Ewald
1046 1807 1989 1897 Kakadu“. Diese wilde Szene in der Spe¬
1994 1834 2955 1940 Bach und Arthur Wehrlin bereiteten dem
1032 1844 1989 1936 kunke des Bürgers Prospère, gehört trotz aller
2001 1878 2954 1990 bühnenwirksamen Schauspiel einen neuen, tief¬
1035 1903 1985 1980 grotesken Verzerrung zu den starksten drama¬
1998 1916 2347 2000 gebenden Erfolg.
1025 1921 1977 2016 tischen Bildern, die je ein Dichter aus dem
1036 1969 1979 2053 Wirbel und der tollen Trunkenheit der großen
2531 1981 2960 2067 Kurt Küchler.
1032 2005 1988 2106 französischen Revolution gestaltete. Schauspieler
1031 2053 1979 2124 mimen in einer Spelunke niederster Sorte einem
1026 2084 1990 2174 Publikum von aristokratischen Kavalieren als
1023 2128 1980 2207 besonderen, gruseligen Nervenkitzel genialische
1016 2160 1985 2241 Improvisationen wüster Verbrechen vor, und
1038 2202 1981 2300 ihrem Spiel gibt die wilde, zur Revolution
1026 2245 1967 2326 brängende Gärung des Volkes einen unheim¬
1023 2271 1982 2378 lich rollenden Unterton. In ekstatisch gespielter
1012 2321 2012 2424 Leidenschaft schildert ein Komödiant, wie er
2593 2424 2973 2503 Telephen 12.801.
2580 2520 2778 2597 Di
2852 2553 2930 2644 m
2093 2580 2804 2660 „ODSLIVEN—
1878 2639 2974 2721 ##. österr. behördl. konz. Unternehmen für Zeltanga-Ansschaltte
2009 2702 2851 2794 Wien, I., Concordiaplatz 4.
2205 2782 2642 2849 Vertretungen
1881 2830 2968 2893 in Berlin, Budapest, Chicago, Christianla, Genk, Kopes¬
1890 2878 2965 2936 hagen, London, Madrid, Mailand, Minneapolls, New-Vork.
1924 2917 2931 2985 Parls, Rom, öan Francisco, Stockholm, St. Petersburg.
2209 2960 2652 3015 (Gasllonaagabe ehne Gowäks).
1875 3010 3150 3079 Ausschnitt aus: Generalanzeiger für Hamburg-Alton
2575 3065 2853 3160 Hamburg
2108 3088 2406 3179 20FEB 1910
1886 3133 2045 3185 vom:
2176 3278 2839 3404 Theater und Musik.
2231 3389 2753 3453 Altonaer Stadt=Theater.
2003 3436 2988 3502 „Der grüne Kakadu“. Von Arthur Schnitzler.
1899 3480 2691 3544 Das Altonaer Stadttheater hat###
2883 3480 3135 3549 ine Reihe
1844 3520 3139 3573 wertvoller Vorstellungen herausgebracht. So ist es viellei# einer
1840 3556 3133 3628 Ueberspannung der Kräfte seines Ensembles zuzuschreiben, daß die
1850 3610 3125 3651 Wehrlinsche Neuinszenierung des „Grünen Kakadus“ eine sehr starke
1849 3646 3129 3691 Enttäuschung wurde. Sie fand sich aus Grobdrähtigem und Possen¬
1845 3686 3115 3737 haftem nicht zu dem nervösen, schillernden Revolutionstemperament,
1847 3732 3115 3784 von dem dieser farbige Einakter bewegt und getragen wird. Ver¬
1848 3757 3131 3814 fehlte Besetzungen, verfehlte Aufassungen häuften sich zu unerquick¬
1844 3796 3128 3847 licher Gesamtheit. — Nur der leidenschaftlich gefühlte Henry Ewald
1836 3841 3130 3900 Bachs traf mit mächtigen Akzenten die dichterische Absicht. — Die sehr
1849 3878 3061 3951 frische Liebelei=Vorstellung schloß sich, beifallsfreudig begrüßt, an..
2940 3918 3130 3997 A. 2
