3484 4480
1938 130 2410 223 box 16/1
185 168 1814 254 9. 4. Der gruene Kakadu Zyklus
818 871 1241 946 Telefon 12801.
527 990 1570 1067 Unternehmen für Zeitungs-Ausschnitte.
691 1044 1688 1187 „OBSERVER“ Nr. S
307 1173 1766 1267 I. österr. behördl. conc. Bureau für Zeitungsberichte u. Personalnachrichten
480 1249 1616 1347 Wien, IX/1. Türkenstrasse 17.
705 1333 1387 1427 Filiale in Budapest: „Figyelé“ -
397 1408 1689 1499 Vertretungen in Berlin, Chicago, London, Newyork, Paris, Stockholm.
316 1469 1796 1621 Ausschntt an:Legetier Jlecrnat
710 1603 1374 1779 Aerseuee
306 1686 744 1810 vom 24/1 f.
980 1719 1584 1883 KL 0—
1605 1860 3372 2030 Men men unch in rniten der gerenchen
657 2000 1431 2129 nnst und Wissenschaft.
1603 2018 3384 2097 Einfalls und der feinen Einzelausführung sagen mag, voll die Thür; Frau Olga Merho##
1603 2069 3377 2134 ihr dramatischer Erfolg wird doch allezeit darauf Wort, zieht eine letzte Binde vol
1613 2116 3369 2183 beruhen, daß das Urelementf aller dramatischen Wirk= Professors und sagt ihm, daß
538 2130 1628 2222 Königl. Schauspielhaus. — Am 28. d. Mts.:
1626 2159 3378 2219 ung: der sichtbare, fühlbare, spannende Gegensatz, ihre viel weiter von ihm getrennt ge#
520 2190 953 2258 *,Die Gefährtin“.
967 2197 1626 2272 Schauspiel in einem Akt von
1627 2214 3373 2267 Grundlage bleibt. Durch alle drei Einakter Schnitzlers daß sie gewußt hat, daß Dr. Ha
521 2245 1373 2304 Arthur Schnitzler. (Zum ersten Male.)
1426 2244 1630 2306 „Para¬
1622 2243 3382 2310 zieht sich der Wechsel von Schein und Sein als roter Leidenschaft oder Neigung an si
519 2279 1633 2349 celsus.“ Versspiel in einem Akt von Arthur Schnitzler.
2717 2277 3377 2357 Rolle, die sie im Leben des iun
1626 2297 2740 2368 Faden hindurch, aber nur im „Grünen Kakadu“ gewinnt
529 2322 951 2400 (Zum ersten Male.)
989 2333 1632 2396 „Der grüne Kakadu.“ Gro¬
2725 2331 3378 2404 auch zufrieden gewesen sei. Dar#
1623 2343 2092 2411 er volle Verkörperung.
514 2375 1643 2454 teske in einem Akt von Arthur Schnitzler. (Zum
2726 2371 3369 2435 Freundin, und Pilgram bleibt
1684 2363 2742 2437 Der Welt, in der Schnitzler seither mit Vorliebe ver¬
523 2418 839 2490 ersten Male.)
2739 2426 3378 2502 fassers Meinung „befreit“ zurück
1628 2430 2742 2491 weilte steht das Schauspiel „Die Gefährtin“ am nächsten.
2731 2453 3374 2539 Rechte ist, nun erst vor der
584 2453 1634 2543 Mit der Aufführung der drei Einakter des Verfassers
1628 2477 2742 2540 Ein Wiener Professor der soeben seine Frau begraben
2747 2506 3378 2573 steht, ob nicht er, gerade er sel
508 2509 1636 2585 der Schauspiele „Liebelei“ und „Das Vermächtnis“ hat
1630 2521 2733 2574 hat, wird aus der Starrheit seiner trostlosen und doch
2735 2545 3381 2613 tragen hat, daß die Verstorbenel
1632 2568 2742 2615 des reinen heiligen Schmerzes baren Stimmung — denn
517 2562 1638 2616 das Königl. Hoftheater der jüngsten Litteratur einen be¬
2730 2607 3379 2657 worden ist, das fällt weder Schnitzle
1628 2603 2749 2660 die Tote ist ihm nur kurze Zeit Geliebte und niemals
508 2608 1633 2667 trächtlichen Schritt entgegen gethan. Sowohl nach der
1634 2651 3380 2705 Gefährtin gewesen — durch eine Freundin aufgeweckt, die ein. Mit fünf oder zehn peinliche
510 2647 1635 2717 Seite der vorherrschenden Richtung hin, die die Wirkung
2729 2694 3372 2761 kleine Drama, eine in Scene ge
1631 2697 2745 2750 kommt, um sich Briefe der verstorbenen Frau zu er¬
521 2688 1635 2752 weniger vom dramatischen Gehalt, von der Gegenüber¬
2721 2729 3375 2803 hinter sich zurück=, über sich hina
1629 2741 2747 2802 bitten. Professor Pilgram macht in einem Satz für Satz
518 2736 1636 2792 stellung klar herausgearbeiteter Gestalten, von der
2733 2791 3375 2845 fach im Leben der Fall ist, aber
1625 2785 2746 2853 mehr vom Unglück seines Lebens enthüllenden, sehr sein
511 2772 1632 2842 Steigerung in den Charakteren wurzelnder Konflikte, als
2727 2825 3380 2894 ungünstig wie möglich bleibt. Dis
1627 2812 2741 2887 durchgeführten Zwiegtspräch mit der Besucherin dieser
509 2816 1641 2891 vielmehr von der Stimmungsmalerei erwartet, wie nach
2735 2862 3377 2936 eines Herbstabends und eines
1625 2871 2746 2936 klar, daß er sehr wohl weiß, daß seine Frau ein Liebes¬
511 2872 1643 2935 der Seite einer gewissen Kühnheit der Phantasie stellen
2737 2908 3390 2983 durch und wird vollkommen er##
1628 2918 2742 2975 verhältnis mit seinem Assistenten Dr. Hausmann unter¬
519 2923 1636 2976 sich die gestern vorgeführten Neuigkeiten als ungewöhn¬
2731 2958 3384 3023 ihre Beziehungen, bis auf den
1637 2959 2751 3023 halten und daß er nur nie begriffen hat, warum die
520 2964 1634 3017 liche und in ihrer Art gegeneinander bewußt abge¬
1635 3003 3377 3073 beiden Menschen nicht ehrlich vor ihn hingetreten sind Pilgram und Hausmann, bleiben
332 2991 450 3075 Für
526 3013 1637 3077 stufte Werke dar. Der Eindruck, den sie hinterlassen,
1630 3054 3308 3111 und die Freiheit, sich anzugehören, von ihm gefordert Kunst, die Frau Salbach
529 3042 1633 3109 ist ein sehr verschiedener, in allen dreien aber empfindet
1629 3088 3393 3148 haben. Ehe die Besucherin Olga Merholm dem Aermsten Herren Wiene (Professor Robe
527 3097 1630 3151 man wieder einmal, daß neben der vollberechtigten Eigen¬
1636 3138 3389 3199 das Warum davon enthüllen kann, langt Dr. Hausmann von (Doktor Alfred Hausmann) auf
514 3145 1639 3204 tümlichkeit des selbständigen Dichters die modische Vor¬
357 3137 526 3238 1 100
1630 3172 3134 3229 Scheveningen an, scheinbar ganz freundschaftliche Teil= Totaleindruck nicht.
524 3186 1645 3248 liebe für unklare, schwankende, schillernde Probleme und
2795 3200 3385 3278 Das Versspiel „Paracelsu
1631 3228 2742 3285 nahme und Sorgfalt für den Professor. Wie er aber
522 3235 1639 3285 für gebrochene, undeutlich bleibende, nur mit einzelnen
339 3252 536 3326 Abonne
2741 3270 3387 3334 gegen das prahlerisch sichere Glü
1637 3282 2740 3334 diesen auffordert, ihn, der nochmals nach dem Seebad
519 3282 1637 3329 Spitzen heraustretende, nicht plastisch gerundete, voll sich
2728 3308 3364 3378 gesunden, vermeintlich die Dinge
1626 3317 2751 3391 zurückgeht, dorthin zu begleiten, da verrät er nach und
518 3329 1640 3381 auslebende Menschengestalten einen starken Anteil an der
1633 3354 3397 3419 nach, daß ihn dorthin ein anderes Interesse zieht, daß er Der wackere, in Arbeit und Ger
515 3364 1636 3425 Besonderheit der Schnitzlerschen kleinen Dramen hat. Als
1632 3409 3395 3470 sich verlobt hat, daß er seine Braut schon längere Zeit Waffenschmied Cyprian, der mit et
514 3405 1643 3478 ein ins Gewicht fallender Vorzug muß es gelten, daß
1637 3448 3382 3507 kennt und liebt. Und nun schmettert Professor Pilgram Wunderdoktor Theophrastus Par
516 3451 1641 3509 sich die dramatische Wirkung insofern steigert, als das
1620 3492 3387 3563 den Entlarvten mit dem Wort nieder, daß er ihm ver= und halben Lump geringschä
518 3499 1639 3547 letzte Stück „Der grüne Kakadu“ den stärksten Anteil er¬
515 3520 3385 3587 weckt und trotz allzu breit ausgeführter Milieuschilderung ziehen hätte, seine verstorbene Frau zu seiner Geliebten hypnotische Künste erfahren, da
513 3575 3386 3659 durch seine lebendige Gegensätze die Zuschauer in Mitleiden= gemacht zu haben, aber ihm nie vergeben werde, daß er geordneten Hause und in der Se#
