3392 4352
457 134 608 204 Der
680 140 936 205 ruene
955 131 1280 205 Kakadu
220 134 1275 255 9. 3  enetetenensete eeleee
1423 129 1852 223 box 15/1
1222 886 2219 1058 k Mande, Tee#te
1332 1063 2090 1263 E 11.0. 1103
1194 1293 2217 1366 La sotie de M. Schintzler, Au Perroquet Pert, est,
1161 1344 2167 1421 parait-il, le dernier tableau d’une manière de tryp¬
1164 1378 2171 1447 tique dramatique dont les parties, quoique indépen¬
1166 1427 2181 1499 „lantes et distantes, prennent par leur rapprechement
1177 1461 2174 1523 une signification de portée générale et philosophique.
1173 1496 2185 1572 Celui-ci, qui représente le sorr du 14 Juillet et la prise—
1164 1549 2176 1596 de la Bastille, symbolise la fin d’une société, de la
1171 1573 2186 1641 société brillante et corrompue de l’aristocratie française
1173 1613 2175 1679 au xvini“ siècle. La scène se passe dans la cave d’un ta¬
1175 1650 2188 1719 Wvernier, ancien directeur de theätre, ou le beau monde
1161 1700 2182 1780 vient fréquenter pour fröler de près des escarpes au¬
1178 1724 2182 1792 thentiques ou figurés par des cabotins sans emploi et
1170 1768 2176 1841 se faire insulter par eux. Bruant chezle Père Lunette!
1175 1803 2175 1871 Et tous ces élégants, hommes et femmes, se disent
1182 1846 2178 1905 tres excités par le piment de ce ragoüt ou la fiction
1175 1883 2191 1955 se méle à la réalité. Mais cc soir-là, la réalité, la ter¬
1174 1932 2184 1995 rible réalité l’emporte et c’est du vrai sang qui coule
1176 1960 2178 2044 dans l’orgie tumultueuse du Perroquef Tert. Le ta¬,
1181 2006 2193 2070 bleau est d’une impression puissante et d’une couleur
1177 2057 1487 2134 tres artistique.
1711 2060 2115 2145 Hippolyte Lxmaine.
1741 3992 2250 4077 : Stephane Er ermn
2184 1431 2263 1528 5
