2968 4256
602 96 800 158 Kak:
1546 94 2009 186 box 15/5
43 105 1391 189 —Prueht 141 „VK 118
-2 770 929 849 d. 6s herscht eine lnrnhe in Stak und Dar¬
-9 840 901 892 ig, wie in einer zuckenden Gasflamme. Erst als der
-2 872 905 943 Schauspieler der Gesellschaft in Action tritt, beginnt
-10 905 905 983 amatische Spannung. Dieser Schauspieler ist das
0 958 906 1004 tstück des Professors. So lange er mit der
-9 1005 902 1060 uspielerin Leocadie ein Verhältniß hat, läßt
1616 994 1970 1057 Telefon 12801.
-9 1042 906 1085 h von ihr betrügen. Als er sie aber geheiratet hat!
-1 1084 901 1135 wild vor Eifersucht. Er erzählt, wie er aus Eifer¬
2260 1088 2539 1161 Ausschnitt
1324 1078 2257 1173 Unternehmen für Zeitungs-Ausschnitte.
-9 1120 904 1192 einen Herzog ermordet hat. Die Gäste glauben,
-10 1166 909 1230 iele den Mörder, der Wirth meint es sei
1472 1146 2512 1264 „OBSERVER“ Nr. 77
1 1208 903 1272 heit. Als dann der Herzog leibhaftig erscheint
-9 1253 900 1319 er Komödiant hört, daß er bei seiner Frau gewesen,
1064 1267 2537 1331 I. österr. behördl. concess. Bureau fer Zeitungsberichte und Personalnachrichten
4 1293 899 1359 er ihn nieder. Das Stück endet à la Tabarin.
-10 1333 900 1402 r war es Sonnenthal, der durch eine
1356 1330 2234 1428 Wien, IX/1 Türkenstrasse 17.
-5 1378 898 1424 erleistung den Erfolg entschied. Schnitzler wurde
-5 1422 766 1494 ch ausgezeichnet. Ein Epigrammatiker sagte:
1260 1409 2290 1506 — Filiale in Budapest: „Figyelö“, VIII. Josefsring 31a. —
-7 1470 620 1526 Soll sich ein braver Dichtersmann
-6 1508 517 1571 Vorm Publicum verneigen?
-6 1531 659 1619 Wenn Einer zeigt, daß er was kann,
1063 1469 2221 1635 Sdett. ve O)e Glok Were
-4 1580 558 1637 Dann kann er sich auch zeigen.
-5 1644 912 1734 * Im Deutschen Volkstheater gelangt
-9 1704 572 1753 n „Der Star“ von H.
605 1703 929 1765 ahr mit Frau:
1076 1673 1408 1780 von J/.10
0 1741 722 1791 lon in der Titelrolle zur Wiederholung.
6 1770 894 1836 * Im Carltheater gelangt heute mit Herrn
-6 1816 901 1885 nder Girardi als Gast die Operette „Adam
-8 1865 890 1921 Eva“ zur Darstellung. Morgen Freitag findet
-7 1898 900 1945 Besten der unter dem Protectorate des Kaisers
0 1946 897 1993 den „Heilanstalt Alland“ die erste Auf¬
-8 1980 899 2035 ig der Novität „Jagagmüath“ von Philipp
0 2016 955 2073 s, in Scene gesetzt vom Oberregisseur Carl Lang=2
1615 2026 2024 2119 Theater=„Sloh“
-9 2056 900 2097 mer, statt. Die Vorstellung beginnt um 7 Uhr. Die
-9 2083 951 2152 Aufführung des Schwankes „Fiaker 117“ mit
1659 2105 1991 2187 Burgtheater.
-1 2127 908 2178 Tewele und Frl. Markwordt in den
-10 2164 646 2223 rollen findet Sonntag Abends statt.
1367 2165 2374 2239 Arthur Schnitzler hat sich dem Rütlibund jener
-1 2208 922 2271 * Der Clavicrauszug von Richard Heuberger's
1270 2222 2369 2301 Autoren, die sich dem Publieum nicht zeigen wollen,
-1 2253 886 2318 tte „Ihre Excellenz“ erscheint demnächst mit vor¬
1287 2277 2371 2330 nicht angeschlossen, und so konnte man ihn an seinem
20 2296 882 2335 rPathenschaft. Der Componist hat Meister
-7 2327 71 2384 n
1284 2319 2377 2372 letzten Einacterabend mehrmals begrüßen. Und das
125 2336 888 2391 gut sein Werk zugeeignet, der in einem
218 2377 885 2441 , als schmeichelhaften Brief diese
1284 2376 2374 2448 war gut. Gibt es doch viele Mädchen und Frauen, die
1289 2417 2368 2490 hauptsächlich deshalb seine Premièren besuchen, um sein
194 2429 946 2492 e#ter an der Wien findet am#e
1280 2469 2374 2537 schöngelocktes Haupt zu bewundern. Dieses Mal wurden
-9 2471 884 2526 nden Sonntag Nachmittags halb 3 Uhr bei bis
1271 2503 2370 2590 uns drei kleine Ehebruchsstücke servirt, die zu verschie¬
-5 2526 881 2581 ie Hälfte ermäßigten Preisen eine volksthümliche
-9 2561 884 2608 llung statt, bei welcher Millöcker's beliebte
1285 2565 2377 2637 denen Zeiten spielen. Am paradoxesten ist der Einacter
-4 2601 948 2673 tte „Der arme Jonathan“ zur Aufführung n
1277 2623 2369 2690 „Die Gefährtin,“ worin ein alter Ehemann dem
1280 2664 2371 2719 Liebhaber seiner Frau vorwirft, er hätte ihr die Treue
-9 2654 935 2730 * Am 6. d. M. findet im Palais Auers=
1272 2712 2384 2788 gebrochen. Solche dreieckige Verhältnisse könnte nicht
-10 2725 921 2774 in der Josephstädterstraße zu wohlthätigem Zwecke
1272 2762 1886 2838 einmal Pythagoras erklären.
1 2768 930 2829 reits angekündigte Sonnenthal=Vorlesung
0 2810 915 2875 n Gräfin Christiane Thun=Salm verfaßten
-2 2853 903 2915 nfestspiels „Des Kaisers Traum“ statt.
22 2888 904 2955 sind noch zum Preise von 10 fl. im gräflich
-4 2932 931 3001 'schen Secretariate, Freiung Nr. 4, von 9 bis 1/6
-10 2976 466 3036 on 2 bis 3 Uhr erhältlich.
-8 3017 945 3080 * Im Kaiserjubiläums = Stadttheater j1
1470 3026 2148 3110 Bezugs-Bedingungen.
-9 3056 919 3123 s gestern zweierlei Stürme: Beifallsstürme für
2099 3076 2299 3148 fl. 7.50
0 3102 882 3154 arsescu, welche die Sappho spielte, und
1091 3102 2043 3180 Fer 50 Zeitungsassschnitte (Artikel oder Notizen)
2112 3132 2299 3202 „ 14.—
-3 3137 886 3185 turm, welcher außen an dem Gebäude rüttelte und
1190 3149 1285 3198 100
2333 3130 2485 3199 ilhote
-10 3182 887 3231 nzen Hause störend vernehmbar war. Die Leistung
2110 3177 2282 3233 „ 25.—
2329 3193 2497 3231 Zahlbar
1188 3193 1291 3234 200
883 3208 957 3251 W
2161 3194 2522 3280 55.— imn Voraus
-10 3215 872 3261 rl. Barsesen in dem Grillparzer'schen Trauerspiele
2119 3227 2168 3274 „
1901 3242 1969 3282 „
1179 3226 1291 3274 500
-1 3258 877 3306 n von anderen Bühnen her bekannt. Gestern ragte
2129 3249 2279 3312 „ 100.—
1900 3271 1959 3319 „
1119 3250 1309 3335 " 1000
-9 3295 874 3344 die Künstlerin aus dem übrigen Schauspieler¬
1229 3295 2517 3352 Im Gegensatze zu anderen Bureaux für Zeitungsausschnitte ist la¬
-9 3331 873 3383 le so thurmhoch empor, daß ihre Partner schon vor
2179 3333 2549 3391 auch steht es den
1104 3347 2128 3408 Abonnement durch keine bestimmte Zeitdauer begrenzt;
-10 3369 878 3425 Felssturze in's Wasser fielen. Frl. Winkler war als
1095 3378 2453 3457 Abonnenten frei die aufgegebenen Theinen zu ergänzen oder zu ändern.
1 3403 820 3461 a unmöglich. Die Inscenirung war befriedigend.
-9 3448 878 3500 * Heute Donnerstag wird im Theater in
879 3472 942 3529 n
-2 3479 868 3535 Josephstadt das Vaudeville „Wie man
881 3504 940 3552 d
-8 3526 873 3572 nerfesselt“ mit Annie Dirkens als Gast
889 3537 950 3584 6
-9 3561 873 3609 25. Male aufgeführt. Die Zugkraft dieses Stückes
1 3604 872 3657 himmer so groß, daß an die Einstudirung neuer
889 3619 948 3674 2
-9 3640 872 3690 nicht gedacht wird. Im zweiten Bilde singt Annie
-9 3664 880 3734 s das mit großem Beifalle aufgenommene Tanzlied
-10 3711 876 3787 all follow me“ aus der Operette „Die Schöne von
-9 3749 77 3802 rk“.
1 3769 877 3855 * Das Volksstück „Eine Liebesheirat“
-9 3832 876 3907 Baumberg kommt diesen Samstag zum ersten
-10 3874 507 3935 in Baden zur Aufführung.
-5 3916 31 3953 #e
7 3902 881 3973 Fräulein Helene Stastny, eine Wienerin,
4 3954 888 4025 sich gelegentlich der vorjährigen Technikervorstellung
-4 3996 878 4047 eutschen Volkstheater sehr angenehm bemerkbar
9 4027 869 4070 ist gegenwärtig im Stadttheater in Wiener ###.
