3436 4352
478 191 612 254 Der
702 186 1284 248 ruene Kakadu
217 188 1273 300 9. 3 42  eesereenetee A
1428 185 1856 270 box 15/3
2571 204 2794 273 Telephobe.
2062 227 2840 321 Etund /onden &seseto N° 5520 Centrul
2822 279 3077 358 AND SP
2049 360 2165 432 12
2292 369 3096 472 Te Gu
2045 453 2295 526 ablication
2299 545 2854 627 —
2317 723 2780 808 (3) VAUDEVILLE.
2210 812 2877 894 * Between Sunset and Dawn.'
2168 861 2911 944 A Play in Pour Scenes by Hermon Quld.
2279 927 2827 1003 " The Green Cockatoo.“
2117 984 2949 1048 A Grotesque in One Aut by Arthur Schnitzler,
2186 1016 2960 1089 translated by Penclope Wheeler, Thurs¬
2164 1040 2498 1102 day, October 23.
2144 1122 2952 1204 Among the troubadours of the Cabaret Ger¬
2110 1157 2957 1245 trude Rolffs and Anton Dressler occupy the
2112 1207 2957 1264 first rank in Germany. At the Vandeville
2116 1247 2951 1313 where they raise the curtain their recep¬
2115 1278 2832 1341 tion was courteous but lukewarm.
2841 1284 2960 1348 And
2100 1311 2368 1363 no wonder.
2384 1326 2954 1394 Rhine-wine Jeses its savour
2098 1354 2939 1411 in tankards, as ale would in ahock glass. These
2097 1397 2943 1454 German ballads of soldiery, Bohemianism,
2107 1427 2948 1491 misery when roughly translated and hammered
2110 1456 2946 1519 on the piano, sung stentorionslv or in strident
2093 1510 2946 1564 soprano, grate upon the ear. We cannot appre¬
2105 1539 2934 1591 ciate them nor do we take in the humour of
2096 1563 2925 1616 heavy Mephistophelian manners at the instru¬
2098 1606 2942 1657 ment and affected impassiveness 4 / Yrette
2097 1639 2944 1707 Guilbert of former days, when artienlation and.
2097 1670 2567 1725 pronuncation are hazy.
2599 1678 2939 1737 Whoever advised
2101 1707 2947 1771 these artists to try a toun de Foyer made a grent
2232 1744 2960 1797 ountries have their artistiel.
2093 1803 2925 1880 nethods; so have Cabarets. The insinuabilig
2082 1860 2920 1902 irt of Munich Minstrels should be left alone; it
2079 1895 2916 1950 s spoilt in foreed transposition, Fortunately
2085 1926 2907 1982 Gertrude Rolffs and Auton Dressler in one
2080 1953 2911 2013 true German Bong,“ Ich und Du, vindicated
2083 1988 2913 2062 their reputation. The rest was sadly
2079 2031 2303 2096 grotesque.
2104 2107 2965 2166 There is much talent in “ Between Sunset s#
2077 2136 2922 2203 and Dawn,? by Hermon Quld. He hes, with
2073 2162 2912 2216 Hauptmann, Gorki, and the vounger French
2075 2209 2912 2268 school, the knack of depieting the lower depth
2077 2251 2906 2304 with swift and simple strokes. The interior
2070 2287 2652 2338 of the doss-house is admirable.
2662 2292 2916 2349 The mother
2065 2304 2905 2381 and the son, who take in the guests, wrangle
2074 2355 2910 2414 about business in rough language, yet there
2076 2394 2899 2454 is rugged affection; the lodgers who come in
2075 2422 2897 2486 bring sadness, plaints, grim jests, accordiig
2073 2467 2902 2525 to purse and mood. Then enters a brow-beaten
2064 2504 2883 2558 little woman, the ill-used wife of one of the
2066 2523 2914 2578 doss-house keeper’s friends. She appeals to
2075 2567 2904 2631 his mind and his senses. Not once in 1i6
2061 2595 2899 2658 thirty years of life had he understood the
2063 2627 2906 2699 meaning of woman. He wants her. He hides
2074 2672 2923 2739 her when the sodden husband comes t##claim
2073 2701 2899 2767 her. He knocks him down, throws him oüt.
2070 2734 2892 2809 He proposes flight and cohabitation to the
2067 2774 2908 2843 wife. But women of darker London worship
2066 2817 2904 2869 violence; they return arms for à fist. She
2074 2852 2897 2909 goes back; she tries to coax her drunken
2069 2882 2902 2950 lord; he threatens to fling the lamp at her
2068 2923 2906 2973 and then she slouchesragain to the doss-house
2066 2953 2895 3009 like a whipped dog, ready for e new life.
2081 2987 2893 3046 " Did vou tell ’im about us?“ asks the new
2064 3018 2893 3088 lover. She wavers, then prevaricates.
2065 3061 2904 3122 " What?“ and a strange thing happens—the
2057 3108 2891 3155 beast is roused in man¬he sees red—he em¬
2060 3136 2901 3197 braces her and plunges a knife into her back.
2048 3171 2901 3230 It is a manifestation of erotomania, accentu¬
2050 3196 2897 3259 ated by Sadism. A distressing exhibition on
2059 3227 2905 3305 the stage. Ascene unfit to be scen and heard.
2068 3271 2881 3337 Very clever—alas, very human, too, but in¬
2052 3317 2907 3367 comprehensible to the bulk of the audience,
2050 3351 2890 3401 better that it should remain ununderstood. It
2055 3378 2897 3442 is bevond the province of art. It belongs to
2058 3413 2891 3474 the Clinique—or the book of learning. Nor
2050 3449 2898 3514 should it be compared witk“ Ghosts“- there
2048 3487 2894 3541 is no ethical groundwork in it—merely the
2046 3502 2886 3583 revelation of a terrible ecret in the human
2053 3560 2889 3622 cupboard. The neting in three instances was
2051 3592 2896 3651 perfect: Mr. Norman MeKinnel once more
2057 3630 2886 3689 condemned to portrav aberration, terribly
2050 3659 2884 3717 realistie: Miss Ada King, a live figure of
2054 3693 2709 3754 netherworld self-sufficiency and
2729 3709 2884 3761 woeful
2052 3731 2879 3793 humour; Mr. Edmond Breon, the image of the
2056 3774 2884 3835 man whom we see Monday after Mondav in
2046 3795 2874 3867 the Marvlebone dock for having exacted wifely
2065 3836 2876 3895 *love, honour, and obedience“ on Sabbath¬
2059 3878 2882 3936 eve when alcohol reigns supreme. Miss May
2048 3912 2883 3976 Blavney rightiy outlined the unfortunate wife
2037 3951 2881 4007 in the first scene. Anon she co swallowed her
2044 3975 2876 4044 words as to become inaudible and played to
2052 4017 2871 4076 the audience instead of her partners. She
2053 4051 2865 4120 used to be artless; ehe has become artificial.
2398 4108 2509 4168 III.
