3484 4352
1479 170 1916 265 box 15/3
741 177 1341 260 ruene Kakadu
258 184 669 284 9.3. Der
504 205 1328 305 1 P   n enen n
1190 354 1244 438 1
2431 361 2653 466 armanme ud
1125 438 2351 528 Cutting from ih  4-4 #e4 #
2330 475 2687 571 Rd
1123 533 1683 635 Address of Publication
1779 596 2312 716 Th. (0.12
1120 629 1444 706 Issue dated —
1986 842 2852 929 without a word being spoken. In
2002 892 2855 975 one of his French plays Irving got an
1126 873 1982 979 THE VAUDEVILLE THEATRE
1985 936 2854 1006 extraordinarily dramatic effect in onc of
1985 989 2861 1064 the revolution scenes by nothing more
1994 1030 2857 1100 than the low, monôtonous beating of an
1220 1022 1908 1124 A CURIOUS PROGRAMME.
1998 1079 2851 1149 unseen drum. It haunted the imagina¬
1981 1114 2857 1189 tion, where the mere shouting and rush¬
1173 1152 2850 1229 The Vaudeville Theatre reopened last- ing hither and thither of a crowd of
2004 1214 2853 1277 supernumeraries would have left it un¬
1134 1225 1983 1289 night with two longish one-act plays, of
2004 1259 2850 1329 touched. However, once more ihe
1137 1282 1988 1334 which the first is called.“ Between Sun¬
2000 1302 2841 1368 audience saw some capital acting, notably
1142 1325 1989 1370 set and Dawn,?’ is in four scenes, and is
1996 1352 2837 1417 from Miss Sarah Brocke, in the part o.
1130 1366 1989 1420 from the pen of Mr. Hermon Quld. Its
1991 1396 2827 1452 the corrupt Marquise, Mr. MgKinnel:
1129 1410 1987 1470 principal figure is one Liz, the young
1994 1431 2820 1514 the actor Henri, and Mr. Malcolm Cher¬
1136 1445 1995 1514 wife of Bill Higgins, a drunkard, to
1997 1490 2519 1558 as the Duc de Cadignan.
1135 1491 1998 1543 whom she has been married for two
2540 1518 2820 1605 H. M. W,
1135 1530 2003 1600 miserable years. When he is sober he is
1136 1580 1987 1647 repellent enough; whien he is drunk——.
1142 1628 1995 1690 So she runs away from him and seeks
1135 1659 1997 1719 shelter in a wretched doss-house kept by
1135 1717 1998 1778 gan appalling Mrs. Harris, whose son Jim
1132 1755 1995 1812 falls in love with her, begs her to throw
1139 1798 1992 1862 in her lot with him, and, after various
1130 1853 2006 1908 rebuffs—for Liz is acutely conscious
1129 1881 2007 1953 of che respectability of the married  state
1151 1939 2004 1994 —succecds. Left alone with her, then,
1140 1977 2003 2042 at twoa.m., he developsta form of erotie
1137 2017 2001 2083 mania, begins smiling strangely, asks her
1133 2061 2006 2126 to kiss him, and while she, leans ner¬
1143 2105 1998 2176 vously forward to obey him, stabs her in
1139 2146 2001 2204 the back, so that she falls dead. The
1136 2199 2009 2264 appalling mother comes, tottering in to
1135 2237 2003 2306 learn what the noise is about, and finds
1131 2284 2003 2353 her son, still smiling, kneeling over the
1136 2338 2009 2401 corpse. On this picture tlie curtain
1136 2370 1276 2436 falls.
1173 2444 2012 2534 The author has done his work with a
1138 2495 1995 2562 good deal of deftness. The characters
1131 2546 1995 2613 of the husband and wife, and’of the hap¬
1138 2590 1995 2662 less Jim, are well drawn, and the story
1131 2640 2009 2703 moves steadily along. His dénouement,
1135 2685 2009 2752 however, is bad art. Such a seizure as
1133 2731 2011 2798 that which turns voung Harris into a
1132 2760 1994 2831 murderer is not suited to the Theatre.
1126 2806 1996 2871 Pity, sorrow, anger, alarm—all these
1142 2858 1999 2914 cmotions may legitimately be excited by
1138 2903 2022 2968 the drämatist; the# indle of Mr. Quld's
1136 2931 2007 2991 play' onlvrevokes asort of. nausen. So
1127 2985 2014 3048 deep a degradation oflthe paragon of
1133 3027 2006 3088 animals?' is more fittingly the theme of
1124 3067 2010 3145 the pathological lecturer than 'of the
1125 3104 2003 3196 dramatist. However, the play was well
1131 3167 2007 3224 received last night, and the applause at
1129 3203 2009 3282 the finish was quite prolonged. Mr.
1130 3246 2008 3315 Norman MeKinnel and Mr. Edmona“
1135 3285 1986 3356 Breon as the“ lover!’ and husband re¬
1136 3333 1997 3412 spectively, and Miss Ada King and Miss
1126 3389 1999 3442 Allce Mansfield asstheir nicely contrasted
1136 3437 2000 3495 old mothers, acted admirablv; but Miss
1135 3475 2007 3522 May Blayney, in the part of Liz, addressed!
1127 3521 2001 3586 her dialogue almost entirely to the
1124 3552 2002 3633 audience, and, consequently,an
1129 3605 2011 3684 scarcely be said to have contributed an
1121 3645 1457 3721 impersonation.
1509 3676 1606 3763 „*
1159 3715 1998 3789 The second play was Arthur
1123 3771 1990 3841 Schmitler's famous grotesque, he
1118 3814 1986 3886 Green Cockatoo,translated into Englich
1129 3875 1984 3931 br Aliss Tenelope Wheeler. The piere
1137 3900 1984 3983 was gi#en last vear br the Stage
1129 3952 1999 4028 Societg but is new to the general play¬
1127 3996 1995 4070 goer. It is rich in suggestion of the
1119 4039 1984 4102 passions which ledup to the French Revo¬
1110 4090 1994 4155 lution, and the way in which jest becomes
1133 4129 1276 4206 — —
