3436 4256
973 140 1885 220 Kakadu box 15//3
699 151 941 216 fruene
212 146 639 238 9.3. Der
459 174 1219 247 e braeneA
619 940 991 1021 S eee  en
2943 985 3135 1064 n
347 984 3157 1050 sich ja um einen Großen in der Geschichte des#er seine Menschen. Die Geschichte ist, wie er esdoch so unendlich viele verborgene Reize,
342 1048 1287 1105 Geistes dieser Welt handelt, kurz einmal sie
1274 1055 1369 1110 sac
1388 1059 1673 1119 ein Behältn
1778 1070 3158 1139 rLeidenschaften, deri stecken so viele Dinge zwischen den Zei¬
339 1085 1189 1147 Frage zu formulieren: was bedeutet uns be
1287 1092 1936 1168 Na#rkräfte. Ich sompre daraus“
2222 1109 2347 1155 len!
2341 1099 2533 1168 Einzig
2655 1110 2833 1167 ka Be
2905 1119 3151 1184 e(Sophie)
328 1119 1196 1192 wo wir nicht mehr als Schmerzverzehrte#
2218 1149 3153 1217 vermittelte starken Eindruck. Sie formte
338 1164 1191 1209 als einem Linderer menschlicher Qualen
1341 1153 2222 1239 Den Inhalt mit kurzen Worten nur: der
2206 1192 3168 1253 das Schicksal dieser heroischen Frau. Sie hatte
331 1212 1167 1263 einem Tröster düsterer Seelen, unmittelbe
1265 1189 2216 1262 Girondist Vallée irrt verfolgt, vom Tode täg¬
2217 1234 3157 1292 die melancholische Grazie, die der Dichter for¬
342 1231 977 1304 sehen, wo wir gewissermaßen —
1276 1246 2214 1301 lich, stündlich bedroht, monatelang durch Frank¬
2218 1267 3159 1319 dert. Lütjohann verdarb sich seine an¬
334 1269 1156 1326 Unverstand, sei es aus Undankbarkeit
1265 1280 2209 1337 reich. Nirgend ein Aufenthalt, die Häscher sind
2215 1299 3166 1370 fänglich gute Leistung durch eine unselige Art,
334 1322 1202 1384 ihm keine aus der Zeimnst heraus gebore
1275 1312 2125 1389 auf seinen Fersen. Wer ihm Unterkunft
2099 1337 2204 1384 ge¬
2211 1336 3082 1396 die letzten Worte dick zu unterstreichen, Geo
339 1359 1249 1434 zwangsläufige Verbindung haben, was ##
1269 1362 2220 1414 währt, verfällt dem Beil. An die Tore seiner
2216 1376 3174 1448 Aug. Koch fehlen die geistigen und seelischen
344 1401 1018 1454 tet uns heute Romain Rolland?
1279 1391 2212 1460 Freunde klopft er vergeblich. Jeder bangt um
2214 1412 3161 1475 Hintergründe der prachtvollen Figur des alten
1273 1433 2224 1502 das eigene Leben. Da kommt Vallée, von der
404 1433 1213 1502 Wenn wir jetzt seinen Namen nennen,
2215 1465 3166 1523 Gelehrten, der die Schicksale von Lavoisier und
1271 1472 2219 1537 Verzweiflung zum Letzten getrieben, auf den
324 1463 1189 1542 denken wir zunächst an den Verfasser des
1205 1420 1263 1538 i
2216 1498 3160 1547 Condorcet nach des Dichters Angabe zügrunde
1261 1503 2205 1577 Gedanken nach Paris in die Höhle der Löwen,
325 1519 1266 1588 der Spannweite seines Kulturhorizontes be¬
2204 1521 3169 1601 liegen, und Harprecht blieb in der kleinen
1267 1555 2211 1618 zurückzukehren. Er will sterben, wenn er noch
338 1561 1268 1606 wunderungswürdigen, großartigen Romans
2219 1576 3169 1646 Rolie des Carnot völlig in einem Schema tra¬
1272 1598 2213 1648 einmal vor dem Tode den Mund seiner Ange¬
331 1603 1275 1652 „Johann Christoph“ und weiter denken wir an
2206 1600 3178 1691 ditioneller Schauspielerei stecken. Als der Vor¬
1272 1627 2208 1691 beteten küssen darf. Diese Frau ist Sophie, die
331 1640 1261 1701 den (seit Madame de Staöl) ersten Franzosen,
2216 1657 3160 1728 hang fiel, wurde man die peinliche Frage nicht
1267 1666 2218 1729 Gattin eines Konventmitgliedes, des berühm¬
337 1674 1263 1734 der den deutschen Menschen, die deutsche Seele,
2222 1694 3172 1750 los: ging da nicht eben an der Seite der beiden,
1271 1710 2218 1774 ten Gelehrten Courvoisier. Sie gewährt Vallée
328 1709 1262 1772 die deutsche Landschaft, die deutsche Kunst, der
2209 1726 3164 1803 die zum Schafott geführt wurden, auch der
1269 1738 2217 1809 Aufnahme versteckt ihn vor seinen Verfolgern.
336 1759 1273 1812 alle diese Dinge im liefsten Kern ihres Wesens
2218 1767 2431 1819 Dichter? —
2510 1782 3163 1837 Trotz allem: ein starker, an¬
1271 1785 2198 1853 In den Armen der geliebten Frau erwacht in
331 1798 1271 1851 erkannt, erfühlt und gestaltet hat! Das will
2221 1809 3159 1888 haltender Beifall grüßte Romain Rollands
1270 1822 2169 1880 Vallée neuer Lebensmut. Er will mit ih
331 1827 1265 1893 viel bedeuten, aber Romain Rolland ist als
2211 1842 2534 1909 neuestes Werk.
1270 1863 2224 1925 fliehen, aber sie weigert sich, da es ihre Pflicht
326 1874 1262 1924 Dichter und Denker von unvergänglicher Größe.
1282 1899 2209 1969 sei, bei ihrem Gatten zu bleiben. Courvoisier,
328 1900 1265 1961 Und über das Leben des Menschen Rolland
1275 1936 2222 2009 dem Konvent seit langem verdächtig wird
2287 1937 3165 2010 Im Anschluß an Rolland gab man ein
329 1949 1263 2003 könnte man (da er ein ausgezeichneter Kenner
1259 1980 2203 2044 denunziert. Man weiß von der Rückkehr Vallées.
329 1988 1270 2045 deutscher Musik ist) vielleicht am treffensten das
2210 1971 3161 2047 anderes Stück aus der französischen Revolution,
1263 2017 2214 2080 ! Die Situation ist unhaltbar. Das Beil des
331 2019 1269 2089 Beethovenwort setzen: „Ich erkenne kein anderes
2221 2017 3159 2096 Arthur Schnitzlers ausgezeichnete Groteske
2215 2043 2311 2106 „D
1269 2055 2213 2110 Henkers schwebt über drei Häuptern. Ein Freund
328 2059 1272 2125 Zeichen der Ueberlegenheit an, als das der
2337 2068 3163 2119 rgrüne Kakadu“, eines der leben¬
332 2084 464 2154 Güte.“
1266 2103 2213 2152 des Hauses steckt dem alten um seiner wissen¬
2211 2095 3158 2162 digsten und farbigsten Theaterstücke, die es über¬
1268 2139 2202 2190 schaftlichen Verdienste hochgeachteten Courvoisier
2220 2141 3157 2208 haupt gibt. Man hat in unseren Tagen bei
408 2134 1276 2216 Reben den Hauptwerken eines fürwahr.
1265 2168 2201 2228 für sich und seine Frau geheime Pässe für eine
2218 2181 3156 2250 mannigfachen Anlässen schon das Gefühl gehabt,
317 2178 1264 2243 zyklopischen Lebenswerkes hat Rolland eine
1262 2204 2205 2280 Flucht in die Schweiz zu. Courvoisier erkennt
2216 2214 3163 2283 daß über den unzeitgemäß redseligen Stücken
328 2225 1266 2284 ganze Anzahl von Dramen geschrieben. Ein
1275 2252 2205 2304 die Liebe seiner Gattin zu Vallée. Er will,
2212 2258 3128 2312 Schnitzlers eine leise Staubschicht lagere. Hier,
322 2268 1270 2329 Dutzend sind es wohl, die, stofflich mit ein¬
1258 2291 2216 2344 ein Weiser und Gütiger, sein Alter dem Tode
322 2292 1262 2356 ander verbunden, einen Zyklus „Theater der
2215 2292 3159 2365 beim „grünen Kakadu“, liegt auch heute noch
1258 2334 2199 2386 opfern und den beiden jungen Menschen zur
2212 2331 3153 2381 keine Veranlassung zu dieser Feststellung vor.
321 2328 1265 2396 Revolution“ bilden. Auch dieses jüngste, im
1258 2362 1636 2428 Flucht verhelsen.
1618 2364 2214 2435 Er drückt, in schmerzlichem
2209 2368 3150 2435 Wenn es nicht so prophetisch klänge — dieses ist
319 2381 1267 2439 Deutschen Schauspielhause gestern abend uraufge¬
328 2409 478 2465 führte
1259 2396 2179 2457 Verzicht auf ein weiteres Leben ohne die ge¬
2210 2407 3161 2466 ein Stück mit unvergänglichen, Zeiten und „Rich¬
645 2404 1200 2472 von Tod und Lieb
173 2303 312 2485 haft.
1264 2443 2208 2497 liebe Frau, Sophie und Vallée die ihm aus¬
318 2431 1265 2504 spielt während der französischen Revolution,
2217 2456 3154 2515 tungen“ überdauernden Reizen. Das Gesieder
1266 2470 2206 2547 gehändigten Pässe in die Hand. Sophies Ent¬
2210 2488 3161 2549 des Kakadus schimmert auf grünem Grunde in
451 2485 1264 2551 t, wie der Dichter im Vorwort zu dem
1259 2517 2213 2577 schluß ist in der Sekunde gefaßt: keine Flucht
2211 2526 3159 2596 tausend Farben. Die uralte Fabel von dem
319 2527 1267 2595 (im Verlage Rotapfel=Zürich erschienenen) Buche
1266 2558 2207 2620 mit Vallée, gemeinsamer Tod mit dem Gatten.
320 2574 1274 2646 sagt: „eine der Tafeln seines Polyptychons von
2199 2555 3150 2612 Bajazzo, der in einer „großen Szene“ schildert,
1262 2598 2216 2654 Vallée ist ein leidenschaftlicher Mensch, der am
2207 2602 3159 2662 wie er den Geliebten seiner Frau ungebracht
323 2606 1267 2670 der Revolution“. Kein weit ausgreifendes,
1265 2648 2216 2693 Leben hängt. Sophies Heroismus ist ihm
318 2641 1265 2712 ideenträchtiges Stück. Kein Revolutionsdrama
2204 2641 3161 2697 hat und es dann wirklich tut, als er hört, daß
1263 2675 2207 2741 fremd. Im letzten Augenblick greift er den an¬
2207 2681 3155 2763 das, was er in schauspielerischer Szene erzählte,
319 2687 1263 2746 im Sinne des Wortes. Nein, das „Spiel von
165 2683 323 2766 eb#t.
1270 2714 2210 2773 gebotenen Paß und flieht. Courvoisier und
2217 2723 2506 2787 Wahrheit ist.
316 2730 1263 2793 Tod und Liebe“ zeigt uns das beklagenswerte
161 2741 315 2813 Enheit:
1261 2758 2215 2799 seine Gattin, untrennbar im Leben, untrennbar
311 2763 1265 2834 Geschick dreier Menschen vor dem blutigen Hin¬
2288 2761 3145 2821 Unter Alex Ottos Leitung eine aus¬
169 2793 319 2847 heißt:
1260 2792 2211 2854 im Tode, erwarten gefaßt, in innigster Ver¬
314 2797 1269 2864 tergrunde der Revolution. Ein ungemein
2217 2812 3157 2883 gezeichnet beschwingte Aufführung, reich an
171 2826 325 2884 s von
1262 2824 2203 2908 bundenheit, die Henker, die sie zum Schaffott
317 2836 1254 2901 liebenswertes, zärtliches, dichterisch tief emp¬
2217 2851 3147 2914 gelungenen Darstellerleistungen. Im Mittel¬
174 2863 316 2933 Juni
1265 2870 1527 2930 führen.
317 2882 1261 2925 fundenes und fein gestaltetes Stück. ein Ein¬
2209 2892 3159 2944 punkt: Marlé als der tragische Henry mit
315 2916 1269 2970 akter, der ganz aus dem gütigen Herzen eines
1335 2922 2202 2981 Von der Aufführung des reizvollen Stückes
2211 2918 3162 2984 vorzüglicher Steigerung bis zu dem jähen, blu¬
323 2944 1271 3018 gütigen Menschen stammt, ein Bild, mit un¬
2212 2968 3149 3031 tigen Ende. Dann Kobler als der Budiker
1262 2959 2205 3023 unter der Regie Otto Werthers ist nicht
310 3004 1261 3056 1 endlich feinen liebevollen Strichen gezeichnet.
2208 3007 3155 3048 mit Theaterbetrieb; der anständige Kerl mit
1262 3000 2206 3052 viel Rühmliches zu berichten. Szenisch sind die
184 3032 317 3088 uns
315 3032 1265 3096 Ein für den Dichter in hohem Maße charakteri¬
2208 3034 3148 3096 den geschäftstüchtigen Sinnen. Von prachtvoller
1259 3041 2213 3100 ungemein genauen Vorschriften des Dichters
201 3074 319 3126 ein
315 3074 1245 3133 stisches Stück. Der Grundzug seiner Seele ist,
1258 3077 2202 3131 sicherlich besser und sinnvoller zu lösen, als es
2203 3087 3164 3153 Wirkung (auch auf die Augen!) die Marquise.
172 3106 314 3162 istigen
322 3116 1266 3172 trotz seiner großen Revolutionsdramen, Weich¬
1266 3128 2206 3191 geschehen war. Interieurs sind nicht Herrn
2207 3123 3151 3180 Käte Wittenbergs, die pervertierte,
166 3154 315 3214 eifrig¬
309 3156 1266 3202 heit. Aus dem blutigen Chaos des zusammen¬
1254 3147 2215 3219 Kerthers starke Seite. Hier hatte er sich in
2203 3158 3140 3211 lüsterne Dame und dann Elly Burgmer
170 3182 320 3240 wir,
313 3194 1264 3239 stürzenden Umsturzes — Danton ist gerade an¬
1249 3195 2199 3260 manchen Dingen vergriffen. Bedeutsamer frei¬
2204 3203 3155 3265 als das Dirnchen Léokadie, eine Personisikation
158 3224 317 3289 ndung
315 3237 1259 3283 geklagt — zucken Blitzstrahlen zwischen drei
1262 3226 2213 3299 lich fällt ins Gewicht, daß man während der
2195 3230 3145 3286 der Geilheit. Daneben eine große Reihe an¬
161 3271 247 3327 hun
309 3274 1270 3342 liebende, gütige Menschen. Ein historisches Stück
1266 3267 2213 3329 ganzen Aufführung nirgend das Gefühl hatte:
2209 3281 3153 3333 erkennenswerter Leistungen, so u. a. von Ell¬
157 3303 310 3356 lch die
312 3306 1232 3374 gewissermaßen, aber keine Umschmelzung ge¬
1256 3303 2203 3368 hier sind Melodie und Rhyihmus der Dichtung
2208 3309 3155 3378 mar, Siems, Favart, Gebhardt,
163 3347 309 3399 amals
307 3355 1262 3403 schichtlicher Begebenheiten in die Form des
1263 3358 2210 3416 erkannt. Von den Darstellern machte eigentlich
2217 3358 3071 3429 Irene Rohan=Stahl, Lilly Hoerl
153 3377 309 3432 et in
313 3386 1264 3450 Dramas. Darauf kommt es an. Rolland ist ein
1256 3387 2211 3452 jeder, was er wollte. Man spielte, wie es in der
2204 3374 3189 3464 Renata Zech usw. usw. Auch der „grüne
156 3428 2210 3492 enheit Dichter, er schafft Eigenes. Die Geschichte gibi | Theatersprache heißt, „Komödie“. Nichts wei¬
2206 3429 2904 3503 Kakadu“ fand stürmischen Beifall.
172 3468 2232 3535 da es ihm eine stoffliche Unterlage. Darauf erschafftter. Und gerade in diesem Stück stecken
2752 3471 3131 3555 Wilhelm Ehlers.
