3484 4480
1659 155 1719 211 U
162 148 1789 246 9. 4. Der gruene Kakadu 1K—
460 922 1477 1058 Rus dem Dresdner Theaterleben.—
441 1045 1560 1113 An Max Dreyer kulm übrigens auch der Anti¬
348 1088 1570 1157 Moderne nicht Anstoß nehmen. So modern männerfeindlich
348 1142 1566 1202 und emanzipirt sich auch sein Hans gebärdet, im Grunde
342 1174 1566 1246 seines Herzens schlummert eine weiblich empfindsame Seele,
345 1245 1559 1285 und es braucht keines allzu großen Apporates, um sie zu
339 1271 1567 1322 wecken. Frau Basté verrieth ein feines Verständniß für
343 1316 1574 1364 diese Eigenart der Figur, indem sie die äußeren Härten des
349 1362 1566 1426 Charakters milderte und dadurch das Erwachen der Unter¬
354 1408 1572 1471 seele glaubhafter machte. Trotz einer sehr ansprechenden Dar¬
340 1439 1578 1516 stellung, die außer von Frau Basté von dem Herrn Wiene
351 1501 1562 1568 (Prof. Hartoa), Herrn Wiecke (Maler Heine) und Herrn
842 1536 1467 1603 sowie von Frl. Politz
350 1538 849 1603 Müller (Großvater),
349 1573 1576 1628 tragen wurde, hat sich das Stück doch nicht
339 1614 1569 1681 länger behaupten können. Ein ähnliches Schicksal war den
343 1662 1579 1744 bekannten drei Schnitzlerschen Einaktern; „Die Ge¬
326 1713 1558 1773 Fährtin“, „Paracelsus“ und „Der grune Kakädu“
344 1738 1572 1805 beschieden, die bei der ersten Aufführung lebhaft
339 1797 1563 1874 fesselten, während bei den Wiederholungen „Paracel¬
1375 1842 1568 1899 meisten
340 1858 1382 1900 sus“ das stofflich sympathischste Stück, am
336 1876 1581 1962 gefallen, das künstlerisch werthvollste aber, die groteske
369 1927 1578 1980 Szene am Vorabend der Revolution, energischen Widerspruch
332 1985 1573 2034 hervorgerufen hat, ein Beweis, wie sehr die Mehrheit des
344 2012 1570 2066 Publikums unter dem Banne des rein stofflichen Interesses
336 2064 1574 2116 steht. Mit um so größerer Spannung mußte man der
213 2061 319 2123 Für
317 2095 1570 2167 1 Aufnahme entgegensehen, die Hauptmanns „Kollege
303 2150 1573 2207 2 Crampton“ finden würde. Nun, die verspätete Ehrung
1579 2158 1634 2231 5.
286 2183 1566 2277 12 des Dichters des hier noch immer nicht aufgeführten
347 2246 1664 2313 „Fuhrmann Henschel“ erwies sich als ein glücklicher Griff, dus
353 2284 1560 2335 obwohl das literarisch ernsthafter interessirte Publikum das
1569 2297 1684 2363 den
234 2314 1572 2369 Abonn Werk natürlich längst kennt, vor Allem aus einer Reihe treff¬
239 2369 1567 2425 Aboob licher Darstellungen, die es vor Jahren im Residenz=Theater
353 2400 1574 2461 mit Engels erlebt hat. Herr Wiene weicht in seiner Auf¬
343 2454 1574 2521 fassung des Kollegen Crampton, dessen Urbilo, wie mir von
340 2511 1561 2561 berufener Seite versichert wird, noch in Leipzig, in sehr ge¬
343 2556 1574 2609 drückten Verhältnissen, lebt, von der Engels' namentlich inso¬
343 2582 1574 2644 fern ab, als er den Grundton schwerer und ernster nimmt
351 2635 1579 2689 und die Trinkerneigung möglichst verschleiert. Die Auffassung
351 2668 1576 2731 ist mehr originell als richtig, wenn sie auch den Glauben
1003 2722 1564 2786 des Malers erleichtert.
344 2719 1007 2787 an eine endgültige Heilung
350 2776 1566 2832 In der Absicht hierauf betont Herr Wiene auch
1320 2801 1573 2874 Cramptons
1049 2798 1149 2858 der
1193 2796 1274 2862 sich
340 2801 1054 2869 den freudigen Optimismus,
338 2838 1572 2919 in der Erwartung des fürstlichen Besuches bemächtigt, mit
346 2893 1566 2958 großer Energie und läßt ihn nach dem Scheitern aller Hoff¬
343 2931 1575 3010 nungen in eine Stumpfheit verfallen, die mehr Folge eines
345 2979 1574 3047 seelischen Zusammenbruchs scheint, als eine solche in Folge
339 3023 1570 3080 körperlicher Ausschweifungen. Der Hauptmannschen Idee steht
350 3056 1568 3133 ohne Zweifel Engels' von prächtigem Humor und Gemüths¬
340 3115 1573 3168 leben erfüllte Darstellung näher. Das künstlerische Ereigniß
337 3173 1579 3215 der nächsten Wochen wird Maeterlincks „Pelleas und
344 3203 1574 3265 Melisande“ sein, mit dessen Aufführung das königliche
351 3251 1577 3306 Schauspielhaus allen öffentlichen Bühnen mit Muth voran¬
351 3287 1574 3359 geht. Außer den erwähnten Neuheiten brachten die letzten
346 3331 1579 3382 Wochen im Schauspielhaus Neueinstudirungen von Holger
347 3386 1569 3437 Drachmanns Märchenspiel „Es war einmal“ in der
348 3415 1562 3491 Zschaligschen Uebersetzung, von Meilhacs „Gesandtschafts¬
335 3469 1583 3542 attaché“ mit Herrn Stahl in der Titelrolle, von Shake¬
324 3529 1560 3603 speares „Wintermärchen“ und eine Erstaufführung von
331 3583 1568 3654 Hugo Lubliners anspruchslosem Lustspiel „Das fünfte
333 3638 514 3705 Rad.“
1919 132 2346 227 box 16/1
2258 803 2643 866 Telefon 12801.
1943 885 2968 985 Unternehmen für Zeitungs-Ausschnitte.
2825 950 3012 1026 Ausschoilt
2105 979 2758 1115 „OBSERVER“
2791 984 3116 1115 Nr. 37
1713 1107 3172 1187 I. österr. behördl. conc. Bureau für Zeitungsberichte u. Personalnachrichten
1901 1174 2993 1258 Wien, IX/1. Türkenstrasse 17.
2134 1253 2763 1329 Filiale in Budapest: „Figyelé“
1810 1337 3094 1412 Vertretungen in Berlin, Chicago, London, Newyork, Paris, Stockholm.
1725 1442 2254 1520 Ausschnitt aus:
1723 1583 2127 1682 vom 17%0
2166 1835 2720 1931 Kunst und Wissenschaft.
1911 1892 3041 1972 * Der äußere Erfolg des interessanten Einakter=Cyklus von
1834 1933 3038 2005 Arthur Schnitzler, der bei der Erstaufführung im Königl.
1928 1994 3043 2039 fschauspiel durch die plötzliche Erkrankung des Herrn
1835 2032 3049 2069 Blankenstein nicht unbedenklich gefährdet wurde, hat eine auffällige
1838 2072 3025 2113 Wandlung durchmachen müssen. Einen mehr oder minder starken
1842 2113 3022 2157 Achtungserfolg erringt noch immer das Schauspiel „Die Gefährtin“,
1845 2134 3039 2200 dessen großer Stimmungsgehalt auch diejenigen Zuschauer in
1838 2179 2985 2218 den Bann des Dichters zwingt, die sich — und das mit Recht¬
1840 2214 3034 2262 gegen ein derartiges Dramatisiren spezifisch novellistischer Stoffe
1851 2258 3031 2310 wenden. Der zweite Einakter „Paracelius“, das harmlose Vetsspiel,
1840 2280 3039 2357 das eine Episode aus dem Leben des Wundermannes Theophrastus
1842 2329 3026 2379 Hohenheim zu einem hübschen, aber keineswegs bedeutenden Bühnen¬
1840 2365 3038 2415 Vorgang ausgestaltet, findet Abend für Abend den meisten Beifall:
1848 2402 3031 2442 man hat seine Freude an der frischen Darstellung der Novität und
1847 2436 3029 2492 läßt seinem Lachbedürfniß hier nach Herzenslust die Zügel schießen.
1854 2478 3037 2530 Sehr bös ist es der Groteske vom „Grünen Kakadu“ seit der Première
1842 2517 3025 2567 gegangen, die so gar nicht nach dem Geschmack des Publikums ist, das
1840 2557 3033 2609 über die Brutalitäten des Sujets ganz den Werth des Kunstwerkes
1839 2598 3022 2642 vergißt und die ja gewiß nicht zahme und erbauliche „Mord¬
1839 2626 3029 2671 geschichte“ rundweg ablehnt. Vorgestern Abend wurde sogar dermaßen
1847 2672 3035 2717 gezischt, daß sich der Vorhang nur mit Mühe und Noth
1837 2699 3022 2754 einmal heben konnte. Das ist, ganz abgesehen davon, daß
1835 2741 3026 2796 es immer bedauerlich bleibt, wenn man wegen einiger nicht
1835 2777 3027 2839 gerade „hoftheatermäßigen“ Aeußerlichkeiten die Arbeit eines ohne
1834 2814 3017 2870 Frage bedeutenden dichterischen Talentes einfach verwirft,
1835 2847 3020 2907 schon um der Darsteller willen nicht sehr erfreulich, die sich geiade
1841 2880 3032 2941 mit dem „Grünen Kakadu“ in zahlreichen Proben die denkbar
1738 2909 1822 2977 Für
1845 2930 3119 2986 größte Mühe um den Erfolg der Gioteske gegeben haben. give
1835 2961 3097 3027 Namentlich die Leistungen der Herren Wiecke (Henri), Müller so.
1831 3004 3101 3052 (Vicomte von Nogeant), Gebühr (Chevalier de la Tremouille), sar
1827 3042 3145 3109 Gunz (Grasset). Eggerth (Scaevola) und daneben vor Allem des Herrn gans.
1817 3075 3004 3128 (René, der in einer ausgezeichneten Verbrechermaske den Strolch
1822 3121 2993 3169 Grain spielt, müssen Jeden dem Stück einen ungetheilten Erfolg
3005 3117 3076 3185 ist
1829 3144 2763 3198 wünschen lassen. Auch der neue Herzog von Cadig
2954 3172 3181 3253 zu bes den
1736 3175 2736 3228 bon der Première Herr v. Winterstein vom „Deutsche
1734 3214 1841 3268 Abo
2936 3222 3014 3278 keit
1827 3215 2738 3278 Berlin gab und den jetzt Herr Waldeck mit gesund
1823 3273 2747 3329 verkörpert, trägt das Seine zum Gelingen bei. Schade
2867 3266 3017 3318 tan vor¬
1830 3285 3038 3368 gestern im Text nicht immer ganz sicher war; so stolperte Herr?
1822 3343 3020 3397 Wiene beinahe über jeden französischen Eigennamen, während Herr
1824 3374 3039 3436 Gunz, sonst ein samoser Bramarbas von Philosophen, die Stich¬
1833 3409 3030 3457 worte dem wackeren Prospeère bisweilen zu spät brachte. Der
1830 3457 3021 3501 Schluß des Werkes hat an Größe der Wirkung durch ein rascheres
1823 3483 3030 3536 Ineinandergraffen der zahlreichen Spieler um ein Bedeutendes
1802 3525 2051 3596 gewonnen.
