3624 4256
620 178 1205 275 ruene Kakadu
473 234 1205 308 #mmemmnmmmunsnnmun
122 227 526 324 9.3. Der
1344 138 1765 236 box 15/3
2076 10 2895 79 braces her andl plunges a kute into her back.
2079 41 2899 114 It is a manifestation of erotomania, accentu¬
2077 69 2901 158 ated by Sadism. A distressing exhibition on
2084 120 2918 185 the stage. Ascene unfit to be seen and heard.
2097 143 2916 224 Very clever—alas, very human, too, bur in¬
2090 188 2925 255 compreisgasible to the bulk of the audience,
2083 222 2920 312 better that it should remain ununderstood. It
2091 248 2921 325 is bevond the province of art. It belongs to
2093 277 2924 367 the Clinique—or the book of learning. Nor
2099 317 2933 393 should it be compared with“ Ghosts“'; there
2106 357 2931 435 is no ethical groundwork in it—merely the
2102 399 2941 462 revelation of a terrible secret in the human
2091 423 2939 511 cupboard. The aeting in three instances was
2102 459 2941 540 perfect: Mr. Norman MeKinnel once more
2104 490 2940 588 condemned to portray aberration, terribly
2112 521 2944 613 realistie; Miss Ada King, a live figure of
2792 556 2948 608 woeful
2120 575 2771 643 netherworld self-euffieiency and
2114 595 2951 682 humour; Mr. Edmond Breon, the image of the
2122 630 2959 715 man whom we see Monday after Mndar in
2130 667 2957 747 the Marvlebone dock for having exacted wifely
2123 711 2958 788 ##love, honour and obedience“' on Sabbath¬
2124 744 2970 812 ere when alcohol reigns supreme. Miss May
2128 767 2967 852 Blavney rightly outlined the unfortunate wife
2133 809 2950 891 in the first scene. Anon she eo swallowed her
2133 847 2954 918 words as to become inaudible and played to
2142 880 2952 958 the audience instead of her partners. She
2140 915 2959 1004 used to be artless; she has become artificial.
2508 986 2609 1043 III.
2173 1009 2972 1094 * Then came the world-famed Green
2145 1056 2971 1123 Cockatoo,' which has spent some ten vears in
2147 1084 2990 1174 crossing the Channel. Will people understand
2154 1120 2985 1193 it, thie grandly fantastic caricature of Paris
2152 1158 2980 1240 before the Place de la Grève became a by¬
2158 1183 2985 1266 word? Then, as now, the aristocracy loved
2156 1213 2995 1300 Pexeursions into the lower depths, or what is
2165 1263 2983 1341 represented as Bohemia. But now theretis no#
2167 1300 2988 1381 danger to descend, at Montmartre, into
2170 1344 2991 1414 boites where opprobrious names are a
2161 1367 2994 1445 cherished manner of welcome. But in 1789,
2180 1406 2999 1498 on that July 14 when the people rose as if by
2174 1444 3002 1519 magie to storm the Bastille, there was a
2174 1466 3007 1554 danger fer the counts and the dukes to enjoy
2178 1513 3005 1589 in the eine cellar of the Green Cockatoo
2174 1547 3004 1629 the antics of a band of unemployed actors ape¬
2183 1581 3017 1675 ing erime, apeing revolution for the delecta¬
2179 1611 3007 1704 tion of the noblesse. Even the actors them¬
2184 1656 3017 1740 selves did not know how far the fun meant
2555 1688 3014 1762 When Henri, the pet
2180 1720 2547 1776 serious business.
2188 1730 3014 1806 tragedian, newly wedded to Leocadie, and
2199 1752 3023 1853 deadly jealous, feigned the murder of his rival
2188 1801 3020 1882 üthe Duc, he hardly realised that, in a few
2192 1833 3025 1916 minutes, he would hear that what he had
2196 1869 3021 1949 mimieked was the truth. The truth which im¬
2195 1891 3029 1989 pelled real murder when the Dukercame to
2204 1942 3027 2025 the cellar to join his companions, who ap¬
2206 1971 3032 2070 plauded when he fell at his effort in acting.
2218 2006 3036 2105 Nor would they believe the manisc when he
2210 2047 3035 2141 #stormed in and told them incoherently that
2213 2074 3040 2159 #he Bastille had fallen. Had not the people
2222 2112 3042 2206 withont uttered murderous cries they would
2213 2149 3051 2249 have gone on carousing with their folk
2226 2183 3049 2267 enemies. Now they beat a hasty retreat. Let
2222 2221 3045 2314 them go, said the companions, their time will.
2227 2249 3052 2347 come eure enough. It was weird and wonder¬
2234 2293 3060 2385 ful. It taxed the brain, it kindled imagina¬
2236 2309 3110 2411 tion. How mad, yet how tragic it was. What,
2242 2360 3064 2453 boldness of dramatie painting—it reminded
2247 2400 3066 2488 oue of Meissonier—painted in words; and the
2244 2441 3060 2522 translation of Miss Penelope Wheeler never
2240 2457 3074 2571 betraved foreign origin. It might have been
2247 2507 3088 2603 an English play; I wish it had been that and
2249 2570 2658 2644 just a little shorter.“
2279 2567 3091 2664 It may seem to my r#ader that this come¬
2253 2608 3078 2701 what enthusiastic impression was derived from
2265 2650 3084 2746 the production at the Vaudeville. And I wish
2270 2684 3080 2782 that I could give the reply affirmative. But,
2274 2720 3087 2823 unfortunately, what I write above is the ap¬
2259 2747 3110 2867 preciation of the remarkable production of
2269 2794 3096 2888 the Stage Society, which introduced Schnitz¬
2274 2836 3095 2913 ler’s work to England. Although it was in no
2275 2859 3103 2952 wise perfect, there was at least an attempt ab
2282 2898 3091 2987 orchestration of voice and situations; there
2283 2932 3118 3025 was, to a certain extent, to be observed thef
2271 2974 3112 3080 dominating hand of a stage manager with a
2289 3010 3109 3097 definite conception of the play. In the re¬
2274 3036 3118 3127 vival there was nothing of that kind; it was
2278 3077 3118 3170 a pieture of the French Revolution as it has
2289 3111 3122 3219 lived for years in ridiculous absurdity in the
2292 3151 3118 3239 traditions of the theatre. The French Revo¬
2293 3188 3131 3280 Iution was emphatically not an orgy of beer
2290 3226 3121 3328 and alcohol, it, was an orgy of fanaticism,
2294 3268 3135 3363 roused by the oppression of centuries. The
2314 3294 3135 3387 artist who wishes to pieture this on the stage
2303 3326 3136 3416 should bear in mind the difference of effect:
2311 3366 3138 3457 mere drunkenness leads to hullabaloo,
2314 3400 3140 3496 freuetic enthusiasm for a cause graduates into
2315 3443 3142 3528 #tumult like a rising etorm. At the Vande¬
2315 3476 3143 3557 ville it was all noise, to say nothing of the
2313 3510 3145 3591 handicap of a small stage and clumsy setting.
2323 3526 3156 3622 Words were drowned and characters seemed
2319 3577 3151 3677 toexpress themselves powerlessly in general
2335 3596 3166 3705 vociferation. Such as could rise above the
2335 3629 3157 3740 din, like Mr. Norman MeKinnel, powerkul
2337 3685 3162 3772 as the actor, like the Duke of Mr. Malcolm
2337 3713 3172 3803 Cherry, a figure of distinction in a motley
2337 3766 3172 3848 stmosphere, left fragmentary impressions of
2348 3790 3164 3880 what the play really was. But, on the whole,
2347 3838 3177 3926 Schnitzler’s work had become melodrama in¬
2354 3869 3175 3960 stead of a subtie vision in miniature of a new
2339 3927 2821 3996 epoch in French history.
