3436 4256
770 151 1301 218 uene Kakadu
225 156 1291 261 9.3. Der ae
497 930 1315 1132 de Pacherdten esdiesgei,
625 1092 1153 1165 Der grüne Kakadu.
404 1148 1368 1210 Groteske in einem Akt von Arthur Schnitzler.
405 1178 1248 1266 Auf die ergriffene, religlare Smmun
355 1223 1408 1307 Stückes wirkte der folgende Einakter wie ein Faustsch
360 1258 1402 1344 Es war ungefähr ein ähnlicher, durch rein äußerliche
356 1293 1394 1380 Beweggründe verursachter Verstoß gegen den guten Ge¬
352 1339 1403 1420 schmack, wie die Verkuppelung des „heiligen Nepomuk“
356 1374 1393 1460 mit dem „Schlachtenlenker“. Man hätte wirklich wagen
345 1421 1390 1500 dürfen, mit dem Ende von „Hanneles Himmelfahrt“
336 1459 1393 1538 den Abend zu beschließen. Damit ist natürlich nichts
337 1505 1402 1591 gegen das Stück als solches gesagt, in dem die elektrisierte
329 1578 1380 1664 Spannung der französischen Revolutionstage zittert und
325 1607 1387 1702 sich in leidenschaftlichen Ausbrüchen Luft macht. Im
327 1662 1391 1752 Gegenteil, Schnitzlers Drama ist von unheimlicher Aktua¬
331 1685 470 1757 lität.
398 1734 1381 1820 In den Gassen und Schenken von Paris gährt die
317 1776 1382 1849 Empörung; das Volk ist erwacht und erhebt sich offen
316 1813 1377 1884 oder im Versteckten ge en die Willkür des „ancien ré¬
322 1852 1376 1939 gime“ Eine vergnügungsvolle Genießer= und Lobewelt
327 1891 1362 1971 sucht immer stärkern Newvenkitzel. Deshalb mimt der ehe¬
319 1932 1359 2008 malige Schauspieldirektor Prospère in seiner Schenke
459 1967 1368 2040 eigen Gästen mit seinen „Künstlern“ das Treiben
479 2005 1368 2100 Verbrecherkeller vor. Aber aus dem Spiel wird
318 2040 1359 2138 plößzlich blutiger Ernst. Dei leidenschaftliche Schauspieler
325 2087 1368 2163 Henri, dei eben alles mit der Schilderung eines Mordes
307 2116 1357 2211 aus Eiforsucht so stark in seinen Bann gebracht hat, daß
306 2161 1362 2241 elbst der Wirt=Direktor an die Wahrheit glaubt, merkt aus
308 2199 1362 2291 den erregten Worten der ihn Umgebenden, daß ihn seine
298 2224 1354 2310 Frau wirklich mit dem Herzog von Cadignau, seinem
293 2281 1344 2363 Gönner, den er als von ihm getötet ausgegeben, betrogen
292 2309 1353 2405 hat, und, als dieser im Tumult der vom Bastillesturm
297 2359 1357 2442 triumphierend heimkehrenden Pariser die Schenke be¬
290 2394 1348 2488 tritt, stößt er ihm den Dolch ins Herz. Was bedeutet
295 2423 1346 2504 nun das Loben dieses Herzogs? — „Freiheit“ brüllt der
287 2465 1355 2556 Pöbel, und die von wohllüstigem Kitzel erfaßten Adeligen
290 2499 678 2564 müssen fliehen. —
676 2524 1347 2598 Eine jäh ansteigende Kurve führt
286 2546 1347 2652 den Einakter zu grell dissonierendem Schluß; die dumpfe
276 2574 1333 2668 Spannung löst sich in blitzartig aufzuckender Entladung.
334 2633 1322 2714 Gespielt wurde ausgezeichnet; doch würde es zu weit
270 2632 1327 2743 führen, die vielen Mitwirkenden alle einzeln zu nennen,
265 2691 1333 2797 zumal es im Stücke weniger auf die Einzelrolle als auf
266 2737 1328 2814 das außerordentlich bewegte Ensemble ankam. Alexan¬
261 2758 1335 2862 der Mossi als Henri zeigte sich von seiner vorteil¬
278 2807 1336 2889 haftesten Seite; glühende Leidenschaft, spielerische Ge¬
275 2850 1336 2953 wandtheit und der reißende Elan des Raubliers im
274 2881 1326 2984 Affekt zeichneten seine Darstellung aus. Famos waren
267 2925 1308 3015 ferner Karl Kusterer als Prospère und Maria Vera
268 2970 1337 3073 als Severine. Einige Nebenrollen waren übersteigert;
262 3003 856 3079 Grotesle heißt nicht Karikatur.
313 3055 1358 3147 Brausender Dankesbeifall quittierte den Genuß des —
244 3069 445 3159 Abends.
1449 138 1871 229 box 15/3
1907 520 2988 594 Telrheater, Kunst und Literatur.
2015 586 3061 643 („Der grüne Kakndu".) Der Vorabend des ersten Ma
1884 611 3052 679 war auch im Theater dem Arbeitersewerage gewidmet und ent
1880 656 3045 721 sprach dessen revolutionären Charakter. Nach der „Mignon“
1875 694 3070 753 Ouvertüre trug Herr Siegert als Prolog das Gedicht „Helden
1883 739 3072 793 unserer Zeit“ aus den „Proletarierliedern“ von Maurice von
1886 766 3066 831 Stern vor, sich auch diesmal als Vortragskünstler von Feuer
1879 807 3070 879 und Schwung bewährend; dann folgte die Aufführung von Artur
1891 851 3068 914 Schnitzlers Groteske „Der grüne Kakadn“, dem sich
1881 878 3069 946 das Dramo „Freiheit“ von Herbert Kranz anschloß. „Der
1891 927 3079 968 grüne Kakabu“ der wohl seit etwa 20 Jahren auf unserer Bühne
1887 967 3078 1024 nicht gegeben wurde, ist der dritte von drei Einaktern, die der
1888 999 3081 1059 Dichter 1899 erscheinen ließ und denen er als gemeinsames Motto
1885 1035 3075 1092 den Vers aus dem ersten („Paracelsius“) voraussetzte: „Wir spielen
1887 1082 3074 1136 immer; wer es weiß, ist klug“. Spiel und Wirklichbeit wirbeln
1882 1111 3075 1174 denn auch im „grünen Kakadu“ bunt durchemander, den der
1881 1154 3072 1214 Dichter eine Groteske nennt und der eigentlich als Tragödle endet.
1880 1183 3068 1246 Grotesk ist wohl vor allem der Schauplatz des Stückes, die Wein¬
1890 1221 3091 1297 spelunke „zum grünen Kakadu“ des ehemaligen Theaterdirektors
1880 1268 3077 1334 Prospere in Paris, der als Wirt sein früheres Gewerbe noch
1890 1306 3073 1366 fortsetzt, indem er seine frühere Schauspielertruppe in seiner
1881 1334 3071 1403 Weinstube allabendlich auftreten läßt. Sie spielen da Mörder,
1889 1373 3075 1436 Brandstister, Diebe und Dirnen und überbieten sich babei in der
1889 1422 3078 1481 Schilderung ihrer ersundenen Missetaten. Der Wirt und Direktor
1885 1442 3074 1510 spieck natürlich mit und so gewinnt diese originelle Knelpe das
1883 1493 3081 1555 Auslehen einer wirklichen Verbrecherherberge. Das Geschäft
1892 1529 3074 1580 Prosperes rentiert sich. Vel ihm versammelt sich allnächtlich ein
1885 1578 3070 1615 hochelegantes Publikim, der ganze durch raffiniertesten Ledens¬
1893 1608 3086 1667 denuß entnervet, durch galante Liebesabenteuer entsittlichte Adel
1886 1644 3086 1705 Frankreichs, die Herren des königlichen Hofes Ludwig des XVI.,
1892 1678 3078 1732 de durch die blutrünstigen Tiraden der Verbrecherkomödianten ihre
1894 1732 3081 1787 erschlassren Nerven wieder aufpeitschen lassen wollen. Selbst
1888 1762 3088 1821 eine echte Marquise erscheint, von ihrem Gatten und ihrem Ga¬
1889 1795 3077 1859 lan begleitet, um hier das Gruseln zu lernen. Auch der Wirt er¬
1880 1843 3080 1905 götzt sie, der die Herren Kavaliere mit Titeln wie „Schweine“.
1887 1884 3087 1934 „Hunde, „Schurken“ und ähnlichen Ehrennamen belegt und ihnen
1888 1916 3074 1969 für die allernächste Zeit das Aufgehängt= und Ersäuftwerden durch
1897 1954 3083 2026 das Volk in Aussicht stellt Die hochgeborenen Herren lachen sich
1894 2000 3062 2045 krank darüber, sie merken in ihrer Verblendung nicht, daß in
1883 2035 3068 2083 dieser Hinsicht wenigstens der gute Prospere seine wahre Gesin¬
1889 2068 3075 2119 nung und damit die Gesinnung des Pariser Volkes ausdrückt.
1882 2116 3074 2168 Denn während sich die Herren derart vergnügen, überhören sie
1887 2152 3075 2197 das Grollen des nahenden Sturmes der schon vernehmlich an die
1887 2183 3079 2242 Türe pocht. Denn es ist der Vorabend der großen Revolution,
1888 2231 3077 2287 der Abend des 14. Juli 1789, an dem das ergrimmte Volk die
1897 2264 3072 2310 Gesängnisse der Bastille erbrach. Und an diesem Tage wird das
1896 2308 3079 2358 Spiel gräßliche Wirklichkeit, in der Spelunke Prosperes wie auf
1892 2339 3082 2379 den Straßen in Paris. Der erste Schauspieler Prosperes, Henri,
1888 2368 3070 2436 der tags zuvor die schöne Leocadie geheiratet hat, spielt an diesem
1900 2421 3078 2470 Abende den Gästen einen Mörder aus Eifersucht vor. Er habe,
1908 2456 3069 2518 so erzählt er, den Herzog von Cadignan getötet, weil er ihn bei
1888 2482 3076 2535 seiner jungen Gattin überrascht hat. Henri spielt so glänzend,
1889 2523 3070 2578 daß selbst Prospere dessen Erzählung für wahr hält, um so mehr
1887 2552 3144 2638 als er weiß, daß der Herzog wirklich zu den vielen Liebhabern 1
1890 2616 3081 2665 Leocardies gehört, und in seiner Erregung verrät er dem noch ün¬
1888 2644 3083 2686 wissenden Henri diese Tatsache. Im selben Augenblicke tritt der
1892 2683 3094 2743 totgesagte Herzog ein. Henri stürzt sich auf ihn und ersticht ihn.
1885 2724 3106 2767 Das, was er früher erdichtet ist Wahrheit geworden. Ebenso
1889 2757 3083 2823 aber auch die Prophezeiungen. Prosperes. Die Bastille ist gefallen,
1883 2792 3085 2856 die Revolution ist ausgebrochen, das Vosk dringt herein, an der
1890 2841 3082 2891 Leiche des Herzogs läßt man die Freiheit leben, während das
1889 2871 3086 2932 adelige Publikum erschreckt davoneilt. Bei uns in Linz tat man
1893 2909 3086 2946 noch ein Uebriges, man ließ das Volk die Marseillaise singen.
1890 2940 3080 2995 Das hat aber Schnitzler nicht vorgeschrieben denn er wußte wohl,
1883 2992 3080 3042 daß die Marseillaise am Tage des Bastillensturmes noch gar nicht
1888 3013 3090 3086 existierte. Sie ward erst drei Jahre später, 1792 in Straßburg
1894 3063 3086 3141 von Rouget de Lisle als Schlachtgesang der republikanischen Rhein¬
1887 3102 2205 3158 armee gedichtet.
2018 3138 3081 3196 gist ein außerordentlich wirksames Stück, das Schnihler
1888 3179 3083 3238 mit seinem „grünen Kakadu“ geschrieben hat, aber nicht leicht auf¬
1882 3224 3083 3276 zuführen Bei der stark verknoteten Handlung, bei dem raschen
1893 3252 3071 3301 Tempo, desten es bedarf, bei den vielen Personen, müssen die
1890 3289 3079 3341 Reden schnell folgen, alles muß klappen und doch jede einzelne Rede
1881 3336 3080 3379 sich scharf und verständlich von der anderen abheben. Das war
1890 3376 3077 3416 leider diesmal nicht der Fall; empfindliche Stockungen gab es,
1889 3410 3073 3453 manches wurde ganz verwischt, manches nur halb gebracht. Offen¬
1890 3446 3076 3486 bar hatte man dem Spielleiter zu wenig Zeit für die Proben
1882 3484 3078 3538 gegeben. Dagegen war die Szene sohr charakteristisch auf¬
1891 3524 3078 3580 gebaut. Von den vielen Mitsvielenden sei insbesondere Herr
1887 3560 3080 3610 Siegert als Henri hervorgehoben, der die richtige Mischung
1885 3600 3080 3651 von Pathos und Empfindung traf, dann Herr Hohenau als ele¬
1887 3640 3075 3698 ganter Herzog, Herr Freytag al: Wirt und Theaterdirektor,
1885 3680 3078 3714 dann in bunter Reihe die Damen Windhaag und Troll, die
1873 3703 3074 3774 Herren Ewald Holitzer, Wacha, Pammer, Farkas Doppfer,
1873 3744 3074 3801 Odda usw. Das Publikum nahm das Stück mit Begeisterung auf.
1883 3777 3068 3846 Ebenso das folgende Drama „Freiheit" über das wir schon
1873 3821 3079 3873 seinerzeit gesprochen und dessen vorzügliche Darsteklung wir schon
1873 3868 2227 3930 verzeichnet haben.
2819 3863 3036 3935 Dr. K. G.
2385 3871 2493 3951 —
2569 3877 2881 3947 „
