3436 4256
2120 164 2590 267 hox 15/6
329 168 1967 263 9. 4. ber pruehe Kakadn ZvkIns
926 728 2334 819 ad Dent P ateii scwir „nd Aintr leicht eilie.. U. ll. . —
1113 789 1526 853 unter den Trümmern.
918 795 1100 861 igramm
1175 813 2334 887 Im Deutschen Theater wurden am Sonnabend drei Einakter
930 862 1095 928 renden
1107 877 2335 916 von Arthur Schnitzler zum ersten Male aufgeführt. Witz und
919 915 1099 969 Jewun¬
1116 937 2338 983 ein gewisser Esprit haben an ihnen lebhafteren Anteil, als Empfindung
923 958 1101 1011 anischen
1117 974 2330 1039 und starke Anschaulichkeit. Auch an dem tragisch gemeinten Spiel
926 1001 1095 1052 mpit zu
1106 1024 2328 1092 „Eine Gefährtin“, einem Rückblick auf eine hohle Ehe. Es gefiel;
925 1039 1097 1108 zu Ver¬
1110 1068 2340 1133 weit lauter indeß war der Erfolg der Groteske vom „Grünen
954 1113 1104 1174 hinzu,
1104 1120 2336 1185 Kakadu“, einem Stimmungsbildchen aus der französischen Revolution.
933 1163 1103 1219 er Re¬
1111 1167 2333 1236 Am wenigsten wirkte die zierlich gearbeitete Komödie „Paracelsus“
918 1204 1100 1262 id der
1111 1220 2294 1277 trotz der frohen und derben Humore von Kainz und Nissen. X.
926 1246 1100 1306 er der
1186 1271 2322 1342 Frankfurt a. M., 29. April. Abds. Effekt.=Soz. (Schluß.) Oesterr¬
939 1286 1105 1366 keiten
1118 1343 2259 1393 Kredit 222,90, Franzosen —.—. Lombarden 26.80, Ung. Goldr. —
1042 1343 1104 1389 S:
1120 1364 2336 1420 Gotthardlb. 145,30, Deutsche Bank 213,20, Diskonto=Lomm. 197,20,
1042 1385 1098 1435 rs
1108 1419 2332 1466 Dresd. Bank 161,90, Berl. Handelsgesellsch. 166,90, Bochumer Gußst.
1207 1456 1529 1513 Dortm. Union
1625 1459 2327 1516 Gelsenkirchen 202,10, Harpener 199,50,
1037 1470 1102 1523 nd
1113 1468 1661 1555 Hibernia 222,70, Laurahütte
1788 1497 2033 1553 Poringiesen
2138 1495 2330 1545 Italien.
966 1514 1099 1572 Dank¬
1116 1506 2335 1595 Mittelmeerb. —.—, Schweiz. Centralb. 143,50, Schweiz. Nordost.
927 1559 1069 1621 nph.
1114 1570 2162 1631 100,00, Schweizer Union 77,50, Italien. Meridionaux
935 1605 1108 1660 ilso ein
1101 1596 2349 1680 Italiener 94,80, Schweizer Simploub. 88,50, 6proz. Mexikaner
931 1647 1973 1731 je Be-1—.—, Schuckert 237,00, Northern —.—, Fest.
2041 1812 2119 1892 90
1222 1764 1848 1975 Nernereee,
1494 2335 2324 2436 nort die Zenstergatdinen 1.#age Mronem
1125 2361 1317 2459 ##stleckte.
988 2391 1136 2473 2 ihren
954 2461 1129 2511 gebracht
1332 2444 2138 2524 Kunst, Wissenschaft und Literatur.
926 2497 1129 2554 da ihnen
1201 2481 2324 2568 E.Z. Von Arthur Schnitzler, dem Dichter der „Liebelei“,
921 2539 2339 2615 tor Giers= sind gestern im Deutschen Theater drei einaktige Stücke mit
926 2572 1127 2628 it ist, hat
1131 2587 2338 2661 vielem Beifall gespielt worden. In ihren Stoffen grundver¬
927 2615 1112 2669 und auf¬
1122 2640 2342 2699 schieden, zeigen sie die Begabung des Autors, der in seinen
955 2654 1120 2707 u behag¬
1131 2675 2335 2745 späteren mehraktigen Arbeiten unsicher wurde, wieder auf voller
960 2694 1119 2745 in den
1127 2718 2337 2779 Höhe im engeren Rahmen. Wienerisch, wie Schnitzler bisher
945 2732 1111 2785 rd. Zu¬
954 2770 1120 2823 erstraße
1130 2757 2351 2846 immer erschien, ist nur das kleine Schauspiel „Die
952 2806 1112 2861 Polizei¬
1118 2802 2343 2893 [Gefährtin“ gedacht, in dem ein Professor nach der
964 2848 1121 2914 verlegt
1116 2848 2334 2922 Beerdigung seiner Frau feelisch mit ihr und dem
1119 2894 2321 2966 Hausfreunde abrechnet, eine Studie aus einem Trauer¬
961 2944 2337 3012 auf der hause, niederdrückend und doch nicht monoton, die durch Herrn
974 2963 2329 3052 siebzig Nissen schauspielerisch gestützt wurde. Das groteske Ver¬
979 3004 1128 3071 jesagt.
1119 3025 2331 3090 brecher= und Sensationsstück „Der grüne Kakadu“, das
982 3045 1106 3093 lit der
1114 3063 2328 3145 mit tollem Uebermuth einsetzt und mit einem tod¬
985 3081 1101 3133 t dem
1030 3124 1108 3172 ein
1120 3109 2337 3174 bringenden Dolchstoß endigt, hat die Erstürmung der Bastille
990 3160 1100 3210 nisch¬
1115 3157 2338 3223 zum Hintergrund und gefiel mit Herrn Kainz in einer
989 3197 1116 3258 hatte
1123 3197 2333 3272 sich wild steigernden dramatischen Scene vielleicht gerade deßhalb,
997 3235 1116 3291 der
1110 3244 2324 3314 weil sich dabei die Cenfur wieder einmal bemerkbar gemacht
995 3290 2330 3361 esell- hatte. Das letzte „Paracelsus“ ist ein witzig aufgebautes
996 3318 1105 3367 Frs.
1117 3326 2327 3406 Versspiel, dem Herr Kainz mit seiner köstlichen Mephisto¬
1011 3361 1098 3405 von
1112 3373 2319 3452 maske und seinen hypnotischen Kunststücken das Interesse des
1011 3395 1101 3455 Er¬
1106 3407 2325 3500 Publikums sicherte. Auf die geistreichen drei Sächelchen
1101 3458 2267 3543 Schnitzlers, der oft gerufen wurde, kommen wir noch zurück.
1250 3507 2323 3581 Zum Besten der unter dem Protektorate der Kaiserin
1028 3513 1572 3614 zmstehende: Bolts=Heils¬
1840 3560 2314 3633 vom „Nothen Krenz“
2073 3597 2329 3661 Mai, zwei
