3436 4256
1932 178 2385 275 box 16/1
176 216 1788 308 9.4. Der gruene Kakadu Zykius
728 1283 2810 1344 das erst wenige Stunden her ist? Und können Sielrothes Haupt und das Spiel hat ein Ende genom¬
731 1330 1903 1406 sich vorstellen, daß da über diesem dunklen Wegimen.
1819 1341 2809 1422 Die Scenen dieser Groteske sind mit großer
738 1370 1775 1437 die Sonne gelegen ist? — Wenn ich die Augen
1771 1407 2804 1472 Lebendigkeit gearbeitet, ein tolles Wirrwarr vor
742 1423 1760 1485 schließe — ist plötzlich die Sonne wieder da. Son¬
1754 1447 2810 1524 dem nahen Ende. Bald derb und laut, bald fein
1707 1481 1768 1525 —.—
740 1475 1720 1554 derbar. Ich hörte sogar, wie die Wagen rollen. —
1757 1499 2799 1569 und zart, wie es sich in dem Auftritt Henri's und
809 1535 1757 1598 Und dann dieser Endklang, halb ist es Weh¬
1758 1559 2811 1626 Léokadies gibt, aber überall mit jenem leichten
735 1596 1754 1652 muth, halb Befreiung. Die Zeit deckt so vieles
1764 1605 2801 1670 Humor durchsetzt, der an den „Anatol“ gemahnt,
732 1641 1766 1709 mit ihrem Vergessen zu, auch Lüge und Gemeinheit,
1838 1644 2813 1710 Herr Kobler stellte einen vortrefflichen
731 1696 1760 1755 nach Jahren, wer denkt noch daran! Die Erinne¬
1768 1696 2809 1760 Paracelsus auf die Bühne und wir hätten nur ges
733 1739 1759 1808 rung ist alles, was den Todten auf Erden noch
1763 1740 2813 1810 wünscht, daß ihm auch die Rolle Roberts in der
735 1786 1759 1851 bleibt. Wo die aber auf häßliche Dinge trifft,
1768 1784 2800 1856 „Gefährtin“ übertragen worden wäre. Sehr wa¬
738 1835 1178 1914 stirbt auch sie bald.
1769 1844 2814 1910 cker hielt sich Frl. Stastny, die in allen dreit
1778 1892 2812 1955 Stücken vortheilhaft hervortrat. Von den übri¬
813 1898 1757 1958 Das Leitmotiv: „Wir spielen immer; wer es
1773 1937 2807 1995 gen sind Frl. Prandstetter, Herr Metzlz
732 1935 1764 2020 weiß, ist klug“ kommt am deutlichsten und sinn¬
1768 1987 2805 2052 Nasch, Kamauf und Suppanzu erwähnen
736 1993 1758 2052 fälligsten im „Grünen Kakadu“ zum Aus¬
1824 2050 2799 2092 Für Schnitzler bedeuten diese drei Einacter ei¬
722 2046 1765 2101 druck. Es ist die Zeit der französischen Revolution,
1776 2078 2795 2142 nen gewaltigen Fortschritt seiner künstlerischenEnt¬
723 2099 1768 2155 vor der Erstürmung der Bastille, in einer Schenke,
1766 2137 2801 2193 wicklung. Da er ein neues Milieu mit großem
732 2139 1758 2206 die ein seltsames Leben von Gaunern und Schau¬
1768 2174 2800 2241 Geschick festhält, können wir von ihm vielleicht ein
729 2185 1771 2248 spielern gibt und in der die vornehmen Kreise
731 2208 2811 2287 von Paris mit Vorliebe zu verkehren pflegen. großes historisches Drama erwarten, vielleicht auch
723 2267 2813 2340 Man wirft ihnen zwar nicht die schmeichelhaftesten nicht. Seinem Wesen wird er aber immer der¬
731 2316 2812 2385 Ausdrücke an den Kopf, aber es ist ja alles nur selbe bleiben, so wie ihn Alfred Kerr einmal ge¬
742 2359 2824 2431 Spiel und man glaubt die Tatze des Lwen noch kennzeichnet hat: Alles fluthet durcheinander:
730 2406 2815 2496 sicher geborgen. Ein wirklicher Mi#, der Innigkeit und Eleganz, Weichheit und Ironie,
731 2462 2813 2531 „schreiende Bimsstein“, der seine Ten am Ge= Weltstädtisches und Abseitiges, Lyrik und Feuil¬
1771 2527 2808 2579 leto inus, Lebensraffinement und volksmäßige,
737 2525 1777 2580 wissen hat, vermag durch seinen Vortrag nur mit¬
1780 2555 2825 2629 Schlichtheit, Oesterreicherthum und Halbfranzösi¬
739 2573 1766 2633 leidiges Achselzucken zu erregen, er ist gegenüber
1770 2601 2813 2679 sches, Schmerz und Spiel, Lächeln und Sterben.
729 2623 1784 2695 den anderen, die Mord und Hölle zetern, nur ein
725 2662 2815 2746 blutiger Dilletant. Und dann ein Schlag: Das Ein junger Meister, ein glücklicher Götterfreund,
721 2712 2826 2790 Volk von Paris steht vor der Thür, die Bastille ist jordnet mit weicher, leiser, spielend vollbringender
735 2767 2308 2843 erstürmt und der Herzog von Cadignan fällt Hand die Bestandtheile.
728 2835 1788 2905 durch die Hand Henri's, die Freiheit hebt ihr blut¬
