3484 4480
219 181 1827 266 9.4. Der gruene Kakadu z7Klus
797 916 1217 990 Telefon 12801.
500 1024 1527 1115 Unternehmen für Zeitungs-Ausschnitte.
1391 1071 1581 1160 Ausschnitt
406 1100 1693 1261 10. „OBSERVER“ Nr. 36
286 1253 1725 1313 I. österr. behördl. conc. Bureau für Zeitungsberichte u. Personalnachrichten
452 1320 1562 1389 Wien, IX/1, Türkenstrasse 17.
691 1397 1348 1471 Filiale in Budapest: „Figyelé“-
376 1456 1644 1529 Vertretungen in Berlin, Chicago, London, Newyork, Paris, Stockholm.
287 1573 827 1671 Ausschnitt aus:
1042 1597 1524 1742 # Fccanse Te.
681 1701 812 1790 2
289 1733 509 1813 vom
611 1886 1612 1953 Den Paracelsus in Arthur Schnitzler's gleich
444 1940 1623 2000 namigem Einacter spielt jetzt Herr Kainz voll geistiger
446 1989 1606 2041 Ueberlegenheit und getragen von jenem Humor, den das
441 2030 1604 2082 Machtbewußtsein verleiht. Wie er seine klugen Augen um¬
446 2078 1593 2128 hergehen und an den Menschen haften läßt, mit deren Ge¬
446 2116 1597 2177 schicken er spielt, gibt er uns den Eindruck, es sei mehr hinter
454 2168 1600 2214 ihm zu suchen, als die kleine Spielerei mit Frau Justine,
448 2204 1598 2262 ein Leben voll Abenteuer, Gefahren und tiefer Erkenntnisse.
457 2243 1600 2303 Zu den Einactern Schnitzler's wird „Esther“ gegeben, weil
444 2283 1596 2350 der „Grüne Kakadu“ vom Repertoire verschwunden ist. Das
449 2338 1594 2394 Stück hatte die Censur passirt, hatte viele Aufführungen er¬
452 2382 1591 2436 lebt, sein Erfolg war beträchtlich und wenn Kainz den Henry,
454 2420 1622 2486 gegeben hätte, würde es auch weiterhin noch große Zugkrafte
456 2475 1593 2528 ausgeüb Haben. Verboten kann es nach erfolgter Censurirung
460 2510 1602 2573 nicht mehr werden. Man kann da nur „abwinken“. Der
452 2547 1601 2604 Horatio des Burgtheaters hat sich ruhig gefügt. Aber diese
451 2597 1606 2660 Affaire bildet ein separat zu behandelndes Capitel in der
446 2639 1594 2717 heutigen Geschichte des Burgtheaters. Man wird
1406 2680 1589 2739 Horatio
446 2674 1380 2747 sich darin über die Auffassung des
449 2725 1601 2785 verbreiten müssen, und untersuchen, ob es richtig sei, daß
453 2771 1567 2834 Horatio wie die anderen Höflinge auf den Wink parirt. —
452 2812 1590 2871 Das „Deutsche Volkstheater“ brachte eine Auf¬
450 2859 1590 2925 führung der „Journalisten“ mit Herrn Kramer als Bolz,
459 2902 1597 2965 Frau Odilon als Adelheid und Herrn Tyrolt als
460 2947 1600 2996 Schmock. Herr Tyrolt war der Beste. Sein Schmock war
447 2984 1587 3045 tragisch gefarbt, und nichts vermag die Komik so zu ver¬
419 3026 1592 3102 50 tiefen, als ein wenig Tragik. Herr Kramer war lebhaft,
273 3032 384 3122 Für
369 3066 1662 3138 100 liebenswürdig, humoristisch und Frau Odilon war auch ive
360 3108 1637 3185 200 liebenswürdig und auch humoristisch. Allein sie sprachen mo. ).
357 3162 1650 3225 500 derne Conversation: sie glätteten die Spitzen und Krausen ar
333 3201 1683 3266 „ 1000 des Dialogs durch Natürlichkeit. Das paßt zu den „Jour= aus.
406 3256 1730 3337 n nalisten“ nicht. Derartige halbveraltete Stücke muß man in  das
291 3292 1738 3353 Abonnen der Mode von vorgestern lassen, der sie nun einmal ange#### den
297 3355 1601 3399 Abonnen hören. Das ist anders wie mit den Classikern, die jeder
459 3377 1597 3437 Nachwelt nachkommen. Zu Komödien, wie die „Journalisten“,
461 3425 1618 3491 muß man sich zurückbegeben. Man muß „geistreich“ sprechen,
458 3463 1616 3521 man muß pointiren, unterstreichen, „bringen“. Man muß
453 3523 1612 3584 diesen Schreibtischdialog in seinem eigenen Licht funkeln
446 3564 1615 3625 lassen Bringt man ihn in's naturalistische plein air, danit¬
447 3606 1603 3675 wird## plaß, und mit ihm die Gestalten wie das ganze Stück.
845 3646 1602 3724 Intag) bleibt von 12 Uhr ab sowohl die¬
602 3668 1607 3784 Morgen Lamkeaur=Ausstellung im Künstlerhaus
1964 177 2419 269 box 16/1
2322 910 2740 1021 Telefon 12801.
2022 1027 3031 1088 Unternehmen für Zeitungs-Ausschnitte.
2905 1069 3115 1154 Ausschnilt
1808 1069 2082 1174 F Abe
2186 1108 3210 1232 „OBSERVER“ Nr. 32
1793 1215 3254 1297 I. österr. behördl. conc. Bureau für Zeitungsberichte u. Personalnachrichten
1984 1293 3100 1388 Wien, IX/1, Türkenstrasse 17.
2204 1367 2850 1461 Filiale in Budapest: „Figyelé“
1894 1440 3149 1533 Vertretungen in Berlin, Chicago, London, Newyork, Paris, Stockholm.
1803 1565 2333 1647 Ausschnitt aus:
1805 1689 2143 1784 vom 2%
2199 1705 2312 1795 2
2103 1898 3159 1979 — Den Paracelsus in Arthur Schnitzler's gleich¬
1983 1954 3150 2035 nämigem Eingcter spielt jetzt Herr Kainz voll geistiger
1985 2012 3157 2072 Ueberlegenheit und getragen von jenem Humor, den das
1995 2064 3158 2125 Machtbewußtsein verleiht. Wie er seine klugen Augen um¬
1994 2099 3145 2161 hergehen und an den Menschen haften läßt, mit deren Ge¬
1994 2143 3157 2212 schicken er spielt, gibt er uns den Eindruck, es sei mehr hinter
1997 2198 3153 2258 ihm zu suchen, als die kleine Spielerei mit Frau Justine,
1993 2234 3149 2282 ein Leben voll Abenteuer, Gefahren und tiefer Erkenntnisse.
2000 2279 3147 2332 Zu den Einactern Schnitzler's wird „Esther“ gegeben, weil
1989 2323 3155 2371 der „Grüne Kakadu“ vom Repertoire verschwunden ist. Das
1994 2372 3152 2419 Stück hatte die Censur passirt, hatte viele Aufführungen er¬
1987 2425 3158 2472 lebt, sein Erfolg war beträchtlich und wenn Kainz den Henry
1984 2466 3147 2519 gegeben hätte, würde es auch weiterhin noch große Zugkraft
1988 2511 3153 2561 ausgeübt haben. Verboten kann es nach erfolgter Censurirung
1994 2551 3149 2602 nicht mehr werden. Man kann da nur „abwinken“. Der
1985 2586 3157 2635 Horatio des Burgtheaters hat sich ruhig gefügt. Aber diese
1998 2634 3144 2687 Affaire bildet ein separat zu behandelndes Capitel in der
1997 2677 3145 2743 heutigen Geschichte des Burgtheaters. Man wird
2002 2726 3146 2780 sich darin über die Auffassung des Horatio
1999 2757 3131 2819 verbreiten müssen, und untersuchen, ob es richtig sei, daß
1998 2810 3178 2894 Horatio wie die anderen Höflinge auf den Wink parirt +
2233 2960 2797 3055 Bezugs-Bedingungen.
1767 3038 2823 3106 #für 50 Zeitungsauschnitte (Artikel oder Notizen) fl.
2818 3030 2959 3108 7.50
2979 3047 3174 3123 inclusive
1865 3079 1974 3132 100
2837 3088 2959 3150 14.—
2703 3087 2805 3161 „ „
2987 3109 3149 3160 Porto.
1718 3105 1985 3178 200
2818 3131 2934 3179 25.—
2981 3133 3174 3196 Zahlbar
1874 3153 1974 3205 500
2819 3157 2960 3217 55.—
2340 3180 2393 3231 11
2709 3187 3200 3272 .„ 100.—] im Voraus.
1815 3193 1987 3265 § 1000
1917 3254 3233 3313 Im Gegensatze zu anderen Bureaux für Zeitungsausschnitte ist das
1802 3277 3245 3379 Thonnement durch keine bestimmte Zeitdauer begrenzt; — auch stcht es den
1793 3330 3096 3408 Lhonnenten frei die aufgegebenen Themen zu ergänzen oder zu ändern.
