3436 4224
2413 224 2927 311 Ausl. Vertreter des Verlages.
2431 297 2913 347 Für Oesterreich=Ungarn: Herr
480 267 988 350 Der Insertionspreis für An¬
2430 328 2902 371 Dr. O. F. Eirich, Hof= u. Ge¬
488 333 980 388 noncen beträgt für die dreige¬
2433 347 2906 410 richtsadvokat in Wien, II., Pra¬
478 376 992 426 spaltene Petitzeile 30 Pfennige und
2591 376 2780 432 terstr. 38;
485 411 983 462 nehmen solche die Expedition dieser
2425 392 2904 465 für Schweden u. Norwegen:
2430 440 2899 513 Herr F. Hedberg in Stockholm.
476 451 989 505 Zeitung dirert und auch sämmt¬
2530 476 2833 528 Döbelnsgatan 35;
1169 455 1696 554 terrag
1780 454 2358 551 Entsch
478 487 988 542 liche Annoncen-Bureaux von Rud.
2428 503 2904 563 für Dänemark: Hr. Henrik Hen¬
482 527 982 575 Mosse und Haasenstein & Vogler
2435 540 2907 594 nings, Kgl. Hofmusikalienhändl.
484 575 985 620 in allen Städten und zu jeder Zeit
2439 573 2908 626 in Kovenhagen, Amagertorv 6;
510 609 963 677 ohne Kostenaufschlag entgegen.
2436 606 2911 670 für Amerika: Herr Emanuel
2444 638 2897 706 Bederer in New=Hork, 13 w.
1055 595 2394 706 Organ fü den Verlag dramatischer und musikalischer Werke.
2556 664 2793 734 42 0 Street.
1159 695 2252 764 ½ Fernsprech-Auschluß, Amt I, Ro. 1306.
1155 761 1263 851 *
445 783 660 844 No. 21.
1465 797 1962 843 Berlin, am 21. Mai
2741 694 2946 859 1800.
1134 824 1276 881 —
540 866 1251 937 Die Verlags=Firma A. Entsch #
1274 877 2991 925 Theoder Entsch), Berlin N.W.7, Neue Wilhelm=Straße 1, übernimmt den Ankauf, resp. Verlag
407 918 2988 972 aller literarischen und musikalischen El, inungen im Gebiete der digmatischen Kunst, und steht in unmittelbarer Verbindung mit dieser
407 956 2364 1042 Zeitung. Die Provision für den Verlag dramatischer und musikalischer #d#wird mit 10 Procent berechnet.
853 1077 1277 1170 Wochenbericht.
2022 1065 2697 1196 Paracelsus.
417 1143 879 1232 Berlin. (Lessing=Th.)
865 1151 1483 1234 In Vorb.: Die hohe Schule.
2072 1171 2623 1266 Versspiel in einem Akt.
424 1206 1706 1278 Annaberg. In Vorb.: Das Recht auf sich selbst. Die Roman¬
493 1271 1707 1340 tischen. Ein unbeschriebenes Blatt. Verbotene Früchte.
1926 1246 2780 1393 Die Gefährtin.
487 1303 1029 1389 Unter blonden Bestien.
410 1347 1707 1436 Bremen. Stadt=Th.) Zum Einbedler. In Vorb: Der
2059 1361 2624 1449 Schauspiel in einem Akt.
492 1410 861 1479 Bernhardiner.
416 1444 1726 1549 Breslau. (Stadt=Th.) Die Gefährtin. Paracelsus. Der grüne
1766 1434 2926 1576 Der grüne Kakadu.
483 1510 719 1577 Kakadu.
475 1543 1262 1618 (Lobe=Th.) In Vorb.: Zum Einsiedler.
2096 1544 2601 1642 Groteske in einem Akt
412 1597 1719 1678 Bromberg. In Vorb.: Paracelsus. Die Gefährtin. Der
2279 1610 2408 1681 von
499 1646 860 1710 grüne Kakadn.
2067 1669 2613 1764 Arthur Schnitzler.
425 1680 1101 1764 Coburg. In Vorb.: 's Kullerl.
415 1733 1598 1811 Cottbus. In Vorb.: Der kleine Lord. Der Opernball.
411 1795 1578 1862 Danzig. (Wilhelm=Th.) In Vorb.: Momentaufnahmen.
1786 1798 2917 1872 Aufführungen im Hof Theater zu München den
412 1848 1308 1914 Dresden. (Hofth.) Der zündende Funke.
2145 1854 2569 1945 13. Mai 1899,
473 1881 1720 1971 (Residenz=Th.) In Vorb.: Eine Liebesheirath. Das Recht
486 1934 839 2002 auf sich selbst.
1830 1916 2850 2012 —in der Matinee der Freien Litterarischen
415 1970 1247 2049 Eckernförde. In Vorb.: Die Geisha.
1825 1980 2874 2076 Vereinigung zu Breslau den 7. Mai 1899
422 2027 1710 2103 Gera. In Vorb.: Das Recht auf sich selbst. Die Romantischen.
493 2060 2816 2141 Ein unbeschriebenes Blatt. Verbotene Früchte. Anter  und im Lobe Theater zu Breslau den
488 2124 894 2186 blonden Bestien.
2134 2114 2559 2197 10. Mai 1899.
426 2157 1357 2225 Göggingen. In Vorb.: Ein toller Einfall.
415 2227 1511 2285 Görlitz. (Wilhelm=Th.) In Vorb.: Gewagte Mittel.
1784 2213 3002 2311 Die drei Einakter haben sowohl am Hoftheater zu München wie
418 2270 1084 2340 Gotha. In Vorb.: 's Kullerl.
1711 2272 2989 2326 am Lobe Theater zu Breslau bei den Aufführungen großen, unbe¬
1722 2312 3000 2376 stritienen Erfolg errungen und folgen hier nachstehend die
419 2329 1436 2392 Halle. (Thalia=Th.) In Vorb.: Frau Lientenant.
1713 2359 2016 2431 Besprechungen:
417 2358 1520 2438 Hamburg. (Thalia=Th.) Man sucht einen Erzieher.
404 2430 1304 2491 Hannover. (Hof=Th.) Der Vielgeprüfte.
2093 2408 2600 2501 „Breslauer Zeitung“.
439 2458 1341 2537 — (Residenz=Th.) In Vorb.: Bruder Martin.
1792 2497 3003 2576 Die „Freie literarische Vereinigung“ hatte als würdigsten Abschluß
413 2512 1698 2607 Hettstedt. In Vorb.: Ein Rabenvater. Berlin über Alles.
1715 2539 2996 2613 dieser Saison zum Sonntag ihre Mitglieder und viele Freunde zu einer
411 2571 1424 2639 Karlsruhe. In Vorb.: Die drei Reiherfedern.
1710 2597 2994 2642 Matinée im Lobe=Theater geladen, in der Arthur Schnitzler's „Der
420 2618 1702 2703 Köln. (Stadt=Th.) In Vorb.: Hans. Die Gefährtin. Paracelsus.
1711 2621 3005 2691 grüne Kakadu“ von den Kräften der hiesigen Bühnen aufgeführt
499 2659 987 2733 Der grüne Kakadu.
1710 2674 3004 2718 würden. Der sehr starke Besuch, der das Theater mit Ausnahme der
408 2695 1702 2766 Lübeck, (Tivoli=Th.) In Vorb.: Goldonkel. Die schöne
1712 2715 2994 2783 Gallerie vollständig füllte, beweist, ein wie starkes Interesse die Freunde
1705 2754 3002 2816 moderner Literatur der Darstellung entgegenbrachten. Man würde die
487 2752 1717 2802 Ungarin. Der Stabstrompeter. Der Walerkönig. Die
1716 2796 3004 2841 mit großen Schwierigkeiten verknüpfte Vorstellung der Schnitzler'schen
499 2801 1704 2865 wilde Katze. Die Ehre. Heimath. Das Glück im Winkel.
1710 2834 2991 2892 Grotesque als literarische That haben begrüßen können, wenn nicht die
409 2854 1514 2915 Mainz. In Vorb.: Heimath. Madame Sans-Gene.
1723 2875 3005 2936 Gloriole dadurch etwas verblaßte, daß das Stück überhaupt in den
422 2896 1700 2963 München. (Hofth.) Die Gefährtin. Paracelsus. Der grüne
1721 2908 2996 2960 Spielplan des Lobe=Theaters ausgenommen worden ist. Schnitzler nennt
498 2933 726 2994 Kakadu.
1720 2951 2988 2993 sein Stück eine Grotesque. Es ist ein toller Herenspuk, in den das
482 2956 1317 3038 (Volks=Th) In Vorb.: Leute von heute.
1711 2990 3008 3051 Echo des Bastillensturmes unheimlich hineintönt. Wie Wahnsinn scheint
1723 3033 2988 3085 es in den Köpfen der fieberhaft erregten Pariser Welt zu wirbeln;
409 3028 1228 3096 Neumünster. In Vorb.: Die Geisha.
1720 3074 3004 3135 Worte und Thaten, Schein und Natur, Spiel und Wahrheit, alles tollt
412 3079 734 3143 Norderney.
713 3056 1697 3148 In Vorb.: Die Ehre. Großmama. Ascher¬
1717 3106 2998 3163 und wirbelt durcheinander, greifbar nahe und doch unfaßbar, unheimlich
489 3120 739 3183 mittwoch.
718 3111 1092 3187 Rosa Dominos.
1713 3139 3004 3205 klar und deutlich beleuchtet und plötzlich in nebelhafte Schatten zer¬
740 3142 1702 3221 In Vorb.: Im Fegefener. Großmama. Zum
418 3165 749 3232 Oeynhausen.
1719 3189 3007 3243 fließend. Der furchtbare Mord, den der Schauspieler Heuri mit leiden¬
503 3213 1711 3261 Einsiedler. Liebesträume. Unter blonden Bestien. Das
1721 3225 3003 3283 schaftlicher Kraft vortäuscht, auch er wandelt sich in Wahrheit, als Heuri
498 3237 1190 3309 grobe Hemd. Der kleine Lord.
1717 3267 2998 3316 erfährt, daß seine eben angetraute Frau ihn wirklich mit dem Herzog
408 3288 1629 3368 Putbus. In Vorb.: Die Kinder der Ercellenz. Heimath.
1720 3309 2995 3360 von Cadignan betrügt. Und die Erhebung des Pariser Volkes, die
1712 3332 2993 3403 von den Adligen als Schreckgespenst höhnisch belächelt wird, wird zur
406 3346 1170 3405 Pyrmont. In Vorb.: Großmama.
1717 3384 2998 3432 blutigen Wahrheit, heulend und tobend zieht das Volk, durch das ver¬
412 3374 1196 3453 Ratibor. In Vorb.: Der Opernball.
1727 3420 2992 3474 gossene Blut bis zur Raserei erhitzt, durch die Straßen, zitternd und
420 3452 1198 3506 Rendsburg. In Vorb.: Die Geisha.
1710 3458 2997 3509 zagend entfliehen die Reichen und Vornehmen. Es ist eine fieberhaft
418 3497 1189 3558 Schleswig. In Vorb.: Die Geisha.
1720 3497 2995 3567 zitternde Aufregung in dem ganzen Stücke, es ist, als ob die Hörer
1718 3535 2999 3589 Zeugen des Ausbruchs einer Wahnsinnsepidemie wären. Und das ist
427 3523 1696 3602 Stuttgart. (Hof=Th.) In Vorb.: Die Gefährtin. Der grüne
1720 3567 3001 3624 das Geniale an des Stücke: Schnitzler schildert nicht die großen Schick¬
492 3578 1413 3654 Kakadu. Paracelsus. Das Oelkrüglein.
1716 3618 2997 3672 sale gewaltiger Persönlichkeiten, die die Revolution in Fluß brachten, er
435 3641 1707 3711 Wien. (Raimund=Th.) In Vorb.: Das Lumpengesindel. Drei.
1716 3651 3000 3708 schildert breite Massen des Volkes in ihrer Zerrissenheit und Verworren¬
484 3681 896 3744 Die Gläubiger.
1721 3692 3002 3762 heit, in ihrem seltsam haltlosen Geisteszustand, der nicht in Wahnsinn
1718 3732 2390 3807 selbst, aber in tolle Raserei ausartet.
482 3722 1486 3792 (Deutsches Volks=Th.) In Vorb.: Die hohe Schule.
3046 808 3245 907 D
