3436 4256
1108 219 1297 301 Kak
2066 232 2531 332 box 15/5
289 226 2008 356 9. 4. Der pruene adn ZvkInS
1246 1036 1791 1133 ee
884 1120 1254 1226 Telefon 12801.
2374 1135 2743 1233 Telefon 12801.
581 1227 3025 1324 Unternehmen für Zeitungs-Ausschnitte. Lund 720 Unternehmen für Zeitungs-Ausschnitte.
3061 1234 3322 1315 Ausschnitt
2974 1247 3321 1417 u. 32
697 1293 1658 1423 „OBSERVER“ Nr.
2222 1304 2929 1429 „OBSERVER“
318 1403 3299 1491 I. österr. behördl. concess. Bureau für Zeitungsberichte und Personalnachrich I. österr. bebördl. concess. Bureau für Zeitungsberichte und Personalnachrichten
2115 1473 3002 1580 Wien, IX/1 Türkenstrasse 17.
629 1476 1498 1561 Wien, IX/ Türkenstrasse 17.
565 1565 1548 1643 — Filiale in Budapest: „Figyelö“, VIII. Josefsring 31 a
2032 1556 3062 1640 Filiale in Budapest: „Figyelö“, VIII. Josefsring 31a. —
317 1706 1558 1794 Ausschnitt aus: Reichswehr Wien
1809 1703 3005 1823 Ausschnitt aus: „Neitffeichische Volisseitung
503 1806 762 1910 J. 44.
1810 1812 2273 1928 vo ##71.
321 1826 516 1914 vom
3106 1722 3195 1925 8
2001 1979 3052 2121 Theater- und Kunstnachrichten.
634 2018 1547 2130 7.— Theater und Kunst. 108
1574 1989 1694 2132 1
557 2118 1665 2198 * Für Ende Februar plant Director Schlenther
2268 2116 2792 2216 Die Theaterwoche.
457 2172 1672 2232 im Hofburgtheater einen Einacterabend.
2075 2176 3049 2272 Unter den Neuheiten, welche für das Burg¬
468 2225 1675 2283 Zur Aufführung sollen Arthur Schnitzler's „Para¬
2002 2224 3048 2323 theater vorbereitet werden, erscheinen plötzlich drei
462 2268 1677 2342 celsus“ „Die Gefährtin" und „Der grüne
2005 2267 3048 2351 soeben erst angekommene Einakter von Arthur Schnitz¬
474 2316 1674 2371 Kakadu“ gelangen. Ob die Arbeiten, welche einen ähn¬
1990 2322 3055 2401 1e—an die erste Stelle gerückt. Sie sollen schön Ende
468 2362 1658 2423 lichen innerlichen Zusammenhang haben, wie „Morituri“,
2016 2365 3051 2444 Februar, also bald nach der auf den 4. k. M. ange¬
2011 2397 3035 2486 setzten Aufführung von Fulda's „Herostrat“, in das
468 2417 1664 2480 auch einen Gesammttitel erhaltn werden, ist noch nicht ent¬
2008 2439 3040 2525 Repertoire aufgenommen werden. Die drei kleinen
475 2455 1664 2528 schieden. Die Besetzung ist auch noch nicht definitiv fest¬
2004 2464 3020 2572 Stücke heißen: „Paracelsus“, „Die Gefährtin“
473 2496 1669 2583 gestellt. Da in den Einactern sehr viel handelnde Personen,
2010 2521 3030 2598 und „Der grüne Kakadu“. Vielleicht wird der
474 2548 1678 2634 über 30, vorkommen, kann naturgemäß keiner derselben
2003 2571 3031 2662 Dichter ihnen nach dem Beispiele des „Morituri“=Zyklus
474 2612 1670 2675 eine präponderirende Rolle zufallen, während anderer¬
1991 2613 3034 2697 von Sudermann einen gemeinsamen Titel geben. Aber
1541 2652 1667 2721 mit
629 2657 1553 2724 die Besetzung auch mancher Episoden
475 2651 613 2720 seits
1994 2660 3024 2747 vorläufig ist er noch nicht geneigt, dies zu thun. Den
1150 2706 1379 2765 erscheint,
1553 2701 1663 2760 die
1417 2687 1578 2764 um
476 2689 1168 2770 ersten Kräften nothwendig
1989 2712 3049 2785 Paracelsus wird Herr Robert spielen. An dem Ein¬“
476 2737 1676 2811 erstrebte Wirkung zu erzielen. Den Paracelsus wird Herr
1996 2743 3024 2830 akterabend, dessen Dauer auf drei Stunden veranschlagt
1988 2795 3015 2866 ist, werden nicht weniger als vierzig Personen be¬
472 2801 1676 2866 Robert spielen. — Die Absicht Dr. Schlenther's,
1990 2830 3018 2918 schäftigt sein. Es kann auffallen, daß unter
469 2848 1669 2911 den „grünen Kakadu“ am Burgtheater zur Aufführung
1987 2863 3004 2955 den kleinen Piecen auch „Der grüne Kakadu“
477 2887 1681 2958 zu bringen, obwol derselbe bekanntlich in Berlin verboten
1996 2906 2314 2987 sich befindet,
2325 2915 3018 3004 dessen Aufführung in Berlin
470 2925 1681 3017 wurde, ist nicht so aussichtslos, als man das im Hinblick
1990 2957 3044 3062 verboten worden ist. Aber, wie uns erzählt?
477 2990 1680 3056 auf die Erfahrungen mit „Unser Käthchen“ und das
1975 3000 3014 3072 wird, wurde dieser Einakter dem Burgtheater in einer
474 3039 1678 3098 Berliner Verbot annehmen sollte. Der Streit## die Auf¬
1975 3042 3018 3135 veränderten Form eingereicht. Auch ist das Verbot, von
487 3090 1680 3160 führung in Berlin ist nur darum vor die höheren Instanzen
1982 3087 3017 3176 dem diese Dichtung in Berlin betroffen wurde, noch kein
475 3135 1671 3201 gebracht worden, weil nach den dortigen Verhältnissen dies
1981 3130 3002 3215 definitives. Vorläufig hat dort nur der Oberpräsident
1978 3179 3008 3261 als unmittelbarer Vorgesetzter des Polizeipräsidenten
481 3176 1677 3255 eine raschere und sachgemäßere Behandlung des Falles er¬
317 3190 514 3283 Für 50
1821 3206 1950 3298 Ter
1937 3212 3018 3317 s0 das von diesem gefällte Erkenntniß bestätigt. Darauf 2
408 3223 1748 3305 100 möglicht, da auf diesem Wege die in Theatersachen sehr be¬ ###
3028 3258 3231 3336 inclusive
1910 3269 3000 3353 100 hat der Direktor des Deutschen Theaters den Beschwerde¬
410 3296 1724 3349 200 denkliche Zwischenstelle der Laienrichter umgangen wird. Auch##
3054 3302 3202 3344 Porto.
1673 3313 1728 3353 ar
1911 3302 3022 3410 200 weg zum Ober=Verwaltungsgerichtshof eingeschlagen,
3050 3330 3212 3376 Zahlbar
409 3333 1745 3390 500 hat der Autor seinem Papagei einige Federn ausgerissen, wie Fau
3037 3341 3240 3422 im Voraus
1898 3346 3003 3436 500 der schon das Schicksal einer weit ernsteren und beden¬
361 3362 1678 3451 „ 1000 dies bei diesen Thierchen ohne Schädigung ihres Aussehens aus
1880 3384 3269 3493 1000 tenderen Dichtung, nämlich der „Weber“ von Haupt= hnitte ist ds¬
445 3412 1674 3482 u Gesundheitsrücksichten oft zu thun pflegt. Director Schlenther
1943 3436 3265 3538 gmann, günstig entschieden hat. Dem Zensuramte der ch steht es der
329 3439 1695 3561 Abonne glaubt in nächster Zeit schon die Genehmigung der Censurf
1830 3481 3182 3567 Abonne Wiener Hoftheater wurde „Der grüne Kakadu“ schon ändern.
296 3500 1118 3614 Abonne zur Aufführung zu erhalten. —
1818 3525 2991 3612 Abonnevorgelegt, und es sind Anzeichen dafür vorhanden, daß
1962 3569 2989 3648 von dieser Seite gegen die Aufführung keine Einwen¬
1958 3605 3004 3684 dung erhoben wird. Allerdings gibt es noch höhere
1958 3653 2993 3731 Mächte als den Zensor, die sich mit ihrer Entscheidung
1951 3679 2985 3769 nicht beeilen und mitunter erst in der letzten Stunde
1953 3724 2952 3826 den Bannstrahl auf eine Dichtuna niederfallen lassen.
2842 4129 3138 4221 1
