3484 4480
1902 145 2355 235 box 16/1
1003 150 1778 260 akadn Zyklus
130 160 1137 246 9. 4. Der gruene Kan
2488 1805 2554 1851 1
1524 1799 1597 1893 1
129 1871 3242 1945 Was man auch zu Gunsten des geistreichen sie zur Dirne herabgewürdigt. Er weist ihm verachtungs¬ Dinge vorgehen, von denen er nichts geahnt hat. Die
133 1932 3242 1991 id der feinen Einzelausführung sagen mag, voll die Thür; Frau Olga Merholm aber nimmt wieder das traumwandlerische Wahrheit, zu der Paracelsus Frau
2114 1922 3237 2003 Justina treibt, die sich übrigens auch gegen den Wunder¬
116 1950 2118 2038 scher Erfolg wird doch allezeit darauf Wort, zieht eine letzte Binde vom umschleierten Auge des
2102 1972 3244 2039 thäter selbst wendet, macht Meister Cyprian klar, daß
172 1994 2120 2076 das Urelement aller dramatischen Wirk= Professors und sagt ihm, daß die Verstorbene noch viel,
2104 2011 3236 2088 seine Klarheit eben keine ist, daß Wahn und Wirk¬
111 2043 2113 2139 chtbare, fühlbare, spannende Gegensatz, ihre viel weiter von ihm getrennt gewesen sei, als er ahnt,
2113 2065 3248 2142 lichkeit, Traum und Leben geheimnisvoll ineinanderspielen,
998 2086 2114 2151 daß sie gewußt hat, daß Dr. Hausmann durch keine echte
2115 2097 3250 2177 offenbart dem Junker Anselm, der mit frevler Liebes¬
112 2103 1019 2175 bleibt. Durch alle drei Einakter Schnitzlers
997 2128 2112 2204 Leidenschaft oder Neigung an sie gefesselt, und mit der
2112 2146 3243 2215 werbung die Frau des Waffenschmieds bestürmt, daß er
119 2148 1017 2221 der Wechsel von Schein und Sein als roter
994 2169 2122 2249 Rolle, die sie im Leben des jungen Mannes spielte eben
2113 2189 3240 2269 besser thut, deren ledige Schwester Cäcilia, die ihn liebt, zu
105 2193 1015 2267 rch, aber nur im „Grünen Kakadu“ gewinnt
990 2218 2124 2284 auch zufrieden gewesen sei. Darnach verabschiedet sich die
2109 2228 3248 2302 heiraten, und verdeutlicht Frau Justina, daß sie Gott
112 2251 372 2314 Ekörperung.
999 2260 2119 2342 Freundin, und Pilgram bleibt nach ihrer und des Ver¬
2111 2282 3246 2351 danken kann, unter Cyprians Dach geborgen zu sein.
122 2268 1013 2356 lt, in der Schnitzler seither mit Vorliebe ver¬
1001 2305 2124 2384 fassers Meinung „befreit“ zurück. Daß er, wenn er der
2110 2331 3245 2393 Das Ganze bewegt sich in der gewollten Unklarheit, der
130 2330 1020 2391 das Schauspiel „Die Gefährtin“ am nächsten.
1008 2355 2124 2424 Rechte ist, nun erst vor der Qual der dunklen Frage
2113 2353 3253 2452 wechselnden Beleuchtung von rechts und links, die man
132 2387 1019 2437 Professor, der soeben seine Frau begraben
1008 2403 2124 2475 steht, ob nicht er, gerade er selbst die Schuld daran ge¬
2129 2406 3256 2472 ietzt vornehmer Symbolismus tauft; die Gestalt des
106 2423 1013 2480 aus der Starrheit seiner trostlosen und doch
1005 2439 2136 2520 tragen hat, daß die Verstorbene so und nicht anders ge¬
2119 2452 3242 2542 Theophrastus Paracelsus, der Betrüger und Betrogener zu¬
114 2469 1020 2526 heiligen Schmerzes baren Stimmung — denn
1001 2488 2125 2573 worden ist, das fällt weder Schnitzler noch Frau Olga Merholm
2127 2483 3251 2576 gleich ist, läßt einen bestimmten Eindruck gar nicht auf¬
136 2502 1027 2576 st ihm nur kurze Zeit Geliebte und niemals
118 2528 2120 2635 wesen — durch eine Freundin aufgeweckt, die ein. Mit fünf oder zehn peinlichen Fragezeichen schließt das
2123 2540 3242 2624 kommen. Die wenig dankbare Rolle hatte an Stelle des
132 2576 2131 2646 sich Briefe der verstorbenen Frau zu er= kleine Drama, eine in Scene gesetzte Novelle, die überall
2118 2587 3253 2674 plötzlich erkrankten Hrn. Blankenstein Hr. Froböse über¬
113 2626 2127 2704 fessor Pilgram macht in einem Satz für Satz hinter sich zurück=, über sich hinausweist, was ja tausend¬
2119 2632 3254 2718 nommen; er gab dem fahrenden Mystagogen ein Gesicht
1006 2655 2133 2738 fach im Leben der Fall ist, aber für den Dramatiker so
122 2684 1028 2770 Unglück seines Lebens enthüllenden, sehr sein
2121 2674 3253 2751 und Gepräge, daß er völlig zum Gauch wurde, den man
1000 2707 2135 2797 ungünstig wie möglich bleibt. Die schwere, trübe Stimmung
2129 2727 3252 2803 über seine Schwelle lieber gehen als kommen sieht, wenn
118 2736 1020 2802 en Zwiegespräch mit der Besucherin dieser
1006 2754 2130 2824 eines Herbstabends und eines Begräbnistages geht hin¬
2117 2765 3256 2839 man auch nicht eben Meister Cyprian ist. Die übrigen
130 2768 1029 2843 sehr wohl weiß, daß seine Frau ein Liebes¬
1015 2795 2138 2870 durch und wird vollkommen erreicht, die Gestalten und
2124 2802 3259 2891 Mitwirkenden waren Frau Basté (Justina), Frl. Gasny
122 2817 1025 2886 mit seinem Assistenten Dr. Hausmann unter¬
1009 2841 2136 2909 ihre Beziehungen, bis auf den Zusammenstoß zwischen
2137 2850 3255 2932 (Cäcilia), die Herren Gunz (Cyprian), Dettmer (Junker
134 2854 1025 2925 daß er nur nie begriffen hat, warum die
1012 2877 2139 2955 Pilgram und Hausmann, bleiben wie im Nebel, und alle
2136 2893 3253 2977 Anselm) und Swoboda (Doktor Copus), die die zum
124 2910 1026 2975 schen nicht ehrlich vor ihn hingetreten sind
1012 2910 2128 3005 Kunst, die Frau Salbach (Olga Merholm) und die
2129 2944 3256 3017 Teil sehr hübschen Einzelheiten des Versspiels zu beifälliger
120 2944 1035 3026 Freiheit, sich anzugehören, von ihm gefordert
139 2974 2133 3060 die Besucherin Olga Merholm dem Aermsten Herren Wiene (Professor Robert Pilgram) und Franz
133 3050 2514 3110 davon enthüllen kann, langt Dr. Hausmann von (Doktor Alfred Hausmann) aufwandten, beseitigte diesen Wirkung brachten.
2183 3009 3248 3098 Viel bedeutender, innerlich reicher, äußerlich straffer,
1018 3076 1437 3147 Totaleindruck nicht.
2133 3091 3252 3154 eindringlicher und überzeugender als die beiden ersten
121 3091 1036 3153 En an, scheinbar ganz freundschaftliche Teil¬
1085 3087 2139 3175 Das Versspiel „Paracelsus“ richtet seine Spitze
2137 3111 3259 3211 Stücke zeigte sich, wie gesagt, das dritte, die Groteske
147 3126 1046 3212 Sorgfalt für den Professor. Wie er aber
1027 3151 2146 3235 gegen das prahlerisch sichere Glücksgefühl wie gegen allen
2135 3164 3267 3244 „Der grüne Kakadu“. Der „Grüne Kakadu“ ist ein Wein¬
133 3177 1032 3246 fordert, ihn, der nochmals nach dem Seebad
1021 3202 2133 3263 gesunden, vermeintlich die Dinge beherrschenden Realismus.
2131 3209 3259 3278 keller, den der ehemalige Schauspieldirektor Prospère hält,
132 3220 1039 3281 dorthin zu begleiten, da verrät er nach und
1023 3246 2139 3307 Der wackere, in Arbeit und Genuß gleich rüstige Basler
2138 3257 3262 3333 in dem er seine frühere Truppe allabendlich zu wunder¬
133 3259 1040 3335 hn dorthin ein anderes Interesse zieht, daß er
1022 3284 2138 3355 Waffenschmied Cyprian, der mit etlichem Recht den fahrenden
2133 3294 3264 3376 baren, ohne Podium und Souffleur vor einem höchst vor¬
148 3298 1035 3366 t hat, daß er seine Braut schon längere Zeit
1023 3332 2143 3403 Wunderdoktor Theophrastus Paracelsus als einen Gaukler
2133 3337 3280 3411 nehmen, aus Herzögen, Vicomtes und Chevaliers bestehenden
137 3361 1039 3419 liebt. Und nun schmettert Professor Pilgram
1037 3371 2153 3442 und halben Lump geringschätzt, muß durch dessen
127 3397 1037 3460 pten mit dem Wort nieder, daß er ihm ver¬
147 3370 3283 3505 le, seine verstorbene Frau zu seiner Geliebten hypnotische Künste erfahren, daß auch in lseinem wohl= Publikum stattfindenden Aufführungen vereinigt. Die
150 3475 3275 3563 haben, aber ihm nie vergeben werde, daß er geordneten Hause und in der Seele seines schönen Weibes Schauspieler dieser Spelunke stellen mit Aufgebot aller
