3392 4352
714 148 1271 229 uene Kakadu
217 159 1277 274 9.3. Der aae m
2017 120 2469 204 Telephon 12801.
1409 143 1845 232 box 14/8
1846 222 2867 295 igl’s Unternehmen für Zeitungs-Ausschnitte
1883 280 2803 427 „OBSERYER“
2644 335 2928 432 Nr. 85
1532 416 2983 475 I. österr. behördl. conc. Bureau für Zeitungsberichte u. Personalnachrichten
1792 474 2722 556 Wien, I., Concondiaplatz 4.
1537 529 2971 615 Vertretungen in Berlin, Budapest, Chicago, Genf, London, Newyork, Paris, Rom,
1894 599 2624 656 Stockholm, Kristiania, St. Petersburg.
1526 699 2808 842 Ausschnitt aus: Nerddentsche alldemeine ##
1528 843 2107 966 von 0
1945 1090 2518 1178 Theater und Musik.
1690 1172 2843 1247 R. F. Im Berliner Theater gab die Morwitz¬
1617 1230 2845 1292 Oper am Donnerstag den „Troubadour“ mit Herrn
1618 1257 2837 1319 Bötel als Manrico. Er sang ihn unter dem üblichen Bei¬
1619 1302 2848 1385 fall und mit den herkömmlichen Wiederholungen in derselben
1614 1345 2845 1432 Weise, wie wir ihn nun Jahre hindurch von ihm
1613 1392 2833 1448 gehört haben. Man hatte an dieser seiner Leistung un¬
1612 1448 2846 1507 getrübtere Freude, als an seinem Postillon, weil er keine
1616 1476 2331 1546 Prosa zu sprechen hatte, was
2326 1489 2845 1556 seine sehr schwache
1617 1523 2843 1592 Seite ist. Neu war der Sänger des Luna, Herr Lange¬
1622 1557 2849 1652 feld der sich durch seine Mittel wie durch Verwendung
1618 1614 2841 1686 derselben in recht vorteilhafter Weise vorstellte. Fräul. König
1615 1650 2939 1746 war eine bühnen= und sangeskundige Vertreterin der Leonore, usiv¬
1611 1706 2914 1782 während Fräul. Schereschewsky, die Azücena des Abends, rto.
1610 1751 2923 1816 wohl gute Mittel besitzt, aber sie noch nicht wirksam genug zu lbar
1621 1784 2966 1860 verwenden weiß. Sie wird sich noch mehr der künstlerischen foraus.
1620 1827 2956 1930 Besonnenheit befleißigen müssen. — Die Gesamtaufführung #. das
1624 1878 2817 1946 machte einen recht freundlichen Eindruck, denn auch der Chor
1611 1922 2980 2002 sang gut, das Orchester hielt sich löblich, und Herr Kapell.“#
1618 1966 2477 2040 meister I. Wolf führte den Taktstock sicher.
2801 2037 2966 2096 hd die
1686 2042 2970 2116 sr. Das Schiller=Theater O. brachte am Donners=Igon¬
1531 2089 2977 2163 laf tag drei Einakter, von welchen zwei freilich bereits durchitung")
1604 2129 2978 2191 erfolgreiche Aufführungen im Deutschen Theater das volle ftliche
1614 2170 2978 2269 Bürgerrecht auf den die Welt bedeutenden Brettern se Mit¬
1612 2226 2824 2302 erworben haben. Der dritte Einakter war eine No¬
1611 2269 2778 2341 vität. Sogar in doppelter Hinsicht, so daß es sich
1614 2316 2823 2372 gebührt, von ihm zunächst zu sprechen, zumal er den
1616 2355 2829 2428 Abend eröffnete. C handelt sich um eine kleine Arbeit des
1603 2403 2821 2461 dänischen Dichters Axel Steenbuch, welche den Titel
1610 2437 2830 2519 führt: „Nach Jahr und Tag“. Steenbuchs Dichtungen
1605 2493 2620 2558 sind zwar literarisch auch in Deutschland schon gewürdig
2698 2505 2823 2560 rden,
1603 2541 2541 2598 aber die deutschen Bühnen blieben ihnen bishe
1606 2579 2530 2637 Das Schiller=Theater hat also, wie es in den dem T
1605 2618 2551 2684 gegebenen biographischen Notizen heißt, „den erster
1602 2665 2578 2735 Versuch unternommen, den dänischen Dichter in
1608 2704 2649 2772 Bühnenwelt einzuführen“. Steenbuch ist Spezialist
1606 2749 2670 2812 Schilderung schwacher, weicher Menschennaturen, und mat
1601 2804 2687 2864 zugestehen, daß er diese Schilderung mit treffenden Zügen
1597 2836 2689 2923 dichterischer Feinheit auszuführen versteht. Aller
1595 2878 2703 2937 gerät er dabei zuweilen zu sehr in die Breite
1601 2930 2723 3003 ist auch bei dem in Rede stehenden Einakter der F
1597 2964 2754 3049 in welchem zwei alte Damen, die — einstmals — den gleiche
1597 3015 2711 3091 Mann geliebt haben, Abrechnung miteinander halten. Man
1588 3068 2635 3125 Lobegren hat „nach Jahr und Tag“ herausgefünde
1591 3102 2614 3175 Mamsell Neve ihre glücklichere Nebenbuhlerin gen
1587 3141 2582 3211 Ihr leidenschaftliches Naturell wird aber durch die
1587 3195 2538 3261 Ruhe der tiefer empfindenden Mamsell Lobegren
1586 3222 2491 3314 Das Stück ist zu weit ausgesponnen und
1589 3270 2225 3337 dramatisches Leben, als daß
2379 3289 2434 3344 rech
1693 3310 2204 3386 e. Es enthält aber, wie t
1703 3362 2187 3419 welche durch die Damen
1716 3409 2182 3469 ra gut herausgearbeitet
1703 3447 2055 3513 nteilnahme des Pu
1695 3491 2134 3557 : „Abschied von
1577 3536 2182 3603 Hartleben und „Der ##r
1581 3578 2231 3647 Schnitzler. In der drame
1567 3625 2288 3701 zeigten sich Rud. Lettingen
1543 3652 2347 3741 der straffen, temperamentvollen Charc
1565 3708 2387 3780 gewachsen, welche der Dichter diesen
1575 3753 2464 3832 hat. Weniger gelungen war die Wiedergabe
1577 3800 2791 3872 Schnitzlers. Hier ragte Albert Steinrück als Grain über
2741 3866 2817 3909 —
1556 3838 2787 3979 die übrigen Mitwirkenden hinaus, von welchen nur noch7
1569 3898 2783 4030 Rud. Lettinger als Henri und Frl. Mallinger als
1551 3946 2152 4030 Leokadie zu erwähnen wären.
