3392 4352
753 158 849 216 1e
947 149 1281 217 Kakadu
1419 147 1830 229 box 15/1
201 150 1271 257 9.3. Der K### uenee
1092 1263 2228 1360 Acher
1108 1338 2252 1431 lungl-Teer
1130 1403 2117 1491 A haurten, Gace d
1158 1481 2279 1626 e Wrea
1120 1546 2099 1655 GW
1111 1621 2256 1712 Agik. Agt
1109 1687 1440 1766 GU 160 2
1843 1688 2095 1766 J
1168 1813 2187 1875 Thenew plays of tho wock have been few and not brilllant,
1185 1857 2199 1916 toné—and a small one at that—has been a brill’ant oxcep¬
1145 1900 2199 1966 tion. It is played at the Théätre Antoi e, and knownas“ Le
1139 1942 2194 1983 Perroquc) Vert.“' I thought from thet lethat we were to be
1153 1964 2195 2016 treated to absintheragain (I speak in m aphor), and I dreaded
1142 2008 2193 2053 the freatment a little after“ Le Dieu V##t,'’ which I mentioned
1132 2044 2194 2090 last week. It ia not sc. Le Perroquet Vert is atavern, and
1133 2082 2193 2123 tothe Green Parrot come thronging the worst of those
1153 2113 2200 2156 very bad scoundrels who infested Paris in the days
1144 2140 2190 2205 just before the blaze un of the Bastille. The aristocrats of the
1148 2183 2189 2233 day go thore, too, to rub elbows with the canaille, and enjoy
1145 2207 2197 2274 the slight shudder of fear at the contact. To kcepthings allve
1139 2263 1536 2315 the landlord employe
1383 2289 1954 2354 Make-Believe Blackguards,
1140 2333 2229 2399 who tell tales of erime, and do it so well that-ftis difficult
1144 2391 2207 2437 sometimes to know whether they are in jest or in earnest.
1140 2421 2186 2468 One of the actors tells how ho killed the Duc de Cadignan,
1136 2462 2193 2509 who had bocome the lover of Léocadie, a dancer in voguo
1150 2488 2082 2539 and the wife of the actor.“ Von knew that,)
1142 2540 2135 2580 Prosper,# the landlord,“and have killed the duke?
1135 2564 2203 2620 know ib myself, but I did not dare tell vou.“ Didier
1163 2603 2192 2642 the narrator—had been acting before, and thought his
1194 2642 2192 2687 fe flippant and giddy, but true, When he learns the truth
1679 2666 2195 2714 and when the duke comes in,
1185 2678 1533 2729 Idier'ineans mürder in
1746 2712 2194 2760 ut yells from onteide and
1200 2712 1487 2759 küle Him. Arros
2077 2745 2196 2789 astille
1809 2742 2037 2794 vetaken the
2081 2782 2194 2829 layed
1826 2775 1977 2826 the curt
1159 2679 1278 2830 1
1821 2817 2025 2861 " The Green
1153 2819 1278 2868 admic
1775 2830 2207 2916 see it on the Britieh side
1155 2858 1314 2906 is alittle
1748 2890 1964 2945 year is eut.
1477 2886 1554 2943 strea
1133 2892 1381 2961 of therthino
