3392 4256
2103 137 2585 233 box 15/6
316 130 1969 254 9.4. Der gruene Kakadu ZukIus
427 585 3057 683 world, the faco of this littlo Mark luke is lare presented with wonderful cleure ess and goal of his desire—that is a matter of dol
2168 648 3049 706 in Sudermann. The very woman of hie
432 652 2178 720 troubled, waves begin to rise, a fiery column simplicity, in broad outlines whlich of them¬
2167 683 3049 749 longings falls to Prince Witte’s lot, and he
1308 700 2170 754 selves confer this impression. Butthere is
427 710 1318 781 may oven scein to bo rising from it. It is
2169 727 3060 796 nover guesse that desire is attained, but
1308 742 2171 816 something more in it. What is the real
431 750 1300 806 tho symbol of tho aristocracy of the Mark.
2175 780 3050 854 forsakes her and continues his wander¬
1303 788 2172 866 cause of Henschel’s ruin? The powerful,
429 795 1304 853 This aristocracy is forced into sympathy
2172 816 3063 878 ings, until in tho end death unites him
1303 832 2181 883 calm, phlegmatie man, accustomed to rid
433 841 1308 896 with the deings of the world boyond, but it
2170 864 3058 916 to tho objeet of his desiro, but not of his
1312 872 2177 930 himsolf of obstacles by a single blow from
435 875 1309 948 always settles down to its normal condition.
2171 910 3053 971 love. The throe heron’s feathers which
1305 918 2180 964 his strong shoulder, and to attack life with
464 923 1312 985 As in his novel, so in his autobiographical
2186 953 3064 1005 Princo Witte is to rescue at the risk of his
1313 956 2179 1016 his henvy lists, is not of tho kind that can
435 960 1300 1015 sketches Von Zwanzig bis Droissig
2181 1003 3059 1053 life from magie dominion are merely a
1319 1009 2174 1058 be ruined by a loose and deceitful woman.
431 999 1313 1066 (that is, from his twentieth yeur to his
2169 1036 3057 1107 part of this delusion of desire. Sudermann
1308 1042 2180 1098 Nor is it exactly truethat the conscionsnoss
432 1062 1310 1118 thirtieth), the mere human interest pre¬
2180 1080 3065 1135 conceives of desire as in opposition to love.
1317 1092 2176 1152 of guilt in breaking the pledge given to his
432 1099 1317 1152 dominates. These mewoirs aro u pieco
2174 1124 3066 1190 Thero is something almost Scriptural in his
1306 1134 2181 1190 dying wife works his destruction. IIe is
432 1139 1310 1190 of purely personal literature. An indepon¬
2179 1168 3086 1224 iden of love as the principle of life and .
1308 1169 2183 1253 not the man to be worried hy doubts
429 1182 1317 1251 Nent interest attuches to Fontane’s acconnt
2186 1222 3093 1281 desiro as that of death. The first and last 1
1315 1221 2191 1284 and peisasimple-minded
438 1226 1316 1285 of his youthful gears, tho association of
2176 1251 3070 1318 ’scones of this fontastic play are laid in a
1325 1261 2187 1318 nature, satisfied with what the day brings¬
430 1271 1308 1323 Berlin authors and erities known as tho
2176 1285 3077 1359 burial-ground, whience a mysterious woman
1311 1301 2186 1378 forth, who does what he thinks right
436 1315 1307 1369 * Tunnel, and bis personal connexion with
2180 1345 3061 1410 sends him forth on his pilgrimage of desire
1313 1352 2185 1424 withont brooding over tho matter. He
427 1362 1315 1414 the revolution of March, 1848. Butitattains
2182 1369 3057 1441 and whither he returns in the ond to find
1311 1390 2186 1450 needed a wife to manage the house, and
432 1399 1320 1464 its real value by his method of regarding
2178 1430 3072 1484 his last resting-place in its silent realm.
1324 1437 2186 1493 had found tho girl capable, so he took her.
441 1452 1323 1508 persons and things, for old Fontane had a
2181 1463 3079 1532 Allthis shows depth of feeling, but there is
1311 1484 2183 1543 Nor had his first wife any occasion for
436 1491 1314 1551 broad and kindly spirit, and the superiority
2190 1508 3071 1576 a lack of clearness about the form in whlich
1316 1529 2178 1591 jealousy whien she exacted his promise; a
439 1536 1317 1585 of the man who regards life calmly from
2182 1555 3067 1626 it is presented, and the charncters de not
1314 1574 2183 1639 kind of second sight had come upon the
441 1577 1313 1631 the spectator’s point of view and recognizes
2181 1597 3073 1665 carry ccnviction Stillthis play, in spite of
1315 1618 2183 1675 dying woman—it was as though destiny
435 1623 1307 1675 tho insignificance of his ownexistenco. Still,
2185 1642 3063 1711 its failure, is better testimony to Suder¬
1327 1659 2189 1710 spoke from her lips. From that day forth
438 1667 1323 1722 future historiand will havo to uso Fontane’s
2188 1689 3070 1753 mann’s powers tnan chis great theatrical
1322 1701 2194 1754 Henschel, too, is pursued by destiny, HIe
444 1711 1319 1769 memoirs with as muchcnution as Bismarck’s.
2186 1731 3074 1802 successes. The“ Drei Reiherfedern testifies
1322 1739 2190 1795 feels that something weighs him down, he
487 1753 1326 1804 If the younger generation of authors in
2197 1783 2763 1839 to tho deepening of his art.
1325 1794 2200 1845 knows not what. Hestill feels the presence
444 1780 1323 1858 the eighties claimed Fontane withont further
2216 1801 3068 1889 The lyrical element is of chief importance
1317 1837 2192 1897 of his dead wife. She attends him on his
445 1839 1320 1891 ceremeny as their own, thoy wero t0 Sonlo
2184 1864 3079 1932 Eintho plays of two young Viennese writers,
1319 1880 2194 1926 drives, she is noar him whien ho feeds the
444 1878 1329 1943 extent in the position of the good citizens
2196 1906 3071 1968 Arthur Schnitzlenund Hugo von Hofmanns-
1319 1917 2200 1969 horses in the morning.-Herchild, who dies
437 1927 1322 1992 of Bagdad, who unceremoniously invited
2202 1932 3077 2013 thal. Schnitzler’s is an art of half-tones
1328 1963 2190 2015 soon after her, must have heen drawn after
444 1958 1319 2027 the Khalif Haroun al Raschid, when ho
2202 1985 3076 2052 and unexpressed, conflicting feelings, fleet¬
1317 2003 2192 2061 its mother. He sees things in the room
440 2006 1325 2070 took his evening walks in m77, into their
2202 2038 3093 2095 ing einotions, and veiled sufferings. His
1323 2050 2189 2105 that he never used to notice. He docs not
446 2058 1331 2109 houses, and made him a witness of their
2195 2079 3070 2135 one-set play"Die Gefährtin' pictures the
1336 2085 2198 2149 know whether the furniture always stood
448 2097 1326 2159 domestie affairs, Since then conditions
1320 2115 3080 2192 in its present position; evergwhere he sus- husband of a faithless wife who knew of
451 2142 1323 2202 have changed. The revolution which they
1331 2194 3081 2246 pects innovations. When at length.eTher infidelity on the day of her funeral, and
449 2179 1331 2254 proclaimed so londly in the streets and
1325 2192 3088 2276 learns his second wife’'s inlidelity, ho con-is a little piece of tender, delicate painting
451 2231 1326 2281 market-places was followed—quite imper¬
2197 2242 3082 2317 of moods. His longer piece Das Ver¬
1333 2254 2208 2326 siders quite calmly what to do next, Ho¬
446 2271 1327 2329 ceptibly and withont any external display
2202 2300 3084 2368 mächtnis,' which he presented to us last
1335 2321 2200 2364 comes to the conclusion that one“of thom
494 2315 1337 2376 —bya violent internal revolution. Theten¬
2210 2335 3076 2415 winter, was a failure of no import either
1336 2353 2208 2421 must die; but his contemplations curry him
457 2361 1329 2414 dencyto rationalistie moralizing was shaken
2206 2383 3081 2446 for himself or his art. But another one¬
1325 2387 2210 2448 no further. Suddenly he lights on a piece
459 2406 1334 2455 off like a childish ailment. Besides the
2209 2427 3081 2492 act play, Der grüne Kgkadu,' a fantastie
1335 2442 2200 2497 of whipcord which he fancies he has not
454 2450 1322 2511 mere outward faculty of sight and observa¬
2201 2472 3077 2525 caprice of the French Revolution period,
1335 2481 2204 2539 scen for years; and since this scems to be
457 2487 1326 2555 tion, they have developed a gift of inward
2205 2506 3087 2572 has been amazingly successful in its during
1328 2530 2196 2579 the will of destiny, ho hangs himseif with
450 2532 1338 2602 perception without which human nature
2204 2555 3079 2617 combination of reality and appearance in
1333 2570 2202 2628 it. Call it fate or what you will, a mystie
458 2575 1336 2630 cannot betruly grasped. They have become
2210 2596 3078 2660 that essentially dramatie theme=the trans¬
1334 2629 2206 2672 something has urged him to his death.
453 2621 1332 2700 more subjective, their conception of men
2202 2638 3097 2716 formation of a play into reality. Thissubject.
1332 2659 2197 2705 A mystie cloud seems to envelope the
454 2664 1345 2722 and women has been deepened. Our
2205 2689 3080 2743 is repeated in yet a third one-act play,
1334 2702 2206 2760 personages of this drama, and increnses
455 2709 1336 2762 latest fiction shows a deepening tendenev.
2207 2719 3098 2797 Paracelsus,' in a somewhat uninteresting““
1347 2741 2206 2796 their proportions like figures scen through
466 2756 1334 2805 This tendency has been faintly noticeable
2210 2776 2652 2848 and didactie fashion.
1345 2788 2204 2843 the mist. Something recalls the art of
459 2799 1331 2858 for some time, but it has never come 80
2246 2799 3079 2869 While Schnitzler is the lyrical exponent
1341 2826 2210 2884 Balzac. This is no rationalistie moralizing
456 2826 1334 2900 clearly into view as in this last year’s
2205 2865 3086 2918 of tender half-emotions, another true lyrist,
1333 2875 2209 2928 realism; this is art which has freed itself
462 2873 1337 2936 dramatie products. Hauptmann’s latest
2209 2897 3098 2972 Hugo von Hofmannsthal, shows a prefer¬
1333 2918 2205 2989 from mere externals, lt secks wan in his
458 2924 1339 2988 play Fuhrmann Henschel' and Suder¬
2220 2948 3091 3005 ence for warm and brilliant colours. His
1347 2964 2209 3025 greatness as it formerly songht him in his¬
467 2965 1337 3033 mann’s fairy play Die drei Reiherfedern'
2212 2983 3090 3046 Hochzeit der Sobeide,' a fairy tragedy in
1342 3005 2223 3067 smallness. There is a noto of spring wafted
466 3015 945 3086 may be cited in proof.
2207 3025 3088 3092 twoacts, suffused with all the colouring of
1349 3049 2211 3108 from Gerhard Hauptmann’s latest play; a
501 3032 1343 3114 The events described in Fuhrmann
2215 3072 3100 3137 the Enst, and his Abenteurer,' penetrated
1333 3093 2179 3155 feeling of vague longing breathes from it.
461 3088 1342 3160 Henschel' are exceedingly simple. Hen¬
2203 3114 3088 3169 with the spirit of eighteenth-century Venice,
1385 3109 2211 3194 Longing, too, is the note of Sudermann’s
469 3137 1344 3197 schel’s wife when dying forces him to
2216 3164 3091 3223 are simple essays in colour. Both present
1352 3168 2211 3229 fairy poem Die drei Reiherfedern.' Ilis
474 3186 1346 3253 promise that after her death he will
2217 3206 3082 3266 sharp contrasts-a scene of tearful renun¬
1348 3225 2213 3280 first novel was called Frau Sorge'; this
465 3227 1347 3283 not marry the girl who is at this time in
2215 3251 3087 3309 ciation may be followed by a glaring
1350 3259 2212 3325 plav might well be christened  Frau Selin¬
462 3267 1350 3323 their service. He promises, and his wife
2207 3283 3092 3366 presentatien of uncontroiled debauchery—
1340 3315 2215 3378 sucht.' It leads Sudermann back to the
475 3308 1350 3373 dies. But his household cannot get on with¬
2219 3332 3101 3396 and these changing pictures spring alike
1355 3355 2220 3407 moods of his youth, and restores the elements
470 3354 1349 3428 out a woman, the child needs a mother, and
2208 3379 3086 3442 from a feeling of thetransitoriness of beauty.
1351 3401 2217 3456 of lyric feeling and personality which were
472 3404 1347 3459 he marries the servant after all. Then she
2208 3424 3090 3485 Hugo von Hofmannsthal is a disciple of the
1359 3435 2218 3507 s0 regrettably wanting in his recent success¬
472 3447 1340 3517 deceives him, makes his life a burden, and
2208 3447 3103 3540 doctrine of“ P’art pour l'art.“ A beautiful
1355 3483 2208 3533 ful plays. All the same, the new play is a
473 3490 1345 3541 stirs up strife between her husband and
2210 3513 3091 3585 pieture, a melodious line,re in his eyes an
1346 3523 2218 3578 failure; it lacks clearness, and with it scenic¬
479 3530 1351 3586 his friends and neighbours. One day at
2209 3559 3093 3623 end in themselves. He asks nothing of
1347 3567 2212 3634 effectiveness and human interest. But the
476 3568 1345 3645 the inn he has a quarrel with his brother¬
2220 3605 3098 3657 reality, and reality gives him nothing; he
1348 3610 2216 3666 element of longing has been fathomed to its
477 3609 1353 3678 in-law, who tells him the truth abeut his
2220 3637 3101 3700 dreams his personages into pieturesque
1348 3657 2208 3716 depths. It isthis unending desirethat drives
483 3662 1345 3718 wife. He demands proofs and sends for
2207 3671 3092 3751 poses, and the colours of his dreams are
1355 3697 2217 3748 the young Northern hero Prince Witte cense¬
475 3711 1350 3760 his wife, and she can find no defence. Then
2215 3721 3090 3798 more brilliant than those of reality. Ho is
1354 3739 2206 3794 lessly about the world; it is the eternal
483 3749 1355 3809 the truth Hashes on him—either he or his
2205 3759 3102 3844 afine stylist, but his art has a Havour of
1345 3785 2210 3843 tragedy of the delusion of desire that pre¬
487 3787 1362 3849 wife must die. So le goes nway and hangs
2218 3797 3096 3879 decadence; it appeals to the taste more
1355 3828 2220 3887 vents him, when once he has attained thef
489 3841 678 3899 himself.
2223 3853 2595 3920 than to the heurt.
527 3869 2218 3940 There is something in the delinea-Pidol of his longings, from recognizing his
2254 3870 3091 3948 Dur literature at present shows traces of
1350 3911 2225 3980 dream, and he casts it from him to pursue
485 3919 1357 3979 tion of these characters which gives
488 3927 3103 4041 them an appearance of greatness. They jthe phantom once more. A woman is the a deepening influence; we have grown tired
