3392 4256
732 198 1325 271 ruene Kakadu
499 207 670 272 Der
266 206 1314 310 g.3    e e ece e 1
355 1131 736 1213 Telephon 12801.
550 1210 1232 1351 „OBSERVER‘
351 1334 1480 1401 I. österr. behördl. konz. Unternehmen für Zeilungs-Ausschnitte
555 1398 1306 1475 Wien, I., Concordiaplatz 4.
766 1462 1079 1519 Vertretungen
364 1507 1489 1562 in Berlin, Budapest, Chicago, Christiania, Genf, Kopenhagen,
360 1548 1490 1597 London, Madrid, Mailand, Minneapolis, New-York, Paris, Rom,
552 1587 1301 1654 San Francisco, Stockholm, St. Petersburg.
709 1631 1137 1684 (Quallenangabe ohne Gewähr.)
355 1690 1437 1820 Ausschnitt Germ- u. Montags Zoitung, Wien
370 1806 526 1876 vom:
478 1901 1555 1980 (Deutsches Volkstheater.) Zwei Ableger des Burgtheaters
383 1955 1551 2024 haben am Weghuber=Park ein verschiedenes Schicksal erfahren.
372 1985 1563 2055 Während Artur Schnitzlers „Grüner Kakadu“ einen sehr lauten
377 2033 1558 2090 äußeren Erfolg erringen konnte, wurde Heinrich v. Kleists „Zer¬
381 2073 1550 2133 brochener Krug“ mit respektvoller Langeweile abgelehnt. Welches
378 2116 1543 2164 literarische Wertmaß man auch immer an diese beiden Einakter legen
385 2159 1551 2202 mag, die Verschiedenheit ihrer Wirkung wird sowohl aus der inneren
372 2196 1551 2249 Struktur als auch aus dem Verhältnisse der Stoffe zur Gegenwart
374 2244 1536 2293 erklärlich. Der alte, eingerostete und einigermaßen derbe Bauernscherz,
369 2275 1543 2329 auf leichten, fünffüßigen Jamben künstlich aufgebaut und durch viel¬
374 2308 1531 2368 fache Amputationen in seinem Gleichgewichte gestört, könnte heute
372 2350 1546 2413 nur mehr von einer außergewöhnlich starken Komikerindividualität
364 2405 1540 2446 getragen werden. Herr Höfer, als moderner Charakterdarsteller, hat
370 2431 1541 2484 den Dorfrichter Adam in allen seinen Aengsten und Verlegenheiten
366 2461 1546 2523 als gar zu wirklichen Menschen dargestellt, den man bedauern muß.
377 2500 1531 2556 Man kann aber nicht lachen, wo man Mitleid empfindet, und Mit¬
369 2536 1527 2600 leid und Langeweile ist im Theater genau dasselbe. Sonderbar genug,
356 2584 1548 2647 daß dieselbe Regie, welche den „Zerbrochenen Krug“ in Scherben
367 2625 1532 2682 gehen ließ, aus dem „Grünen Kakadn“ ein recht lebendiges und
367 2670 1542 2717 bewegtes Stück machte. Das ist umsomehr anzuerkennen, als der
363 2697 1545 2763 Schnitzlerischen Groteske im Grunde genommen der innere Halt
365 2737 1539 2803 ebenso fehlt, wie jede Spur einer dramatischen Spannung. Szene
363 2771 1540 2844 reiht sich an Szene, gute und lustige Einfälle folgen einander, aber
366 2818 1532 2873 man könnte sie ganz gut durcheinandermischen und etwa von rück¬
356 2854 1538 2922 wärts nach vorne spielen, oder irgendwo in der Mitte anfangen. Und
352 2882 1529 2951 doch hat die Regie, Heer Valentin, ein sehr gutes und sehens¬
361 2932 1543 2987 wertes Stück daraus gemacht; die Steigerung des Tempos und das
359 2972 1525 3021 allmähliche Einsetzen aller Vokalinstrumente bis zum Furioso (Revolu¬
370 3014 1530 3072 tion und Ausbruch der Volksleidenschaft) ist ihr glänzend gelungen.
366 3056 1531 3096 Freilich, welches Bürgerherz beginnt nicht höher zu schlagen, wenn
360 3092 1531 3147 der grandiöse Hauch der Weltgeschichte, und sei es auch nur von der
370 3124 1524 3187 Bühne her, zu wehen beginnt? Den einzelnen Figuren der Groteske
360 3159 1532 3229 sind sowohl die Herren Kramer, Birron, Jensen, insbesondere
351 3215 1539 3272 aber Herr Homma als auch Fräulein Galafrés durchaus gerecht
361 3241 568 3314 geworden.
1467 190 1881 274 box 15/2
1963 458 2334 540 Telephon 12801.
2142 532 2826 670 „OBSERVER‘
1947 656 3065 714 I. österr. behördl. konz. Unternehmen für Zeitungs-Ausschnitte
2160 711 2868 793 Wien, X. Concordiaplatz 4.
2365 781 2682 841 Verfretungen
1959 826 3061 894 in Berlin, Budapest, Chicago, Christiania, Genf. Kopenhagen,
1963 870 3057 919 London, Madrid, Mailand, Minneapolis, New-York, Paris, Rom,
2135 915 2908 969 San Francisco, Stockholm, St. Petersburg.
2310 949 2723 1014 (Quellenangabe ohne Gewähr.)
1956 1014 2443 1107 Ausschnitt aus: Mo
2394 1015 3057 1131 ES-Blatt (publ. BMätt.), Mien
2320 1082 2603 1172 10.31105
1972 1134 2109 1189 vom:
2265 1212 2915 1290 Deutsches Volkstheater.
2102 1263 3191 1317 Ein Nichtpremièrenabend mit einem Premièrenpublikum, dessen
1987 1323 3195 1359 Teilnahme in der Besetzung abgespielter Stücke lag. Kleists „Der zer¬
1987 1341 3199 1414 brochene Krug“ wurde zuerst gegeben und es hielt schwer, das Haus
1991 1389 3197 1459 für den schauer=blutigen Humor dieses Lustspiels zu gewinnen. Die
1998 1417 3206 1481 neue Regie Vallentin versuchte den trägen Verlauf der Gerichts¬
1987 1456 3199 1524 verhandlung durch übermäßiges Temperament aufzupulvern, und so
1995 1510 3198 1555 mußten die Parteien einander überschreien als würde von Neapoli¬
1991 1544 3199 1591 tanern und nicht von behäbigen Niederländern Prozeß geführt. Be¬
1989 1570 3206 1636 sonders Frau Thaller und Herr Birron konnten sich an Kraft¬
1987 1629 3209 1679 äußerungen der Lunge nicht genug tun. Auch Herr Höfer gab den
1992 1658 3206 1704 Dorfrichter so ziemlich im Geschmack des lärmenden Panlaleone, wo¬
1990 1694 3209 1763 gegen die Herren Weiß und Aman den Charakter ihrer Rollen gut
1997 1738 2551 1801 erfaßt und durchgeführt hatten.
2120 1763 3206 1834 „Der grüne Kakadu“ Schnitzlers machte den Beschluß und
1985 1816 3206 1884 größere Wirkung schon deshalb, wen Kleist schon lange tot ist und
2006 1841 3203 1907 Schnitzler noch sehr lebt. Über den Wert der politisch=künstlerischen
1998 1900 3208 1950 Burleske sind die Freunde und Gegner des Autors einig. Es erübrigt
2000 1926 3208 1988 nur zu sagen, daß er in den Herren Jensen, Homma, Roma¬
1999 1988 3252 2031 nowski und Kramer, den Damen Galafres, Liß und 1
1993 2008 2876 2081 Ritscher die dankenswerteste Unterstützung fand.
2293 2344 2446 2428 Tac
1939 2363 2285 2438 710i 1
2291 2409 2406 2482 2
2331 2439 2426 2486 „
2112 2456 2749 2579 „ ANDEHVEH
1915 2528 3024 2618 I. österr. bebördt. ke#: Unternehmen für Zeilungs-Ausschnitte
2120 2611 2837 2698 Wien, I., G##cordiaplatz 4.
2322 2672 2619 2736 Vertretungen
1924 2704 3025 2777 in Berlin. Budapest, Chicago, Christiania, Genf, Kopenhagen,
1916 2749 3035 2826 London, Madrid, Mailand, Minneapolis, New-York, Paris, Rom,
2102 2799 2870 2866 San Francisco, Stockholm, St. Petersburg.
2271 2841 2691 2900 (Quellenangabe ohne Gewähr.)
1919 2898 2985 2999 Ausschnitt auspnn- u Hontags-Courier, Wien
2264 3009 2439 3079 16 10.
1935 3030 2081 3094 vom:
2026 3103 2971 3297 Theater und Kunst.
2033 3257 2838 3389 2 Deutsches Volkstheater.
2107 3288 3048 3425 ge mene Oteregifunr Hers=Palentin dar del
2004 3341 3046 3485 mal mit seiner Regiekunst einen vollendesen Sieg davon¬
2012 3381 3042 3521 getragen. Kleists „Der zerbrochene Krug“ und Schnitzlers
2018 3423 3042 3566 „Der grüne Kakadu“ wurden zu einer prächtigen Vorstellung.
2021 3446 3058 3597 Besonders Schnitzlers Komödie machte großen Eindruck.
2033 3486 3060 3643 ernucge Aier dene in Sane Stonen venel
2038 3535 3070 3674 zuheben sind Herr Höfer, Frau Thaller, Frl. Ließl,
2046 3567 3081 3717 Frl. Galasrés, die Herren Jensen, Romanovsky.]
2039 3672 2526 3755 Kramer und Raeder.
