3392 4352
421 89 1630 151 ab. Schnitzlen's überans personenreiche, tumultuarische
416 128 1624 181 und schwer zu inszenierende Tragikomödie: „Der grüne
423 164 1627 221 Kakadu“, vom Weutschen Theater her als eine der originellsten
417 217 1627 291 und bedentsamsten SSchöpfungen des Wiener, Dramatikers bekannt,
414 246 1625 306 ist nunmehr auch dem Spielplan des Schiller=Theaters einver¬
423 298 1629 349 leibt worden und fand die glänzendste Aufnahme, obwohl der
413 331 1617 397 Bühne für die Hauptrolle des unglücklichen Schauspielers
1611 357 1797 421 Inclusive
396 400 1777 455 „Heuri, der den Verführer seines Weibes erdolcht, kein so hin¬ porto.
419 428 1780 481 reißender Vertreter, wie Joseph Kainz, zur Verfügung steht. Bahlbar
418 472 1820 547 Es lag im Wesem des genialen Kainz, daß damals bei der im Voraus.
417 516 1625 567 ersten Vorführung des „grünen Kakadus“ jener Heuri
422 560 1829 622 mit seinem idyllischen Glücks=Traum und seiner je ist das
1512 589 1841 656 zur sht es den
408 581 823 651 wilden Eifersucht,
862 601 1484 658 mit der grotesken Liebe
409 633 1707 705 leichtfertigsten aller Coulissen=Heldinnen und mit der durch fern.
399 684 1840 765 den revolutionären Bastille=Sturm noch extra erhitzten Phau= faltend die
413 734 1589 789 tasie über die anderen Darsteller des wilden Kabaretts, in
420 752 1840 834 welchem Schein und Wirklichkeit wie ein traumhaftes Nacht= Morgen¬
1623 787 1839 844 Zeitung")
411 813 1839 867 Bbild zusammenfließen, um ein bedeutendes Maß hinauswuchs. bschaftliche
412 856 1615 912 Der imposante Eindruck der Dichtung basierte in dem
1616 866 1861 921 Diese Mit¬
417 907 1614 967 szenischen Wirkel und in des Dialoges Fülle an geistreichem Witz
418 936 1612 1001 und cynischem Spott vorwiegend auf die fesselnde Gestaltungs¬
414 979 1618 1046 kraft eines gefeierten Virtnosen. Es darf nun zugestanden
413 1018 1628 1095 werden, daß Rudolf Lettinger als Darsteller des
425 1067 1616 1137 „Heuri“ im Schiller=Theater eine durchaus sehr schätzbare
412 1115 1627 1165 Weistung bot, die naturgemäß, da sie weit mehr im Rahmen
423 1154 1613 1208 des Eusembles stand, auch den erforderlichen Spielraum für
405 1193 1618 1271 das Interesse an den anderen Charakterfiguren übrig
405 1233 1608 1310 ließ. Das konnte man am besten an den treff¬
402 1284 1619 1345 lichen Leistungen der Herren Holthaus und Stein¬
411 1324 639 1385 rück in
637 1337 1618 1398 den Rollen des dramalischen Kneipenwirts
402 1381 1630 1417 urd des reellen Tautenmörders wahrnehmen. Wenn schon
2235 1369 2689 1463 Telephon 12801.
408 1413 1612 1475 Freiheit, Gleichheit und Brüderlichkeit die Parole der neuen
411 1460 1621 1526 Zeit war. die mit dem Bastille=Sturm anhob, so scheint der
1861 1467 3071 1552 Alex. Weigl’s Unternehmen für Zeitungs-Ausschnitte
418 1503 1637 1573 Autor auch die Absicht gehabt zu haben, den vielen Personen
399 1542 1609 1625 seiner revolutionär brodelnden Handlung ein gleiches Maß
2109 1527 3021 1678 „OBSERVER“
413 1584 1624 1662 von lebendig=charakteristischem Interesse zeinzuräumen. So sei
2863 1585 3148 1680 Nr. 91
406 1632 1631 1701 denn allen Darstellern, ohne sie weiter persönlich noch
412 1675 1615 1727 hervorzuheben, auch das gleiche Maß von Auerkennung nicht
1741 1694 3199 1738 I. österr. behördl. conc. Bureau für Zeitungsberichte u. Personalnachrichten
417 1709 1615 1771 vorenthalten. Sie waren sämtlich bestens bemüht, unter der
2010 1726 2933 1813 Wien, I., Concondiaplatz 4.
416 1766 1613 1833 Leitung einer geschickten Regie, dem „grünen Kakadu“ auch in
1764 1791 3190 1870 Vertretungen in Berlin, Budapest, Chicago, Genf, London, Newyork, Paris, Rom,
420 1803 1615 1864 der Wallner=Theaterstraße einen durchgreifenden Erfolg zu
2120 1851 2827 1913 Stockholm, Kristiania, St. Petersburg.
414 1857 1622 1898 sichern. Die große dramatische Spannkraft und die er¬
420 1897 1616 1958 schütternde Wirkung des militärischen Einakters von Hart¬
416 1936 1610 1995 leben „Abschied vom Regiment“: stellte sich ebenfalls bei
403 1965 1618 2035 der gelungenen Neuaufführung im Schiller=Theater
1746 1952 3149 2089 Ausschnitt aus: Neues Wiener Taghlaft
413 2014 527 2068 ein,
547 2034 1610 2085 wie dies seinerzeit im Lessing=Theater der
411 2055 687 2120 Fall war.
682 2055 1606 2131 Dieses überaus geschickt nach dem Leben
2124 2075 2393 2178 160 S
410 2098 1125 2173 gezeichnete Nachtbild mit der
1154 2113 1612 2173 düsteren Katastrophe
1761 2111 2130 2211 vom:
408 2160 1621 2208 ist ein Vorgänger der Hartleben'schen Offiziers=Tragödie:
404 2197 1619 2259 „Rosenmontag“. Rudolf Lettinger war in der Darstellung
414 2239 1613 2287 des vom Liebesmahl seines Regiments heimkehrenden und als
413 2284 1616 2356 Rächer seiner desudelten Mannesehre so tragisch in den Tod
410 2334 1619 2391 getriebenen Hauptman#is tadellos, ja mehr als das, er stellte
405 2367 1614 2435 mit dieser, so warm Lupfundenen, in jedem Stimmungs= und
409 2404 1608 2476 Affekttone naturechten Leistung die des ersten Darstellers in
403 2444 1600 2514 den Schatten. Da auch Frau Wasa als untreue Gattin,
412 2500 1602 2543 die Herren Kuhnert und Köstlin in den Lentnantsrollen
414 2537 1605 2601 ihren Aufgaben bestens gerecht wurden und das Milien in
405 2582 1604 2635 jeder Beziehung gut gewahrt blieb, so gab es am Schlusse
413 2632 1599 2684 stürmische Hervorrufe. Ein neuer Einakter aus dem Dänischen:
1879 2625 2777 2760 Brsin. Due Orien weat un une Senen un en
413 2665 1016 2734 „Nach Jahr und Tag
1048 2676 1604 2748 von Axel Steenbuch,
1880 2629 2925 2806 geresesten Perene. Ooid Seenert n.
411 2720 1599 2783 deutsch von Francis Maro, leitete den Abend ein. Der Verfasser
1896 2697 2934 2845 Berlin O. brachte vor einigen Tagen einen interessanten
406 2759 1596 2827 ist Rechtsanwalt und als Dramatiker schon über ein Dezennium
1897 2736 2928 2873 ertretne d. de. Senten Aotoles ven
405 2795 1609 2867 hinaus im Spielplan der Kopenhagener Hof= und Privat=Bühnen
1907 2794 2939 2944 gegimer, Aohe Steistad Der ende¬
400 2850 1606 2909 heimisch. Es war gut, daß der hier vorliegende Konflikt zweier
1900 2826 2946 2979 getene un Recd Joh and Ter en ue
401 2883 1603 2944 alten Jungfern den anderen Einaktern voranschritt; denn die
1917 2865 2956 3044 Pre geniend eietene eichuene un
408 2939 1600 2988 Wucht des „grünen Kakadus“ hätte die wejenlose, einem hohlen Ci
1771 2925 1906 2997 Für
2975 2930 3163 2992 inclusive
1930 2922 2953 3069 gereite vine esepie Gemand Wne die
2740 2956 2961 3032 hatte die
2987 2984 3141 3034 Porto.
404 2971 1601 3036 gleichende Plauderei Steenbuch's erdrückt. Zwei alte, sehr alte
2746 3002 2957 3068 „ 05.—
2971 3015 3157 3072 Zahlbar
409 3033 1612 3083 Jungfern fangen an, eigene Herzensgeheimnisse auszuforschen.
2813 3041 2955 3100 110.—
1799 2989 2709 3147 A gerhe Mling ant. 2 N Kas.e
1792 3066 1833 3121 11
411 3066 1601 3127 Namentlich die eine ist schrecklich neugierig, zu erfahren, warum
2814 3060 3192 3131 200.— im Voraus.
2526 3093 2590 3139 1—
401 3104 1609 3182 die andere, die sich diskreter verhält und einen Singvogel zur
1882 3102 3196 3187 Im Gegensatze zu anderen Bureaux für Zeitungsausschnitte ist das
417 3146 1600 3197 Stillung von Gemütsbedürfnissen mit zärtlichen Worten anzu¬
1782 3170 3195 3236 Abonnement durch keine bestimmte Zeitdauer begrenzt; — auch steht es den
412 3193 1600 3250 reden pflegt, nicht geheiratet habe. Die Alte pikt auch so
1779 3224 3077 3278 Abonnenten frei die aufgegebenen Themen zu ergänzen oder zu ändern.
406 3239 1593 3306 lange, bis die Freundin die Porträte ihres längst verstorbenen
406 3274 1602 3352 Geliebten und ihres ebenfalls verstorbenen Kindes vorlegt.
1893 3270 3202 3351 Der „OBSERVER“ veranstaltet täglich einen Auszug enthaltend dier
404 3319 1594 3394 Welch ein Schrecken für das altjungferliche Weiberherz der
1776 3339 3180 3390 Inhaltsangabe aller wichtigen Mittheilungen der Wiener Morgen¬
3140 3355 3188 3417 1)
399 3365 1606 3421 Neugierigen! Sie erblickt denselben Mann, von welchem sie
1778 3369 3151 3424 blätter (Tagesjournale ausser „Neue Freie Presse“ und „Wiener Zeitung“
406 3405 1600 3477 einst um einer andern willen, und zwar kinderlos, verlassen
1788 3408 3200 3463 wodurch eine Uebersicht über das gesammte politische und wirthschaftliche
1783 3447 3194 3506 Leben des In- und Auslandes in drastischer Kürze geboten wird. Diese Mit¬
406 3442 1594 3517 wurde. Die alte Elwira wird jetzt vor Verdruß ganz kindisch, sie
1774 3500 2798 3557 theilungen werden in Wien um 9 Uhr Früh verschickt.
407 3493 1601 3554 will die Porträte nicht wieder zurückgeben. Die Verstimmung
408 3540 1598 3602 scheint bedrohlich zu werden; eine Katzbalgerei dürfte sich ein¬
2094 3562 2872 3648 Prospecte gratis und fnanco.
402 3572 1608 3635 stellen, aber sie geht noch glücklich vorüber, und der Dialog
398 3628 1597 3691 mit dem Singvogel bildet den Schlußakkord dieser im Grunde
398 3676 1599 3735 genommen, herzlich dummen und herzlich uninteressanten
410 3718 1589 3758 Historie. Wenn sie nicht von den Damen Meta Bünger und
402 3756 1601 3811 Marie Gundra mit so respektabler charakteristischer Feinkunst
397 3804 1600 3861 gespielt worden wäre, sie wäre lantlos verklungen. So aber
411 3839 1591 3921 konnten die verdienstvolle Darstellerinnen noch gebührende
396 3875 922 3950 Hervorrufe einheimsen.
