3484 4352
471 155 644 228 Der
700 162 1272 237 ruene Kakadu
217 150 1262 270 9. 3   eene e
1424 160 1837 243 box 15/3
2264 103 2994 162 floating draperies and flower garlands,
2256 147 2982 210 and staged with real waterfalls and sun¬
2251 183 2990 228 Vlit forests, and it treats of illicit love
2247 218 2980 288 among other hectie matters.“ Hannele,
2247 266 2987 335 on the other hand, is sorrow reduced to
2248 300 2996 366 vits simplest terms, love at its purest,
2261 345 2990 399 life in its simplest aspect. In the na¬
2261 379 3002 454 ture of things this exquisite creation
2251 435 3006 496 could hardly be expected to have a pop¬
2252 478 2999 550 #nlar success in a communitr which goes
2254 503 3004 565 tothe play to forget its woes and wor¬
2250 542 3011 621 ries, and wants either to be thrilled or
2261 603 2515 667 made laugh.
2294 621 3001 701 The earlier scenes of the play are har¬
2255 683 2997 739 rowing enough to make one long for res¬
2256 723 3001 778 pite in the way of excislon, but they
2261 761 3010 815 were presented with pitiless realism lam#
2260 798 2998 863 night. The dying child who has tried to
2262 847 3000 900 escape from the blows of her drunken
2263 889 3004 946 stepfather and the horrors of cold and
2262 925 2997 979 hunger by throwing herself into a pond
2259 958 3007 1025 is brought into the village almshouse and
2262 1001 3004 1067 nursed by a sister of charity. The rest
2255 1036 3002 1116 of the play is made of the dreams that
2253 1088 2969 1155 come to the gpor child in her delirium.
2279 1130 3032 1196 The visions and apparitions pre¬
2257 1166 3022 1237 scnted last night were perfectly imagined.
2260 1201 3024 1282 Angels appenred in cireles of blue lights,
2266 1256 3004 1314 dazzling, primitive, almost crude, just the
2262 1284 3022 1351 way a village child might have imagined
2265 1324 3008 1405 them, from the naive pictures in her
2268 1373 3006 1444 Pheap prayer book. The glimpse of the
2261 1411 3010 1475 golden stairway with its serried ranks of
2245 1458 3007 1522 Tgolden-haired cherubs was like the heaven
2251 1492 3012 1564 pof atinted Easter card, such as Hannele
2262 1531 3004 1606 inight haye seen in a shop window. A
2270 1574 2993 1646 little aristocrat with Puvis de Cha¬
2270 1614 3005 1690 rannes piecture books and a Tissot Bible
2269 1665 2994 1734 might not have dreamed-of angels in Just
2274 1708 3001 1770 that way, hut Hannele undoubtedly
2264 1745 3013 1801 would have decked them withy all the
2269 1775 3015 1850 bright hues and stiff grandeur of the
2263 1824 2977 1904 angels in the village church windows.
2292 1860 3018 1932 In pitiful fashion the child’s scant
2265 1906 3016 1973 knowledge of joy is shown., The height
2267 1960 3012 2012 of bliss is to have her scheolmaster
2268 1992 3016 2068 grieve at her death. Her crowning van¬
2272 2028 3022 2108 ity is to wear the erystal slippers thati
2279 2065 3027 2148 Gretchen and. Bette found too swall.
2273 2120 3025 2182 Her one poor triumph over the school
2276 2159 3035 2235 fellows who have called her Princess Rag¬
2271 2192 3029 2275 tag is to imagine them begging her pardon
2275 2254 3042 2307 and asking'her Vnotsto tell theidear Lord
2269 2283 3038 2351 sthat they made fun of her.“ Wien her
2269 2315 3033 2389 dead mother appears to her she asks#if
2283 2355 3041 2445 in heaven one mayrest when one is tired
2272 2422 3044 2471 land cat wlen one is hungry, and sheire¬“
2273 2451 3031 2517 joices ihen a fantastic tailor brings her
2280 2493 3030 2555 in wedding veil, and a. shining gown, so
2289 2532 3035 2600 thät she may not be forced to appear be¬
2288 2582 2796 2654 fore her Saviour in tatters!
2308 2616 3054 2687 Mrs. Fiske as the child Hannele
2286 2663 3049 2728 effaced herself almost completely. Han¬
2287 2698 3036 2770 nele was a mere hub around whichsthe
2290 2746 3050 2808 play revolved. Seen dimly through veils#
2286 2788 3041 2862 Jof ganze the'illusion of small and fragile
2283 2827 3043 2912 gouth was maintnined and her voice had
2288 2871 3031 2937 the pathetie trehle of.the frightened child.
2293 2902 3042 2989 Alice John’s warm wemauliness shone
2280 2944 3052 3034 through Si er Martha's part, and Höl¬
2273 2993 3046 3069 Ibreok B#un was impressive as the
2291 3052 2494 3107 Stranger.
2331 3051 3042 3148 Hannele“ was preceded by: The Green
2288 3118 3033 3177 Cockatoo.“a "gretesquerie' in one act
2283 3159 3039 3219 by Arthur Schnitzler. It is a play of the
2294 3209 3036 3270 French revolution and the action takes
2286 3242 3032 3320 place on the eve of the fall of the Bas¬
2293 3307 2413 3352 tille.
2328 3321 3037 3390 Grisettes, aristocrats, actors, citizens
2291 3376 3042 3432 consort in a cnbaret which gives the play!
2297 3411 3057 3478 its title. Oue of the actors kills an aris¬
2290 3454 3042 3519 tocrat who he discovers has been the
2298 3479 3047 3561 lover of ihe girl the actor has just mar¬
2300 3535 3053 3588 ried. As the crowd in the cabaret gath¬
2295 3577 3049 3634 ers around the body of the duke, the
2299 3619 3036 3692 citizens flock in from the streets, bring¬
2295 3655 3035 3719 ing the news of the fall) of the Bastille
2302 3696 3049 3769 and singing the Carmagnole. The en¬
2306 3737 3051 3806 semble work of the company in this
2302 3784 3058 3842 colorful little drama was excellent, and
2312 3824 3046 3891 the color and grouping of the crowds
2303 3861 3064 3923 was picturesque to a degree. Holbrook
2303 3904 3042 3989 Blinn, Edward Mackay, Henry Stephen¬
2300 3950 2985 4024 Ison, and Alice John did good Work.
2884 3983 3052 4059 J. M.
