3436 4224
2448 252 2605 382 Nd
1125 317 1608 403 LITERATURE.
1377 423 2569 477 This is cheerful reading for English authors who are conscious
1135 427 1365 502 d the in¬
1128 478 1364 531 smiles and
1371 473 2587 525 of having been praised by the Australian Press. But there is
1383 518 1578 579 worse :—
1131 521 1350 579 Tope who,
1486 571 2578 616 Some booksellers are getting into a habit of lendhng a
1133 568 1357 620 1 German
1412 605 2545 653 book for review—“ and please mention our name prominently?
1140 610 1360 667 ury Seton
1445 638 2579 695 —with an injunction to return at once“ because the other
1129 657 1360 712 of British
1422 681 2579 730 paper wants it before Saturdlay.'' The ox treads out their
1416 718 2585 769 corn, and is muzzled in defiance of Holy Writ. No wonder
1148 744 1368 804 eis.“ The
1430 761 1787 824 bookselling pays.
1142 789 1367 846 laboured,
1147 832 1366 892 nd out of
1454 847 2578 897 The“ Trinidad Reviewer“ (Robinson Printing Company), a
1321 876 1354 923 „
1151 875 1321 935 nisdale
1368 882 2581 935 kind of year-book and guide-book combined, compiled by Mr. T.
1161 920 1368 991 s psendo¬
1377 923 2586 994 FitzEvan Eversley, devotes a section to the literary history
1160 969 1357 1029 t, for the
1386 965 2421 1039 of this important West Indian possession. We read :—
1159 1018 1360 1075 Flevoid of
1489 1014 2591 1068 The possession of intellect will not, we suppose, be denied
1161 1065 1359 1122 engeance
1422 1063 2579 1111 the Trinidadian; but, while we are obliged to recognize the
1427 1112 2590 1159 occasional flash forced into being by the natural wealth
1176 1104 1374 1175 brought
1411 1138 2592 1187 pressing behind it, we cannot be blind to the fact that the best
1413 1181 2585 1231 is not, and has not been, made of the evident brain-force in the
1411 1231 2593 1270 island. In every branch of literature we have noticed the
1418 1252 2581 1305 promptings of young Trinidad striving for utterance, often
1166 1267 1364 1343 ing that
1427 1302 2580 1350 with astonishing success; but why the effort is not more
1171 1324 1364 1379 1, but if
1419 1334 2588 1393 general, not more sustained, is the question that is naturally
1159 1354 1366 1414 #ertainlv
1424 1375 1643 1430 suggested.
1170 1403 1329 1456 Wits,
1378 1414 2577 1467 This state of things, it appears, is attributed by some to the
1171 1443 1361 1495 Priptions
1372 1472 2580 1521 climate and by others to“ satisfied desire''; but Mr. Eversley
1171 1479 1352 1533 ficiently
1382 1521 2589 1568 more sagaciously ascribes it to the fact that there is no money
1172 1520 1362 1570 Does Mr.
1173 1558 1354 1607 des him?
1378 1553 2595 1607 in literature in Trinidad, and that“the Trinidadian has not yet
1173 1593 1351 1658 culously
1381 1607 2594 1657 reached that stage of philosophical refinement when he will be
1166 1636 1326 1685 Ppiece
1383 1648 2424 1703 willing to work for the improvement of his intellect.?
1182 1664 1358 1724 3. Yeats
1162 1712 1363 1764 gestedl a
1454 1727 2596 1796 The fact remains, however, that the Trinidadians have
1180 1751 1355 1802 ned face,
1389 1791 2593 1838 written a certain number of books which Mr. Eversley duly
1183 1789 1358 1838 #1 an elf¬
1183 1827 1363 1875 se. He
1376 1826 2597 1883 catalogues and subject-indexes. He gives us seven entries under
1173 1865 1336 1920 iecent.
1378 1874 2591 1922 the heading of history, three under that of geography and
1206 1905 1350 1954 with a
1382 1919 2596 1961 topography, four under that of chronology, and enumerates
1191 1943 1357 1993 brown
1377 1967 2590 2019 eight political, two educational, and five dramatic works, together
1178 1981 1357 2034 ended, I
1386 2007 2596 2048 with three novels and one collection of poems. On this dearth
1187 2020 1340 2068 urden,
1202 2059 1358 2111 allthe
1386 2047 2596 2109 of poetry in the island, Mr. Eversley comments luminously
1189 2095 1369 2149 5 speaks
1392 2101 1516 2163 thus:
1185 2135 1367 2187 uggests
1483 2137 2600 2196 Not that the muse is sterile here, the contrary is the
1175 2167 1370 2222 ing red¬
1424 2189 2596 2236 case; but her inspirations are spasmodic, and though really
1181 2205 1361 2259 ow bril¬
1430 2232 2588 2283 good verse is often to be seen in the local papers, yet the muse
1189 2243 1358 2304 Tenley’s
1422 2264 2594 2300 is not loved with that devotion that alone can secure satis¬
1209 2286 1381 2354 this is.
1431 2300 2594 2352 factory fruition. Mr. Devenish then stands alone, and
1422 2330 2596 2402 deservedly so, and to him without a grudge and with truth
1422 2378 2284 2437 may be applied the title,“ Poet of Trinidad.“
1199 2370 1375 2433 minute
1202 2422 1365 2475 in New
1381 2429 2596 2484 It only remains for us to express the hope that Mr. Devenish
1198 2462 1372 2520 Netin, it
1391 2470 2595 2515 will, some day, give us the opportunity of introducing to the
1207 2510 1363 2560 in the
1384 2511 2596 2567 attention of a wider public those poetical compositions which
1186 2542 1365 2611 #s uinde
1383 2565 2281 2625 have crowned him with glory in his native land.
1588 2608 1648 2663 *
1180 2593 1369 2659 fan men
1186 2651 1373 2702 racters
1459 2649 2600 2711 Many readers will be surprised to learn that Goethe’s“ last
1204 2697 1369 2746 Lawson,
1386 2695 2593 2764 love“' is still alive. Freifräulein Ulrike von Levetzow, the lady
1194 2733 1370 2793 stralian
1390 2746 2594 2796 in question, recently celebrated her 9öth birthday. Goethe met
1197 2782 1366 2843 riticism
1382 2792 2592 2848 her at Marienbad in 1823. He was 74 at the time, but conceived
1201 2825 1364 2889 #lI sense
1396 2836 2603 2896 so strong a passion for the beautiful nineteen-year-old girl that
1214 2868 1367 2924 nt that
1388 2879 2603 2924 he wanted to marry her. She, however, is said to have refused
1217 2915 1351 2975 kcess,
1404 2929 2597 2980 him, and he was left to celebrate his unrequited love in his
1214 2961 1367 3021 ealings
1394 2970 2590 3020 *Marienbader Elegie.' Of late years Freifräulein von Levetzow
1223 3007 1365 3068 port of
1398 3017 2588 3064 has resided on her own estate at Triblitz in Bohemia. She
1212 3055 1363 3113 man of
1397 3063 2590 3111 enjoys excellent health, and takes an active interest in every
1207 3101 1367 3158 ans, on
1402 3109 2595 3159 movement for the relief of the poor of her district, wliere her
1217 3141 1373 3202 with a
1399 3153 2597 3206 birthday was made the occasion of a remarkable torch-light
1395 3197 1627 3256 procession.
1226 3264 1374 3337 stralia
1478 3272 2595 3330 Arthur Schnitzler’s three one-act plays, Paracelsus (which first
1218 3325 1362 3392 ion .—
1404 3330 2592 3386 appeared in Cosmopolts shortly beforethe demise of that periodical),
1400 3361 2589 3435 Wie Geführtin, and Der grüne Kakadn (a grotesque), all have for
1234 3376 1372 3434 supply
1216 3407 1373 3482 omie Of
1406 3408 2601 3469 Iheir theine an intrigue intended oraccomplished. Schnitzler is
1244 3450 1376 3504 bad;
1404 3464 2595 3515 dhe most promising dramatist of the young Viennese schoöl of
1230 3492 1369 3542 and is
1393 3509 2601 3571 Uttérateurs. Liebertet, the play with which Schnitzler made his
1224 3533 1375 3585 oist a
1397 3551 2601 3608 mark a few years ago, is known outside Austria and Germany,
1212 3568 1380 3620 hus for
1442 3596 2598 3656 are his brilliant contes collected under the title of“ Die Frau
1388 3598 1440 3651 a
1221 3609 1379 3671 d give
1454 3651 2601 3710 Weisen, and“ Anatole,a volume of masterly dialogues
1386 3643 1447 3699 7
1546 3692 1924 3808 7 7
1516 3823 2688 3953 S K
1774 3936 2393 4035 K. 7#.—
1864 4029 2000 4113 S
3186 4086 3283 4141 S
