3436 4352
1801 39 2467 107 EB BELLE
1464 45 1669 132 S
1743 107 2382 194 Mrs. Fiske Misses
1770 197 2324 291 the Child Spirit
1794 267 2261 375 of" Hannele'
1843 357 2266 414 —
1430 403 2678 486 EYCHARLES DARNTON.
1429 452 2770 531 P HILE any one who has the best interests of the stage at heart munt
1385 516 2774 575 sympathize with the earnest, and usually brilliant, efforts of Mrs. Fiske,
1444 547 2776 610 tlie regrettable fact remains that Hauptmann’s“Hannele“ could not make
1345 572 2006 637 ier a child again just for last night.
1393 605 2784 675 A franklg disappeinted audience was left to grope its way through ine
1342 663 2687 714 ##o-called "dream poem'' at the Lyceum Theatre not only because the stage m
1347 696 2760 737 tgement failed to lend a helping hand at times but because Mrs. Fiske did net
1346 733 2649 779 bring out the shining spirit of the child and the Manhattan company gen
2039 772 2638 823 seemed to be completely in the
2039 810 2626 865 The performance was falrly ##
2041 853 2660 902 in atmosphiere“ that began with##
2046 885 2643 937 ludé by tlie orchestra which wa
2047 919 2632 967 ried to such lengths that the #
2045 960 2593 1014 lost its patience and its manne
2047 998 2586 1053 the music had run its course.
1541 998 1583 1057 W
2061 1028 2615 1086 The pity that the play awa
2041 1067 2578 1121 you read it was not felt wde
2046 1104 2638 1158 was carried into the almshous
2042 1139 2604 1198 placed on her deathbed last n
2042 1184 2629 1237 her first half-frightened utterane
2046 1220 2758 1274 Fiske, türning on her pillow, might
2049 1252 2772 1309 have been a child for all one could s#e
2044 1292 2782 1341 or hear, but her criés of terror at the
2042 1336 2779 1387 apparition of thie bbrutal stepfather were
2043 1374 2778 1423 the cries of à woman. Still the physical
2044 1399 2780 1463 obstacle was not tle real stumbling
2040 1441 2763 1494 block in Mrs. Fiske’s way. It was the
2049 1484 2769 1544 spiritual side of the rolé that she was
2044 1514 2768 1571 unable to realize. This was all the
2035 1554 2775 1598 möre sunprising for the reason that shé
2047 1594 2762 1640 probably chose thé pläy dut of sym¬
2040 1627 2758 1674 pathy with dts protest ágainst cruelty
2044 1661 2768 1737 to children qulte sas much as fär its
2044 1702 2206 1759 poetry.
2076 1728 2779 1792 Whether dreams and visions can be
2036 1774 2764 1824 shonen on the stage without saerifteing
2041 1815 2765 1869 much of the poetry and even möré of
1347 1807 1593 1886 ssadas
2035 1855 2769 1913 tlie elusive quality is à question thät
2040 1889 2766 1946 rémained in the balänce läst niglit:
1456 1888 1942 1970 Mrs. Fiske as Hannele.
2051 1934 2761 1973 This sordid, pltiful täle öf the poor,
2037 1960 2775 2022 starved beggar child thät tries to com¬
2044 2001 2766 2050 mit suieide to escape the brutality öf
1327 2026 2763 2111 drunken stepfather Is so tinged with the superhuman that it is difficult 10
1335 2061 2756 2122 make it objective. The play shows Hauptmann botwas a roalist and à symböllst,
1330 2099 2762 2172 and the delirious visions of the dying child, the donfused medley in which her
1330 2146 2770 2181 dreams of her dead mother and the hcaven to ghich shé is lönging to go ars
1336 2172 2770 2262 mingled with terror when she imagines shé sees or hears her stepfäther, make
1335 2211 2589 2276 the acting, as well as the stage mahagement, an unusually difficült task.
1378 2252 2766 2334 It was impossible, öf course, for Mrs. Fiske to look or speäk llke a child
1333 2271 2065 2350 of fourteen. Miss Mabel Tallaferro is
1326 2328 2067 2384 che one woman on our stage who is
1336 2356 2069 2431 physically suited to the role. The noté
1331 2410 2058 2458 of quivering fear was missing in Mrs.
1335 2441 2061 2497 Fiske's first cry,“I am afraid!“ and,
1336 2485 2063 2540 while the later feverish exclamations
1336 2520 2065 2572 weré caughit with more truthfulness,
1324 2559 2069 2613 she never really touched the heart. One
1326 2597 2069 2645 merely felt cold when Hannele was
1333 2624 2066 2688 placed in her erystal coffin äfter the
1329 2664 2056 2725 coming of the Angel of Death, The
1332 2707 2052 2759 angels of light made the #shining stair¬
1323 2731 2063 2811 way to heaven a beautlful pieturé and
1330 2780 2053 2846 ülled us with a spirit of forgiveness for
1332 2824 1927 2877 che sins of some of thé actors.
1381 2844 2066 2911 The balmshouse crew was not buly
1338 2879 2056 2954 ###öcial, but almost unintelligible.; As
2555 2935 2592 2968 720
1337 2931 2066 2995 Sister Martha, however, Miss Allce John
2385 2928 2535 3004 83
1336 2964 2052 3030 zve a béautiful perforance. Hol¬
1335 2995 2052 3066 brook Blinh, as the schoolmaster sho
1334 3044 2061 3090 #aromes merged into The Stranger, was
1324 3069 2061 3129 dirappointing. He was neither as awe¬
1336 3113 2051 3183 ##piring nor as gentle and tender as
1327 3157 1767 3203 t#echaranter requires.
1374 3174 2058 3252 in The Green Cockatoo,“ howgver,
1324 3229 2062 3289 Mr. Blinn appeared to much betterbad¬
1339 3265 2063 3317 vantage as the chief actor in a Baris
1329 3296 2055 3359 cabaret who told a yarn about killing
2373 3322 2572 3400 OodSadas
1321 3345 2066 3395 his bridé’s lover with such dramatie
2226 3350 2352 3441 1
1328 3379 2062 3429 effect that the proprietor belleved it
1325 3404 2046 3469 and assured him that hie liad made no
2119 3433 2693 3503 Allce John as Sister Märtha.
1321 3449 2056 3505 mistake in finishing the Duc de Cadig¬
1332 3492 2061 3543 nan. So when the Duke dropped in
2115 3481 2700 3559 Holbröck Blinn as Gottwald.
1323 3531 2061 3579 after the fall of the Bastile the gur¬
1321 3550 2762 3615 prised actor made short work of Him. This “grotesquerie' by Arthur Snitzler
1320 3597 2754 3663 proved a stirring, lively little affair, of no serlous value, but clever and “sketchy.“
1327 3645 2751 3681 Ir brought out the fact that Miss John, who played the unhappy bride, is a very
1329 3678 2757 3723 pretty woman. She wäs capital in her amiable indifference ät the beginning, büt
1319 3722 2760 3771 shefell down“ completely when she threw herself upon the dead body of her
1319 3756 2761 3812 lover. The acting generally was very' good, especially that of Henry Stephenson
1332 3794 2473 3836 as the proprietor of the place, and Edward Mackay as the Duke.
1376 3835 2380 3888 It’s a pity the good work wasn't kept up in“ Hannele.“
