3436 4256
2145 133 2623 232 box 15/6
366 129 2011 245 9.4. Der Brnene KakadnZykIus
3082 1201 3359 1294 220 Mungan
1275 1264 3340 1332 hervorgebracht, von denen man bleibende Eindrücke sich geschlossene Individualität kann überhaupt nie kommt,
1298 1305 3359 1375 erhielt. Selbst Hermann Sudermann mit der etwas ersetzt werden. So kann wohl ein anderer Darsteller schüchtern
417 1222 1221 1425 Berliner Plauderei.
1285 1367 3358 1427 verwaschenen Symbolik seiner „Drei Reiherfedern“ an Josef Kainz' Platz treten, er kann auch ein tüchtiger Schwank
914 1374 1279 1456 Berlin, 17. Juni.
1284 1410 3360 1465 und Ludwig Fulda mit dem wattirten Pathos seines Künstler sein, aber er wird nie Josef Kainz sein lan einen
322 1410 1307 1507 — Seitdem Johann Strauß gestorben ist singt
1302 1453 3363 1509 „Herostrat“ dürften auf Grund dieser beiden Dramen und deshalb muß man dessen Scheiden von Berlin kals Verfa
343 1491 1313 1550 und klingt es überall in Berlin von seinen Walzern.
1298 1482 3341 1549 allein kaum den Anspruch erheben lönnen, in der auf's Tiefste bedauern. Aber so beliebt und gefeiert dadurch
352 1539 1310 1606 Im Zoologischen Garten und im Ausstellungspark,
1293 1543 3366 1604 papierenen Ruhmeshalle des Konversationslexikons! Kainzheute auch ist, Richard Kahle wares nicht minder, motiv de
350 1588 3355 1637 oder wo sonst noch preußische Militärkapellen einen anständigen Sitzplatz zu erhalten. Nur Ger= als er im Jahre 1871 an's kgl. Schauspielhaus kam. unter ein
344 1634 3348 1682 spielen, suchen sie die weichen Melodien des Wiener hart Hauptmanns erschütterndes Volksstück „Fuhr= Heinrich Laube hatte ihn ein paar Jahre an das und Mißy
348 1670 3356 1719 Meisters mit möglichst einschmeichelnder Anmuth zu mann Heuschel“ und Arthur Schnitzlers genial hin= Leipziger Stadttheater gebracht und nun sollte er in lustig erd
354 1701 3358 1774 Gehör zu bringen, soweit bei einer preußischen Mi= geworfener Einakter „Der grüne Kakadu“ ragen Berlin der Nachfolger des gewaltigen Dessoir die üblich
360 1756 3357 1815 litärkapelle von Anmuth überhaupt die Rede sein leuchtendhervoraus dem Wustalberner und gespreizter werden. Die schwierige Aufgabe gelang dem jungen den Kau
349 1796 3368 1867 kann. Im neuen königlichen Operntheater, das von Mittelmäßigkeit, die sonst der verflossenen Spielzeit Schauspieler gleich auf den ersten Wurf und fast nie derbeiden
351 1849 2256 1889 den Berlinern immer noch „bei Kroll“ genanntlso recht den Stempel aufgedrückt hatte. „Fuhrmann
2234 1849 3360 1896 hat so jubelnder Beifall einen Theatersaal durchtobt, für drei,
351 1883 3356 1957 wird, geht allabendlich die „Fledermaus“ in Szene! Henschel“, mit dem Hauptmann an eine seiner aller= als bei Kahles erstem Auftreten als Narziß im königsl von Wie
344 1935 3363 1983 und seit acht Tagen tritt auch noch des todten Walzer= frühesten und tiefsten Dichtungen, an das „Friedens=lichen Schauspielhause. Ob der kleine Mann dann kum leich
347 1984 3337 2043 königs Bruder Eduard Strauß mit seiner Kapelle inlfest“ anknüpft, ist ein tragisches Volksstück, wie „der später den Franz Moor spielte oder in Herzog Albatf Laune d
354 2025 3340 2081 der Brauerei Friedrichshain auf und macht die Biberpelz“ ein komisch=satirisches Volksstück war.] mächtigen Ritterstiefeln über die Bühne schwamm# freundlich
339 2058 3306 2120 Wiener Walzer im fernsten Osten Berlins populär.]U#re Berliner Possenschriftsteller jagen schon sei, das Publikum vergötterte ihn einfach. Allzu langaskonnter
346 2107 1315 2163 Selbst das fürchtbare „Ist denn kein Stuhl da für
1378 2098 3331 2166 n Jahrzehnten „mit heißem Bemüh'n“ dem dauerte diese Begeisterung freilich nicht, denn balditige Kräf
354 2148 3321 2207 meine Hulda“ ist, momentan wenigstens, durch die Vousstück nach, ohne mehr zu Stande zu bringen, als empfand man, daß das Temperament Richard Georg:
354 2192 3358 2257 „schöne blaue Donau“ in den Hintergrund gedrängt  einen thöricht=sentimentalen Mischmasch. Sie sollten Kahles doch nur in seinem Kopf und in seinen Trotzdem
350 2256 3358 2298 worden und auch die kleinen Damen aus der Kon= nur auf Gerhart Hauptmanns Wegen wandeln, dann Stimmbändern steckte und daß sein wunderbar] Jarno ka
361 2289 3355 2345 fektionsbranche, die jeden Donnerstag draußen in könnten wir — vielleicht wieder ein gutes Volksstück klangvolles Organ im Grunde nur ein tönendes Erz) das Spu
361 2316 3358 2384 Halensee ihr Tänzchen machen, schwärmen jetzt mehr und auch eine gute satirische Posse bekommen. Aber war und eine klingende Schelle. Er war und blieb! führt das
354 2365 2251 2426 für Strauß, als für das bewährte Komm Karlie= dazu gehören freilich Dichter, — und das sind eben
2240 2376 3358 2440 ein deklamirender Rhetoriker, die vorwärts drängende durch R#
356 2416 3178 2471 ken“ mit dem traulichen Refrain „Kille, kille, Pan=unsere Possenschriftsteller nun eben nicht. Wir haben und immer Neues gebärende Zeit verstand er kaum
3164 2422 3355 2475 den vor
358 2461 3348 2521 kow“ Man sieht, auch wir verderbten Reichshaupt= ja überhaupt fast gar keine Dichter mehr, sonderni noch und so scheidet er heute als ein fast Vergessener hat. Dies
351 2505 1685 2561 städter sind noch eines idealen Aufschwunges fähig, nur noch „Autoren“
2218 2500 3347 2590 von derselben Bühne, auf der er einst wie ein leuch= Link den
1324 2528 2253 2603 Mit dem Schluß dieser Spielzeit scheiden zwei Dar¬
359 2536 1310 2614 und wenn Karl Millöcker nur erst gestorben ist, wird
2231 2543 2858 2606 tendes Meteor aufgeflammt war.
3156 2549 3347 2624 in sich fin
355 2591 2248 2642 unsere königliche Oper auch vor seinem „Bettel= steller von Berlin, die so recht die gewaltige Wand¬
2275 2572 3363 2652 Es wird jahrein jahraus in Berlin ziemlich viel zu gehen
355 2642 2245 2694 studenten“ nicht zurückschrecken. Sie hat mit der lung charakterisiren, die im Lauf der letzten zwanzig
2231 2617 3353 2703 Wiener Kunst importirt, die jedoch keineswegs immer Schmerze
351 2669 2240 2732 „Fledermaus“ so glänzende Einnahmen gemacht, Jahre die Schauspielkunst und der Geschmack des
2239 2679 3343 2732 einen künstlerischen Gewinn bedeutet. Um so mehr seligkeit.
354 2718 3351 2781 daß sie gar nicht begreift, wie man die Operetten so Publikums durchgemacht haben. Josef Kainz siedelt freut man sich denn, wenn einem dabei ausnahms= Limonad
3198 2761 3353 2828 „Der
362 2769 3180 2833 lange Zeit für nicht hoffähig halten konnte, voraus= an's Wiener Burgtheater über und Richard Kahle weise ein se recht urwüchsiges, vollsaftiges Talent
348 2822 2245 2874 gesetzt, daß es wirklich zugkräftige Operetten sind. zieht sich ganz von der Bühne zurück. Wer Kainz ist,
3163 2808 3350 2873 jetzt Aben
2226 2820 3166 2870 begegnet. Hausi Niese die gestern im Neuen Theater
357 2856 663 2924 Sonst freilich —
637 2860 718 2909 —
1296 2852 3178 2913 weiß Jedermann, während außerhalb Berlins stürmisch begrüßt wuree, hat den Berlinern schon im
3160 2849 3358 2916 verlassen
1299 2899 2261 2949 mancher der Jüngeren Richard Kahle kaum noch dem
400 2881 1309 2967 Blickt man jetztauf die öffentlichen Anschlagsäulen,
2238 2906 3173 2958 vorigen Sommer gezeigt, daß sie die beste Wiener
3170 2901 3350 2962 sinnigen
1304 2944 2255 3004 Namen nach kennen dürfte. Josef Kainz ist durch und
354 2947 1316 2999 von denen ie Plakate der Berliner Bühnen bis auf
2236 2942 3354 2996 Soubrette seit der Gallmayer ist. Sie ist ein weib¬ schweigen
348 2989 2242 3045 eine ganz kleine Anzahl verschwunden sind, so müssen durch der moderne Künstler, dessen nervöses Tem¬
3164 2989 3343 3045 Abend t
2232 2979 3183 3042 licher Komiker und drolligster Humor und be¬
3164 3027 3356 3090 theils w
2234 3029 3181 3096 strickende Liebenswürdigkeit vereinigen sich in ihr mit
353 3018 2243 3088 selbst pessimistische Gemüther zu der Ueberzeugung perament jeder Bühnenfigur ein ganz individuelles,
2245 3079 3181 3141 einfachster Natürlichkeit. Die Rolle, in der sie gestern
360 3070 2242 3131 kommen, daß es thatsächlich Sommer geworden ist. charakteristisches Gepräge gibt, gleichviel, ob er
3163 3076 3341 3136 sperrt w
360 3122 3349 3193 Die Hoftheater spielen zwar noch und auch das den Romeo oder Carlos, den Franz Moor oder ihr Gastspiel begann, war von ihrem Bräutigam namentl
366 3172 3333 3212 Deutsche Theater“ bleibt noch bis zum Schluß des Richard III. spielt. Die Berliner Bühne verliert in Josef Jarno auf's Glücklichste ihrer Eigenart ange=waren,
359 3195 3341 3264 Monats geöffnet, um uns das Scheiden von Josef ihm einen Künster von so ausgesprochener Eigenart, paf worden. Er hat den Schwank „Die Wahr= dort steht
358 3254 3352 3299 Kainz möglichst schwerzu machen Aber die anderen daß er in de That nie ersetzt werden kann. Der altel sagerin“ zusammen mit Gustav Rickelt geschrieben, Nähe de
364 3289 3357 3344 größeren Privatbühnen sind geschlossen und die Sai= Gemeinplatz, aß Alles und Jeder ersetzlichist, ist ja einem Mitgliede des hiesigen Residenztheaters. Hausil die Poste
367 3344 3360 3415 somistio=gutwie heendet. Sie hat nicht viel Werke###othöricht un unwahr, wie nur möglich. Eine inNiese spiell eine resolute Wienerin, die nach Berlinl jedemet
