3484 4224
754 171 1309 246 ruene Kakadu
505 184 610 245 De
254 184 1306 287 9. 3 „F Kee
648 1234 1143 1444 Lange
488 1421 844 1520 Telephon 12801.
661 1524 1305 1653 „OBSERVEF
474 1633 1595 1733 I. österr. behördl. konz. Unternehmen für Zeilungs-Ausschnilte
674 1694 1404 1800 Wien, I., Concordiaplatz 4.
881 1768 1187 1832 Vertretungen
478 1804 1582 1890 in Berlin, Budapest, Chicago, Christiania, Genf, Kopenhagen,
465 1842 1591 1929 London, Madrid, Mailand, Minneapolis, New-York, Paris, Rom,
650 1896 1421 1953 San Francisco, Stockholm, St. Petersburg.
831 1941 1231 2001 (Quellenangabe ohne Gewähr.)
465 1999 862 2082 Ausschnitt aus:
460 2101 631 2165 vom:
738 2095 1431 2252 — Erestauer Zeitung
542 2317 1478 2421 Kunst, Wiffenschaft und Literatur.
421 2382 1675 2484 Dramatische Chronik. Otto Ernsts „Flachsmann als
373 2405 1667 2526 Erzieher“ ist nun auch ins Ruthenische und damit in die zwölfte
369 2463 1674 2565 Sprache übersetzt worden. Dasselbe Stück ist in einer von Elizabeth Kings¬
364 2509 1659 2589 burg mit Anmerkungen und biographischer Einleitung versehenen amerita¬
370 2554 1652 2638 nischen Ausgabe erschienen, die dem deutschen Sprachunterricht in ameri¬
353 2573 989 2654 kanischen Schulen dienen soll. —
987 2620 1654 2682 Arthur Schnitzlers „Grüner
353 2644 1670 2732 [Kakadu“, der vor mehreren Jahren im Burgtheater auf höheren Wunsch
356 2675 1664 2775 vo Repertoire aubgesetzt werden mußte, wurde in seiner Erstaufführung
366 2712 1677 2825 im Deutschen Volkstheater in Wien mit demonstrativem Beifall auf¬
332 2733 564 2826 genommen.
1465 161 1885 247 box 15/2
1746 1083 2133 1182 Telephon 12801.
1954 1140 2660 1292 „OBSERVER“
1765 1218 2879 1351 I österr. behördl. konz. Unternehmen für Zeitungs-Ausschnitte
1975 1308 2710 1431 Wien, I., Concordisplatz 4.
2193 1384 2500 1461 Vertretungen
1774 1410 2911 1524 in Berlin, Budapest, Chicago, Christiania, Genf, Kopenhagen,
1782 1454 2908 1580 London, Madrid, Mailand, Minneapolis, New-York, Paris, Rom.
1974 1502 2741 1613 San Francisco, Stockholm, St. Petersburg.
2141 1554 2567 1622 (Oaelienangabe ohne Gewühr.)
1797 1661 2198 1753 Ausschnitt aus:
2141 1701 2853 1799 Salzhunger Volksblatt
1808 1790 1961 1842 vom:
2255 1779 2578 1861 9
1975 1850 2986 1903 „Aus Wien wird uns geschrieben: Im Burg¬
1888 1898 2984 1957 ptheater gab man Donnerstag eine neue Komödie
1892 1930 2335 1989 4von Arthur Schn
2415 1946 2975 2005 er die sich „Zwischen¬
1939 1947 2993 2044 spiel“ nen spielt auch in diesem
1921 2017 2973 2088 seinem Werke mit den kühnsten Problemen, aber
1923 2066 2975 2112 ek ist ernster und reifer geworden. Zwei Aus¬
1929 2106 2970 2174 nahmemenschen, ungefähr so wie sie Nietzsche ge¬
1927 2153 2975 2198 dacht, verbinden sich in wahrer, aufrichtiger Lieve,
1921 2195 2975 2257 geben sich aber das Versprechen, die Wahrheit
1933 2245 2976 2296 immer und unter allen Umständen zu bekennen
1933 2289 2970 2344 und nie eine Ehe der Lüge und des Betruges zu
1938 2323 2977 2390 führen. Nach sieben Jahren ungetrübten Glückes
1926 2368 2974 2430 fangen sie an, ihr Verhältnis schal zu finden,
1932 2413 2980 2476 sie sehnen sich nach neuen Erlebnissen und neuen
1925 2463 2974 2515 Anregungen. Er, Adameus Adam, ein hervor¬
1922 2503 2967 2546 ragender Musiker, knüpft mit Verachtung der Lehre
1925 2541 2975 2610 Platons eine Liaison mit einer üppigschönen Sän¬
1917 2589 2977 2628 gerin an, Frau Zäzilia hofft in den Armen eines
1928 2631 2984 2690 naiven fürstlichen Jünglings das große Glück zu
1935 2669 2977 2719 finden. Der Mann genießt, die Frau ersehnt und
1922 2715 2973 2774 träumt. Mit der ganzen spitzfindigen Dialektik,
1925 2759 2975 2826 die der geistvolle Schnitzler aufzutreiben vermag,
1920 2800 2970 2854 läßt er seinen Helden die oft an das Groteske strei¬
1924 2840 2974 2893 senden Ansichten und Thesen verteidigen; der Zu¬
1914 2894 2972 2951 hörer ist fast geblendet von dem sprühenden Feuer¬
1921 2938 2971 2986 werk Schnitzlerscher Beredsamkeit. Das kleine Zwi¬
1917 2977 2964 3023 schenspiel mit Sängerin und Turchlaucht ist für
1911 3011 2981 3079 die beiden Menschenkinder, die einst ein reines
1914 3064 2975 3108 Glück genossen, zum Verhängnis geworden, in ihm
1915 3108 2975 3152 und in ihr sind heiße Begierden erwacht und da
1922 3151 2975 3200 sie sich wiederfinden, wird sie durch den eigenen
1909 3197 2975 3247 Mann zur „Gefallenen“. Das Stück, das um
1908 3241 2973 3298 Schnitzlers willen Beifall fand, rettete Kainz mit
1915 3278 2973 3353 seinem grandiosen Spiel. Frl. Witt war wohl
1904 3321 2970 3401 um einige Nuancen zu bürgerlich, zu wenig modern
1903 3365 2288 3424 und emanzinfort
