3392 4352
763 216 1306 290 uene Kakadu
232 216 628 311 9.3. Der
1419 216 1877 311 box 14/8
466 236 1289 332 Der gruche Randau
465 1412 2870 1518 * Lobetheater. Sonntag den 7. Mai. Mittags 113 Uhr: lündet den Sturz der Bastille und Henri, von seiner eifersüchtigen
393 1459 2875 1574 Matinée der „Freien litterarischen Vereinigung.“ Regung übermannt, tödtet den eben eintretenden Herzog. Schnitzler
478 1503 2868 1606 er grüne Kaladu“, Groteske in einem Act von Arthurlhat den Oprung auf das historische Gebiet mit großem Glück unter¬
447 1522 2875 1673 schni#l##Regie: Herr Regisseur Niedt. Vorhek: Ab=nommen. Die Charakteristit der zahlreichen handelnden Personen ist
1631 1581 2884 1663 eine scharfe und lebenswahre und die geschichtliche Episode selbst ist
428 1606 1629 1696 cied vom Regiment", Drama in einem Act von Otto Erich
1626 1611 2876 1703 durchaus dramatisch verwerthet. Freilich läßt diese Groteske noch keine
402 1688 1624 1758 Hartleben. Regie: Herr Regisseur Niedt. (He#f. Facte.
1634 1663 2872 1751 Schlüsse zu, ob das Talent Schnitzlers auch einer größeren Composition
1635 1706 2885 1788 auf historischem Gebiete gewachsen ist. Immerhin hat der Dichter ge¬
456 1724 1626 1796 Die Sonntags=Matinée der „Freien litterarischen Vereinigun=“
1630 1743 2870 1832 zeigt, daß er ein Meister im Kleinen ist und das können nicht Viele
401 1754 1626 1840 hat uns die Bekanntschaft zweier Novitäten vermittelt, deren eine so
1624 1812 1996 1887 von sich behaupten.
407 1810 1629 1880 entschieden litterarischen Werth beansprucht. Arthur Schnitzler
1697 1824 2873 1912 Herr Regisseur Niedt hatte den Grünen Kakadu“ in treff¬
413 1849 1635 1928 bewegt sich in seiner einactigen Groteske „Der grüne Kakadu“
1628 1886 2876 1961 lichster Weise in Scene gesetzt. In den scenischen Arrangements war
437 1891 1631 1971 uf historischem Terrain. Das Stück schildert uns das Präludium
1635 1928 2872 2002 das historische Colorit recht glücklich wiedergegeben und die großen
560 1933 1632 2010 zen französischen Revolution; es spielt an dem Tag der Er¬
1636 1949 2882 2043 Volksscenen hatten ein durchaus lebensvolles Gepräge. Unter den
622 1970 1639 2044 er Bastille in einer Art von Verbrecherkeller, der den an¬
1640 2003 2893 2085 Einzeldarstellern ragten Herr Lettinger, der den Schauspieler
622 2014 1633 2088 kamen „Der grüne Kakadu“ führt. Prospère, der Wirth
1638 2044 2888 2128 Henri mit hinreißender Leidenschaft darstellte, Herr Lehrmann,
621 2057 1638 2123 unke, ein vormaliger Theaterdirector, ist, um sein Geschäft
1629 2085 2897 2168 der einen „wirklichen Mörder“ in Maske und Spiel höchst charakte¬
614 2088 1640 2169 Fluß zu bringen, auf die eigenartige Idee verfallen, eine
1642 2125 2876 2208 ristisch verkörperte und der in allen Theilen prächtig durchgeführte
622 2148 1632 2212 rtruppe zu engagiren, deren Mitglieder an jedem Abend
1641 2152 2887 2251 Spelunkenwirth Prospère des Herrn Bayrhammer mächtig
613 2180 1636 2250 urch den lebenswahren Vortrag selbsterfundener Soloscenen
613 2218 1633 2298 ln bringen. Die beste Pariser Gesellschaft strömt denn auch
1639 2227 1808 2307 hervor.
611 2259 1642 2334 nach diesem Keller, in welchem besonders der Schauspieler
1716 2249 2892 2333 Der Schnitzlerschen Novität voraus ging ein einactiges Drama
619 2317 1647 2376 sein vielversprechendes Talent Furore macht. Henri, der
1640 2292 2895 2381 „Abschied vom Regiment“ von Otto Erich Hartleben. Das
605 2349 1644 2418 hriges Verhältniß mit der Schauspielerin Leocadie unter¬
1645 2345 2884 2420 kleine Stück schildert die Stimmunger eines in Folge der Koketterieen
591 2380 1644 2455 diese vor wenig Tagen, obwohl er ahnt, daß sie ihm nicht
1644 2386 2885 2460 seiner Frau nach einer anderen Garnison versetzten Hauptmannes, der
566 2432 1640 2493 als Gattin heimgeführt. Diese Leocadie steht nun auch in
1641 2403 2897 2498 in der Nacht seines Abschieds vom Regiment den Verführer seiner
417 2464 1633 2548 zarten Beziehungen zu dem Herzog von Cadignan, einem der Stamm¬
1646 2463 2888 2546 Frau zur Rede stellt und in dem hieraus resultirenden Mlaffengang
484 2500 1645 2584 te des „Grünen Kakadu“. An jenem Abend spielt nun Henri eine
1655 2508 2883 2588 von dem Gegner tödtlich getroffen wird. Auch dieser Einacter fand
787 2541 1641 2618 mittheilt, daß er soeben den Herzog von Cadignan
1646 2547 2893 2623 unter der Regie des Herrn Niedt eine treffliche Darstellung. Herr
821 2585 1654 2657 t habe und er spielt diese Saene so lebenswahr,
1649 2590 2877 2667 Jessen als Hauptmann Griesfeld, Fräulein Gabri als Olga,
813 2617 1643 2696 er Anwesenden die Ermorbung des Herzogs für
1649 2628 2880 2706 die Herren Steinrück als Hauptmann Feldmann, Johow, als
795 2674 1643 2734 it hält. Der Wirth Prospère, der sich scheinbar
1646 2661 2886 2750 Hauptmann Stein und Botz als Gustav von Prandau standen durch¬
754 2703 1651 2780 3 Spiel Henris täuschen läßt, verräth diesem nun,
1653 2729 2298 2810 weg auf der Höhe ihrer Aufgaben.
626 2757 1652 2822 ie auch nach ihrer Verheirathung mit dem Herzog gesehen
486 2782 576 2836 Leo
449 2743 2752 2869 vurde. In diesem Augenblick strömt das Volk in den Keller und Das Pablikum nahm beide Novitäten recht beifällig auf.
