3392 4256
1429 146 1877 244 box 15/2
974 151 1314 233 Kakadu
465 157 645 236 Der
227 153 1296 277 9.3. bei gruene Ranaau
886 1155 1266 1266 e
2245 1182 2515 1274 Muearen
2668 1175 3196 1277 Se wed rrwsherwahen s
316 1230 1528 1334 ausgesetzt die Sorge seines Vaters blieb. Unstet war er
1505 1261 2680 1336 entwarf, geißelt in dieser die Lüge einer Rechtsprechung,
2669 1272 3353 1336 unvergänglichste Denkmal und ge
309 1271 1517 1376 von Jena nach Weimar, von hier nach Paris und Bern
1503 1302 2682 1360 die nur das Geringfügige trifst und häufig den
2666 1312 3368 1391 Liebe“ mit kühner Hand die Für
314 1332 1515 1416 gezogen, bis er endlich dauernd in Wien blieb, wo er eine
1514 1353 2685 1429 niedrigsten Leidenschaften unterworfen ist. Dieselbe Kritik
2681 1353 3369 1436 tanen wie das liebe ieh nach
313 1394 1511 1446 Zeitlang die Bibliothek des Fürsten Esterhazy in stand
1514 1403 2678 1467 übt das Prozeßstück Kleists, das als Vorläufer einer
2680 1411 3390 1474 kausten — Lessing endlich, der D
312 1423 1509 1504 hielt, um dann Briefe des plötzlich verstorbenen alten
1510 1450 2674 1520 ganzen Gattung ähnlicher Dramen der roten Nobe
2663 1459 3379 1540 des „Nathan“ blieb bis an sein Ende
312 1464 1513 1561 Wieland herauszugeben, dessen Talent er bei Lebzeiten des
1506 1496 2681 1572 den Proceß macht. Der erste Dramaturg, wilcher
2675 1485 3348 1557 lichkeit der Volksrechte überzeugt.
303 1503 1505 1615 Dichters mit der Undankbarkeit eines genial=verkommenen
1509 1541 2670 1611 den „Zerbrochenen Krug“ nach dessen Ablehnung in
2672 1538 3368 1625 klang mit diesen Heroen ist das E
307 1555 1148 1640 Sohnes die Anerkennung versagt hatte.
1501 1577 2680 1668 Weimar für die Bühne zu erobern suchte der Koniker
2674 1579 3373 1663 von Walter, das Kleist in seinem
386 1621 1501 1696 Ludwig Wieland und die beiden Heinriche, Zschokke
1505 1618 1713 1691 Schmidt
1780 1642 2668 1715 auch der erste erfolgreiche Darsteller des
2677 1626 3383 1713 schuf, trotz aller menschlichen und
312 1667 1508 1745 und Kleist, hatten lange vorher in Bern einen Dichter¬
1504 1667 1843 1745 Richters Adam
1899 1696 2663 1773 gab dem Stücke das nachstelende
2666 1686 3387 1765 eine Verherrlichung des Militärsta
303 1704 1496 1795 verein gebildet, der in Zschokkes Wohnung nächst einem
1500 1724 1818 1803 Schlußwort:
2672 1746 3330 1811 nation, und auch Käthchen, mi
300 1754 1507 1853 kleinen italienischen Kaffeehause zu tagen pflegte. Während
1570 1758 2575 1861 Kommt Licht in das Gericht, will ich mich trösten,
2672 1785 3385 1854 spröde Schöne über die Pflicht der
304 1809 1500 1880 der Senior dieses immer lebendigen Bundes das Zimmer
1573 1823 2486 1899 Zerbricht dann jemals wieder Recht und Krug,
2673 1836 3353 1903 sinkt auf eine Stufe sklavischer
308 1860 1512 1926 aus seiner Knasterpfeife vollpaffte, vertieften sich seine
1599 1868 2469 1942 So sieht man doch, wer beides uns zerschlug.
2665 1885 3371 1961 zur Würde der Frauen nicht nur n
304 1894 1508 2003 Freunde in die Diskussion über einen französischen
1578 1917 2681 1994 Die Komödie Kleists bedarf einer solchen Erläutgung
2669 1926 3256 2012 heute im Widerspruch steht
313 1938 583 2019 Kupferstich.
1495 1955 2677 2036 nicht, ihre Absicht ist klar und deutlich, sie enthüllt in
2729 1978 3363 2066 Während Kleist das „Kät
397 2003 1496 2077 Theophil Zolli.g, einer der vielen, die diesen Blättern
1504 2023 2669 2093 vollster Natur= und Lebenswahrheit das ganze Urrecht
2667 2013 3373 2109 die Zeitung „Phöbus“ gründen hei
303 2051 1493 2134 durch den Tod zu früh entrissen wurden, hat das alte
1496 2067 2671 2149 des Rechtes, welches trotz aller Fortschritte der Menshheit
2667 2074 3366 2157 der Leitung derselben wurde Adam
1485 2114 2173 2192 nicht aufhört, diese zu belasten.
308 2102 1506 2198 Kunstblatt unter Benützung des Sammeleifers der Brüder
2667 2134 3358 2206 binden sich noch inniger da Kleist
308 2162 1498 2228 Goncourt wieder zu Tage gefördert. Es ist heute im Be¬
1575 2142 2666 2238 Leider ist Kleist einer ähnlich rühmenswerten Ge¬
2671 2166 3373 2253 lischen Kirche von Berlin das
303 2196 441 2260 sitze
417 2212 1505 2290 unseres Hugo Wittmann. Dieser Stich des ver¬
1490 2216 2662 2282 sinnung in seinen späteren Werken nicht immer treu ge¬
2653 2215 3385 2298 „Abendblätter“ eröffnet, die mit kl#
309 2239 1499 2311 schollenen Graveurs Le Veau vervielfältigte das Bild
1495 2254 2662 2314 blieben. Je nachdrücklicher sich seine Subjektivität ent¬
2658 2279 3364 2351 in das Lager der märkischen Junk
313 2294 1496 2361 eines gleichfalls verschollenen Malers Debucour, und stellt
1499 2309 2671 2381 wickelte, je mehr er wie ein Spätling aus der romantischen
2659 2319 3372 2379 Siege Napoleons der „Jakobinisierr
306 2330 1492 2412 in einer den Niederländern erborgten Manier den Ge¬
1500 2355 2668 2424 Sturm= und Drangepoche oder wie ein Vorläufer einer
2659 2370 3332 2442 zogen. Der preußische Minister K
300 2387 1494 2463 richtsstreit um einen zerbrochenen Krug dar. Das Blatt,
1489 2397 2668 2490 neuen Acra derselben auftrat, desto sichtlicher näheite er
2669 2407 3364 2493 könne der französischen Machtentf
306 2440 1496 2509 „le juge ou la cruche cassée“ betitelt, reizte das heitere
1488 2440 2667 2522 sich den Grundsätzen seines Freundes Müller, der die
2654 2463 3363 2522 Reaktion entgegensetzen; die „Aben
352 2482 1491 2566 ichterkleeblatt zu einem Wettkampf, in dem Zschokte eine
1495 2500 2673 2559 Staatskunst durch die Theologie beleben wollte, Goethes
2664 2516 3352 2581 daß nur durch die Umkehr zu de
395 2528 1504 2598 ählung, Wieland ein dramatisches Pasquill in fünf¬
1482 2525 2668 2602 Autorität nicht anerkannte, weil diesem „die Allgegenwart
2665 2561 3360 2620 das Vaterland seine Sendung erfül
375 2572 1514 2666 ßigen Jamben: „Ambrosius Schlinge“, Kleist eine
1494 2587 2658 2648 des Christentums in der Geschichte, Poesie und Philoso¬
2654 2604 3346 2670 im „Zerbrochenen Krug“, wurde a
302 2621 1503 2692 Komödie zum Besten gab. Zschokke und Wieland waren der
1489 2639 2671 2714 phie unsichtbar geblieben“. Durch diese Wendung nach
2652 2640 3336 2724 gerechter Richter über die Ereignis
302 2670 1492 2733 Meinung, daß der Vorwurf des Stoffes ein satirischer sei.
1485 2680 2664 2766 rechts trat Kleist in den entschiedensten Gegensatz zu den
2660 2700 3373 2764 dem pietistischen Gebete Zoroasters,
300 2696 1500 2768 Diese Auffassung beherrscht- auch das Kleistsche Lustspiel.
1481 2728 3372 2799 großen Poeten seiner Zeit. Goethe hielt die Poesie blätter“ einleitet, bis zu deren letz
312 2765 1491 2825 Seine Scherze, die Laune des Dialogs, die tiefe Ironie
1492 2777 3311 2862 für ein Gemeingut des Volkes, nicht für ein erfüllt von den unerbaulichsen
298 2819 1499 2879 der eigentlichen, keck gesteigerten und die Heuchelei des her¬
1498 2835 3371 2915 Eigentum einzelner. In unzähligen Briefen, in seiner gen. Und doch glaubt der heißblütig
308 2859 1497 2938 könimlichen Formelkrams der Justiz sarkastisch verhöhnenden
1485 2873 3372 2943 Doktorsdissertation, in unsterblichen Versen und Aus= publizistischen Fehden dem Minister,
308 2906 1487 2979 Prozeßszene die revolutionäre Kühnheit endlich, mit der die
1499 2918 3369 3013 sprüchen kommt sein Freimut zur mächtigsten Ent¬ Dienste anbieten zu können. D
314 2946 1492 3021 empörten Bauern ihren falschen Richter aus dem Gerichts¬
1486 2970 3406 3039 faltung. „Werther,“ „Götz,“ „Egmont,“ „Faust“ atmen denscheut sich nicht, eine abfällige
311 2997 1497 3076 saal jagen, sprechen eine beredte Sprache. Anton Menger,
1489 3022 3373 3086 vollen Inhalt der Reformbestrebung ihrer Zeit. Schiller zu machen, Kleist wiederholt
302 3034 1503 3123 der eben als bedeutungsvollen Abschluß seiner sozialen
1481 3053 3376 3148 stritt im „Abfall der Niederlande,“ in „Carlos“ und er schon Goethen gegenüber nach
309 3085 1503 3192 Schriften eine moderne Sittenlehre?) in lapidaren Zügen
1489 3127 3355 3201 „Tell“ wie ein anderer Posa für die Gedankenfreiheit, „Zerbrochenen Kruges“ getan, er ic
425 3162 3371 3210 *) Anton Menger. „Neue Sittenlehre.“ Jena, Gustav setzte im „Wallenstein“ einem von der Wiener Kamarilla] Gegner eine Herausforderung. Ra
290 3177 498 3279 Fischer.
896 3208 3390 3317 in Untreue und Tod getriebenen strategischen Genie das! Eneraie und der erschreckte Dicht
