3436 4256
282 198 1903 308 9 4. Dergruehe Kakadu Zykrus
1505 1313 1565 1403 —
207 1396 2073 1482 usammen, und wie Vieles, das geschrieben habe. Es sei nichts Wichtiges darin, doch immer¬
887 1446 2050 1513 hin Dinge, wie sie nur eine Frau an die andere schreibe.
202 1473 871 1534 ir doch so gut wie gethan. Wir
882 1507 2061 1559 Hier in der Lade des Schreibtisches liegen sie. Er schließt
205 1506 884 1575 Ungewisse hinausgeworfen. Unser
880 1539 2055 1620 auf und gibt sie ihr. Er wisse wol, eröffnet er ihr nach
211 1558 878 1627 erscheinen wie die Folge einer
880 1602 2050 1666 einer Pause, daß diese Briefe nicht von ihr, sondern von
201 1598 852 1674 Anbekannter Geist eingeflüstert.
884 1641 2059 1708 seinem Assistenten Hausmann herrühren. Keine Einwendung
204 1654 884 1719 Stimmungen erweckt Schnitzler's
951 1686 2052 1743 er wisse Alles. „Sie war jung, ich war alt, das ist die
196 1699 873 1775 eilich als sinnliches Gegengewicht
880 1732 2059 1810 ganze Geschichte.“ Er finde das natürlich. Er habe nie den
205 1759 876 1816 möchte. Paraceisus selbst ist ein
887 1781 2057 1838 Muth gefunden, ihnen mitzutheilen, daß er Alles wisse, und ihnen
203 1787 882 1864 ein Geist ist eingetaucht in die
881 1826 2067 1899 zu sagen, daß er sie freigebe, obwol er es innerlichst gewollt
204 1842 878 1897 hrme Tiefe der deutschen Sprache.
883 1877 2051 1936 habe. Hausmann habe sich in den Ferien in einem Seebade
210 1900 886 1956 ärmer sprechen hören, zumal in
893 1923 2065 1981 befunden, habe verspätet diesen Kranz gesendet und werde
203 1934 886 2013 #wo schon das Holzgetäfel und das
898 1977 2065 2031 wahrscheinlich noch heute hier ankommen. Er kommt an.
212 1984 882 2051 r Ecke. das Gemüth zu wärmen
894 2019 2063 2081 Der Professor behandelt ihn zuvorkommend, bietet sich sogar
204 2037 885 2096 cher dramatischer Vers war nicht
981 2062 2067 2134 ihn auf den Friedhof zu begleiten. Im Verlaufe des
217 2084 881 2140 bei Schnitzler vielfach dünn, spröd
889 2109 2059 2171 Gespräches stellt sich die unerwartete Thatsache heraus, daß
210 2132 888 2194 ist etwas arm. Die richtige Wahl
886 2168 2056 2230 Hausmann Bräutigam, daß er schon seit einem Jahre ver¬
218 2174 876 2232 Vers in Goethe's Art gewesen,
891 2204 2061 2270 lobt sei. Der Professor ist empört über diese Nachricht. Er
190 2221 884 2290 eist, Alles sagen kann und dessen
889 2258 2072 2311 überhäuft seinen Assistenten mit Unannehmlichkeiten und be¬
202 2265 882 2336 n Sprachschatz aufrührt. Der Dar¬
892 2297 2057 2381 fördert ihn zur Thür hinaus. Hausmann ruft, fortgehend,
195 2315 884 2378 gre durch diesen Vers auch auf den
898 2368 2070 2417 zurück, daß es auch in dieser Sache eine Antwort gäbe.
203 2357 896 2430 en. Herr Robert schob schon
886 2390 2065 2478 Diese Antwort, die ihm Hausmann verschweigt, ertheilt ihm
208 2400 886 2482 ist und den Mephistopheles durch¬
895 2445 2064 2510 Olga. Sie theilt ihm mit, daß seine verstorbene Frau um
219 2453 884 2525 den einfachen Ton, welcher der
895 2492 2062 2556 diese Brautschaft gewußt und ihr Verhältniß mit Haus¬
206 2505 887 2569 schratt war eine treffliche bürger¬
893 2540 2069 2597 mann dennoch fortgeführt habe. „Sie habe die Freiheit
216 2553 883 2621 s den Wirrungen der Situation
897 2580 2069 2660 gehabt, die sie wollte!“ Darauf (die Dirne in der Ehe) gibt
222 2588 892 2680 Herr Krastel gab einen biederen
903 2634 2062 2705 es freilich keine Antwort mehr. Der Professor verkehrt nur
896 2679 2063 2756 noch kurz mit seinem Diener, um Anstalten für seine Ab¬
213 2670 886 2753 trägt den Titel „Die Gefährtin“.
899 2727 2069 2792 reise zu treffen. Den Schluß des Stückes bilden Theater¬
236 2739 892 2812 auf seinem eigensten Boden und
900 2774 2069 2837 weisungen. Der Professor „sperrt gleich hinter ihm zu“
201 2792 891 2854 sichen Stoffe, von dem man am
895 2819 2072 2901 (Nämlich das Zimmer seiner Frau.) „Dann geht er zum
292 2837 890 2901 ein kleines Kunstwerk gestaltet.
208 2844 288 2901 hte,
903 2865 2070 2924 Balcon; wie er schließen will, sieht er den Kranz,“ den
211 2881 897 2948 lich geführt, der Dialog ist blank
901 2913 2074 2983 Hausmann gesendet. „Er nimmt ihn und legt ihn auf den
206 2926 896 2996 n Professor ist sein noch jugend¬
903 2962 2078 3026 Schreibtisch. Dann geht er zur Thür links, das Licht in der
215 2976 903 3044 ist der Tag des Begräbnisses, von
905 3004 2075 3073 Hand; an der Thür bleibt er stehen, wendet sich um, be¬
218 3023 894 3092 n wir auf den Friedhof, wo sie
219 3056 2067 3129 Der Professor erhält den Besuch trachtet das Zimmer noch einmal. Er athmet tief, lächelt
265 3102 2067 3177 Nach einem Gespräch, das sich dann wie befreit, geht ab; man hört ihn zusperren. Das
897 3154 2073 3212 dunkle Zimmer bleibt eine Weile leer, dann fällt der Vor¬
217 3169 903 3225 bezieht und in welchem der Professor
213 3192 2077 3268 den Tag legt, bittet ihn Olga um die hang.“... Man schweigt mit dem Professor und lächelt
226 3251 1272 3325 , die sie an seine verstorbene Frau gleichfalls befreit.
2048 190 2507 281 box 1575
2159 1388 3243 1458 Herr Sonnenthal stellt den Professor in Wort
2060 1438 3234 1506 und Spiel mit einer Einfachheit dar, daß ihn die hervor¬
2071 1474 3255 1550 ragendsten Vertreter der modernen Schule darum beneiden
2065 1534 3246 1601 dürften. Seiner vornehmen Spielweise, die weit über Senti¬
2070 1583 3251 1640 mentalität und pathetische Declamation hinaus ist, war es
2065 1635 3246 1691 auch zu danken, daß nicht gelacht worden; ein einziger Lach¬
2063 1668 3255 1745 versuch und das Stück liegt in Scherben. Neben dem großen
2070 1725 3253 1800 Künstler hielten sich auch Fräulein Bleibtreu und Herr
2080 1773 2703 1842 Zeska auf einer guten Höhe.
2157 1806 3253 1879 Das dritte Stück, von dem Dichter als Groteske be¬
2061 1859 3258 1924 zeichnet, ist nach einer Pariser Kellerwirthschaft benannt, die
2065 1915 3253 1980 den Schild „Der grüne Kakadu“ führt. Ein früherer
2065 1957 3255 2017 Theaterdirector ist der Wirth, der noch allabendlich eine
2071 2004 3254 2072 wilde Comödiantenbande um sich versammelt. Sie agirt
2075 2049 3252 2106 Verbrecherscenen. Da sich nun zuweilen auch wirkliche Ver¬
2065 2095 3253 2145 brecher einschleichen und den Comödianten selbst alles
2065 2145 3253 2206 Mögliche zuzutrauen ist, läßt sich in diesen Darstellungen
2067 2195 3262 2247 die Erfindung von der Wirklichkeit gar nicht mehr recht
2071 2236 3257 2315 scheiden. Sie hal daher einen schauerlichen Reiz, nament¬
2072 2289 3260 2339 lich für die abgeleoten Nerven der Aristokratie, welche den
2073 2336 3248 2399 Hauptbestandtheil des Publicums bildet. Marquis, Grafen
2077 2374 3259 2441 und Herzoge encanailliren sich mit jenen Gesellen, reden sie (nach
2078 2432 3264 2489 dem ungemilderten Buche) als Schweine an und lassen sich von
2077 2476 3256 2544 ihnen als Schweine anreden. Durch die lose aneinander¬
2071 2522 3264 2594 gereihten Seenen geht nur ein einziger Faden, aber ein sehr
2074 2565 3255 2635 grober, durch. Henri nämlich, der beste unter den Comö¬
2077 2614 3256 2682 dianten, hat die Schauspielerin Leocadie geheiratet und er¬
2072 2680 3257 2729 zählt, wie er den Herzog von Cadignon aus Eifersucht er¬
2075 2711 3264 2788 mordet habe. Es ist bloße Erfindung, was er erzählt; als.
2090 2757 3255 2823 aber der Herzog im Keller erscheint und ihm als Liebhaber
2085 2819 3250 2873 seiner Frau bezeichnet wird, stürzt Henri wie rasend auf den
2078 2852 3262 2919 Herzog los und sticht ihn nieder. Eine Marquise, die mit
2071 2903 3264 2964 ihrem alten Mann und einem jüngeren Liebhaber anwesend
2076 2949 3251 3012 ist, findet das höchst anziehend, da man doch nicht jeden Tag
2078 3010 3257 3062 einen wirklichen Herzog könne ermorden sehen. In diesem
2079 3040 3255 3111 Augenblicke kommt von der Straße herab die Nachricht von
2076 3090 3259 3142 der Einnahme der Bastille. Mit dem Rufe: „Es lebe die
2086 3131 3254 3201 Freiheit!“ schließt diese mit starkem Temperament geschriebene
2075 3185 3261 3265 Groteske, in welcher etwas vom Pulsschlag der französischen
3029 3233 3219 3300 L. Sp.
2052 3239 2470 3322 Revolution zittert.
