3436 4256
1934 121 2378 225 box 16/1
192 131 1796 224 9.4. Der gruehe kakadu Zyklus
2200 881 2602 937 Telefon 12801.
1912 969 2913 1060 Unternehmen für Zeitungs-Ausschnitte.
770 980 1198 1091 Telefon 12801.
2777 1019 2965 1086 Ausschnift
492 978 1489 1168 Wrentnen en Aienen-Seneinien.
1647 1081 3093 1203 ei. 105 „OBSEnVEK Nr. 26
1366 1131 1551 1206 Ausschnift
1684 1191 3134 1278 I. österr. behördl. conc. Bureau für Zeitungsberichte u. Personalnachrichten
258 1192 1610 1325 %. 105 JSSSERVER“ Nr. 21
1854 1246 2964 1365 Wien, IX/1. Türkenstrasse 17.
270 1295 1624 1386 I. österr. behördl. conc. Burean für Zeitungsberichte u. Personalnachrig
2084 1328 2758 1418 Flliale in Budapest: „Flgyelé“ —
443 1359 1537 1461 Wien, IX/1, Türkenstrasse 17.
1779 1389 3041 1492 Vertretungen in Berlin, Chicago, London, Newyork, Paris, Stockholm.
675 1454 1338 1547 Fillale in Budapest: „Flgyelé“ —
364 1520 1621 1617 Vertretungen in Berlin, Chicago, London, Newyork, Paris, Stockholm.]
1692 1509 2676 1631 Ausschnitt aus: CKorbste
2691 1564 2962 1670 Oja
1037 1568 1632 1696 Nhr.-Schles. Corresponden
286 1656 815 1755 Ausschnitt aus:
1690 1658 2042 1778 vom 24
266 1753 854 1895 v 176 60
1667 1874 2473 1975 — Divadlo. — Theater.
567 1896 1524 2009 Theater, Kunst und Literatur.
1784 1988 3246 2069 Arthur Schnitzler: Paracelsus. Schauspiel in 1 Aufzug. Die Ge¬
698 1984 1407 2085 Ein Novitäten=Abend.
1670 2039 3241 2119 fährtin. Schauspiel in 1 Aufzug. Der grüne Kakadu. Schwank in 1 Aufzug.
1160 2056 1562 2130 Prag, im Juni.
1673 2089 2732 2165 Hráno v divadle némeckém poprve due 3. Cervna 1899.
576 2098 1588 2199 *Die dramatischen Skizzen Arthur Schnitzler's:
1779 2157 3249 2217 Kdyby mi bylo ulozeno, abych vyslovil spolecnou iden, kterd ovlädá tyto tri ak¬
497 2159 1605 2240 „Paracelsus“, „Die Gefährlin und „Der
1679 2220 3234 2269 tovky, nenasel bych za Zivy svét nie jiného, nez morälku velice starou, velice otro¬
504 2208 1602 2283 grüne Kakadu“ gingen Samstag, den 3. d. M.,
1670 2269 3231 2317 panon a velice banalni. Muz nemüze byti nikdy dost opatrnym a nikdy nesmi düvé¬
505 2278 1591 2345 zum ersten Male in Scene, doch fand ich leider wegen
1675 2316 3250 2384 rovati vérnosti své Zeny nebo své milenky. To Citali jsme ve starych romänech,
509 2300 1602 2376 der hochgehenden Wogen des Wagner=Cyclus keine
1673 2361 3247 2415 zvlästé franconzskych romantikü, aslychali s pathosem s jevisté v nekoneöné dlouhych¬
514 2349 1600 2465 Zeit, dieselben zu besuchen und trage das Versäumte
1673 2401 3250 2463 dramptech i veselohräch, to staré zbozi prinásl nam mlady autor, jeden z videnské
509 2428 1610 2485 mit dem Berichte über die heutige Wiederholung
1675 2460 3243 2545 Soderny. Jenom slupka, ve kterou jädro jest zabaleno, jest ponékud jind. A aby.
518 2449 1606 2526 derselben nach. Es ist kein Wunder, wenn sich bei der
1670 2506 3246 2578 byla pestrejst, zasel si autor v prvni hie do stredovéké rodiny némeckeho zámozného
535 2504 1598 2577 warmen Sommertemperatur und nach den An¬
1668 2553 3245 2634 remesinika, ktery si byl vzdy s jistou pychon jist vernosti své zeny, a ktery pomoci
546 2561 1602 2639 strengungen des verflossenen Monates ein weniger
1674 2610 3237 2684 hypnotického snenf jeji byvalého milence dovidá se, ze byl dvakrät ve väzném neber¬
522 2601 1602 2675 zahlreiches Publicum einfindet. Gleichwohl fanden die
1667 2657 3238 2737 peci, Ze ji ztrati na vzdy. V poslednt hre autor zvolil si bouflivé drama dobytl parlä¬
529 2640 1617 2728 drei Stücke, die in ihrer dramarischen Wirkung nicht
1676 2714 3229 2789 ské Bastilly za pozadi. Ale jenom na kostymech a na zminkách otom to pozornjete;
535 2694 1601 2776 voll zur Geltung kommen, eine sympathische Auf¬
531 2733 1607 2839 nahme. Nichtsdestoweniger scheint unserem Publicum
1670 2763 3241 2821 nikoli na duchu, ktery scenu ovläda. Ten kavalir, jemuz podari se upoutati nevöstu
540 2788 1606 2876 doch das richtige Verständniß für diese Arbeit ab¬
1671 2814 3234 2883 väsnivého herce, nent pranic charakteristickym pro rok 1789. Ovscm prävé to pozadi
524 2831 1612 2928 zugehen. „Paracelsus“ versetzt uns in die Zeit des
1663 2857 3229 2919 brani, ze nenf vnitrni chudobu kusu samu tak makavé vidét. — Nejvic se mi Hhilas
535 2897 1611 2969 16. Jahrhunderts und führt uns mit Humor und
1672 2901 3239 2982 hra prostredni, jejtz déj vzat je z doby duesni. Zde autor byl doma a zde vytvobil
529 2944 1605 3030 Ernst in die mystischen Geheimnisse der Hypnose ein,
1669 2962 3231 3030 nékolik scen vysoce dramatickych. Profesorovi zemie zeua, o niz on vi, ze milovala
527 2994 1607 3060 die ein kluger Kopf in trefflicher Weise zu verwerthen
1667 3008 3230 3070 jiného. — Tohoto povolá na jeji brob, ale dovidá se od ného, ze on miluje jis jinon
523 3045 1624 3109 versteht. „Die Gefährtin“ gibt uns mit genialen
1669 3068 3230 3133 a ze jeho zené to bylo znämo. Ten proces dusevni, jejz zrazeny manzel za malon
534 3090 1615 3158 Zügen ein Bild des modernen Ehelebens in seinen
1664 3111 3229 3159 chvili prodélá pornánim, ze vlastné svon zenu prece jenom miloval, a prävé proto
420 3125 534 3200 50 7
311 3131 421 3204 Für
529 3125 1644 3215 Licht= und Schattenseiten, von denen die letzteren#s#
1659 3161 3215 3228 ji popfaval üplnou svobodu, uchväti svon zdrcujiei pravdivostl. Ale ani zde, kde no¬
426 3182 498 3233 100
539 3175 1642 3263 üverwiegen, während „Der grüne Kakadu“ uns das
1655 3212 3229 3295 plodnost, ba piimo nizkost a zkázyplná ubohost instituce manzelstvi tak jest viditelhn,
393 3219 510 3266 200
528 3239 1650 3298 Treiben und Unwesen aus der französischen Revo¬####
391 3259 509 3306 500
1653 3270 3232 3331 ani zde hra nezanechavá ve väs dojem, ze by autor byl chtel vystoupiti proti tomuto
527 3288 1621 3364 lutionszeit mit scharfer Characteristik vor die Augen
340 3300 505 3370 „ 1000
1651 3303 3225 3370 zlorädu z minulych dob zdédénému a zvykem sociälni nespravedlivosti udrzovanémun
543 3348 692 3408 (führt.
467 3334 523 3407 Im
1671 3352 3226 3445 i zde spise vycifujete, Ze zklamany manzel si vyéità, ze mél davati pozor, aby ho man¬
336 3375 575 3452 Abonsement
617 3362 1613 3456 Die Aufführung erfreute uns durch den großen
1668 3415 2732 3482 zelka klamala aspon s nékym, kdo by toho byl hodnéjsim.
331 3437 566 3504 Abcmenten
549 3437 1623 3512 Fleiß, mit welchem sich die Darsteller ihrer Rollen
1763 3470 3237 3538 Takovy nedostatek blubsiho pojeti, utkvivani na povrchu, charakterisované“
542 3506 1632 3575 annahmen und heben wir vor Allem die Damen
1644 3506 2668 3595 Costatné také formou, zanechavä dojem neuspokojujict.
548 3534 1613 3619 Immisch, Baumgart und Buska hervor,
538 3589 1627 3653 welche in den Herren Tauber, Freiburg,
537 3640 1634 3709 Schmidt, v. Wymetal und Bauer gewachsene
1182 3694 1617 3771 Adolph Schuse.
544 3690 897 3764 Partner fanden.
