3436 4256
2136 169 2597 271 box 15/5
363 172 1976 290 9 4. Der-Ernene Kakadu—Zukius
1256 404 2490 489 Unternehmen für Zeitungs-Ausschnitte. Ausschnitt
1421 456 2025 591 LOBSERVER“
2174 477 2486 576 Nr. 65
1013 567 2493 656 J. österr. bekördt. cuncess Bureau für Zeitungsberichte und Personalnachrichten
1304 636 2180 750 Wien, IX/1 Türkenstrasse 17.
1247 715 2242 819 Filiale in Budapest: „Figyelö“. VIII. Josefsring 319. —
1008 813 2013 952 Ausschnitt aus: J#dom ktmt
1004 977 1450 1093 vom 0. 00
1448 1406 1940 1490 mmmmmmmmnn
1220 1508 1417 1596 2l
1589 1518 2003 1606 Theater.
1439 1583 1575 1620 M
1148 1560 1612 1664 N
1360 1647 2168 1711 FaimnimmmmimnmmmmmmnmncansessansnenenimnsstamnbmnmmnnmntgKe
1469 1699 2043 1794 Kinderlose Ehen.
1109 1788 2404 1852 („Paracelsus“ Schauspiel in einem Akt; „Die Gefährtin“, Schau¬
1104 1837 2400 1889 spiel in einem Akt; „Der grüne Kakadu“, Groteske in einem Akt:
1101 1881 1786 1942 alle Drei von Arthur Schnitzler.
1831 1879 2414 1946 Zum erstenmale aufgeführt im
1338 1917 2150 1984 k. k. Hofburgtheater am 1. März 1899.)
1106 1959 2414 2050 GS##n den Siebziger= und Achtzigerjahren des scheidenden Jahr¬
1267 2036 2413 2084 hunderts, als die französische Sittenkomödie die Wiener
1217 2074 2421 2164 Bühnen unumschränkt beherrschte und man von Henrik
1107 2082 1202 2169 C
1261 2135 2417 2199 Ibsen nur ganz wenig, von den anderen Modernen noch
1100 2186 2417 2247 gar nichts wußte, sind die Einakter aus der Mode gekommen.
1098 2232 2419 2278 Zwar umfaßte das Repertoire des Hofburgtheaters eine ganze
1103 2274 2420 2336 Reihe discretester und vornehmster einaktiger Lustspiele — man
1095 2326 2407 2383 erinnere sich an „Eine Partie Piquet“, „Eine Tasse Thee“, „Ein
1095 2358 2399 2431 Tiger“ „Wenn man nicht tanzt", „Die Gustel von Blasewitz“,
1095 2401 1667 2471 „Der Hofball“ u. v. A. —
1662 2414 2411 2480 zwar hatte bereits Goethe in seinem
1103 2471 2411 2534 Kleingemälde „Die Geschwister“ den Weg gewiesen, auch Ernstes
1102 2515 2406 2565 in kleinerem Rahmen zu behandeln, zwar gehörten einige Partien
1091 2557 2411 2632 aus diesen kleineren Dramen zu den Glanzrollen der ersten Sterne
1101 2615 2458 2665 unserer Hofbühne — dies Alles schien das Publikum zu vergessen, #
1089 2655 2458 2719 denn es lüstete ihm nach fünf und vieraktigen Sensationen ohne 1
1104 2708 2417 2751 Gehalt, ohne feine Pointirung. Erst die Moderne hat den Ein¬
1101 2750 2409 2821 akter wieder populär und interessant gemacht, besonders, seit
1088 2808 2406 2856 Hermann Sudermann vier solche dramatische Kleinigkeiten unter
1091 2866 2407 2924 dem Titel „Morituri“ zu einem Theaterabende verknüpft hat.
1220 2896 2402 2955 So erfreuen uns nun wieder die kurzen Stücke, in denen
1091 2942 2414 2998 der Geist und Witz des Autors condensirt erscheinen. Vor wenigen
1090 3000 2410 3057 Wochen erst hat man sich in Sigmund Schlesinger's „Der
1101 3044 2411 3104 „Scheidungsschmaus“, in diesem Cabinetstück feinster Humoristik,
1091 3098 2411 3156 köstlich amüsirt, und nun ist der Begabteste unter unseren Modernen,
1089 3136 2400 3192 Arthur=Schnitzler — wir bekennen es offen, daß wir ihn für viel
1086 3185 2410 3252 bedeutender als Hermann Bahr halten, seit Mittwoch ganz gewiß
1172 3242 2404 3302 mit zwei historisch eostümirten und einem modernen Einakter
1096 3264 2405 3337 gekommen. Eine hocherfreuliche, innere Wandlung, ein Läuterungs¬
1093 3335 2409 3392 proceß ist mit Schnitzler vorgegangen, seit er, vor wenigen Monaten
1086 3381 2398 3435 erst, das letzte abendfüllende Stuck ii seinen ungeglaubten An¬
1094 3427 2399 3487 griffen auf die gute Sitte und ein einaktiges Lustspiel, in dem
1087 3466 2411 3537 eine leichtfertige Ballerine ihre Freunde mit Obersschaum bespritzt,
1086 3522 2406 3575 schrieb. Der Antorist zum — Dichter geworden. Schnitzler,
1093 3567 2410 3633 der immer Details meisterhaft geschaut und geschildert, der stets
1095 3619 2413 3680 ein großes dramatisches Talent gezeigt hat, ist tiefer, ernsthafter,
1091 3661 2406 3711 allmenschlicher geworden. Er hat seine Kunst losgerungen vom
1087 3714 2394 3780 Milien der Cocotten= und Grisettenauartiere, in die er seine Zu¬
1107 3761 2391 3805 seher mit Vorliebe führte, er hat sich zu Höherem, nicht nur in
1102 3802 2405 3876 höhere Kreise, sondern auch zu höheren psychischen Aufgaben
1085 3848 1497 3923 emporgeschwungen.
1210 3868 2400 3964 „Kinderlose Ehen“ könnte man die drei Mittwoch im Hof¬
1087 3945 2388 4021 burgtheater mit wohlverdientem Erfolge gegebenen Einakter „Para¬
1084 3984 2396 4051 celsus“, „Die Gefährtin“ und „Der grüne Kakadu“
1094 4043 2372 4101 gemeinsam betiteln. Denn in allen drei Drama=Kleinigkeiten erzählt
2017 4090 2151 4147 helente
2174 4077 2398 4153 vonjener
1086 4088 1965 4145 der Dichter vom Undefriedigtsein kinderleser
2208 4131 2366 4177 enschen
