3436 4352
702 162 1286 231 ruene Kakadu
465 165 619 234 Der
213 163 1271 274 9. 3 40  enenenener ene
537 1822 763 1905 Vandeville.
684 1874 1148 1964 A TRIPLE BILL.
556 1980 1358 2046 The new triple bill at the Vaudeville does
533 2034 1357 2097 not call for lengthy notice. Of Schnitzler’s
527 2080 1338 2133 tbrilling play, The Green Cockatoo,
519 2118 1347 2170 admirably Englished by Miss Penelope
524 2148 1358 2214 Wheeler, we gave a full account when the
515 2182 1363 2258 Stage Society produced it last March, and it
505 2232 1349 2299 is well worth seeing, even though Mr. Norman
503 2289 1349 2341 MeKinnel's performance of the principal part
506 2321 1349 2390 lacks the touch of fantssy and genuine
515 2375 1346 2426 ex'ravangance which made Mr. Leon Quarter¬
514 2408 1141 2451 maine's version of it 80 delightful.
547 2438 1362 2489 The produszion of Betusen Sunseb and
513 2476 671 2528 Dawn,
674 2478 1358 2535 a play by Mr. Hermon Ould, we
525 2515 1353 2575 regard as a grave error in judgment. This
518 2547 1351 2604 story of a dosshouse is sordid, dull and
527 2583 1351 2632 depressing, and the final sceie, in which Mr.
526 2618 1344 2677 Norman Mokinnel, as the kesper of the doss¬
515 2650 1343 2713 house, gees mad and stabs Miss Mav Blayney,
509 2693 1349 2747 as his friend’s runaway wife, while kissing
494 2727 1356 2792 her, is horf'ole with the kind of horror that
520 2769 1367 2820 does noborv ang ssod. The entertainment
518 2804 1339 2856 begins with scme dramatic songs composed by
517 2844 1344 2877 Antin Dresslee and sun by the composer and
518 2875 1339 2927 Miss Gertrude Bolffs—tus kind of thing very
520 2908 1351 2970 popular in Continental cabarets and not with¬
519 2943 1004 3003 out attraction for London.
743 2982 968 3044 Sssenn Ksrenn
834 3016 999 3084 uinh elenschen
1444 155 1843 240 box 15/3
2210 183 2538 278 —402
1961 240 2194 328 blication
2107 321 2299 420 2
2382 364 2514 451 (0
2648 371 2727 460 2
2101 849 2928 924 A TRIPLE BILL AT THE.
2304 914 2725 998 VAUDEVILLE.
2191 1081 2859 1168 THE GREEN COCKATOO.“
2096 1158 2976 1235 The new programme at the Vaudeville Theatre
2060 1205 2969 1255 begins with a set of songs composed by Mr. Anton
2059 1246 2964 1301 Dressler and sung mainly by Miss Gertrude Rolffs,
2067 1289 2967 1342 while the composer accompanies and occasionally
2055 1315 2960 1380 sings. The theatre is quite tho place for Mr. Dressler’s
2053 1360 2964 1418 songs, for both the music and the mnanner of singing
2055 1411 2968 1466 aim chiefly at the dramatic. And very dramatic,
2060 1454 2968 1498 and signilicant, and neatly sly the songs become
2053 1476 2958 1534 when Mr. Dresslor is playing and Miss Rolffs is sing¬
2049 1494 2675 1579 ing with vivacity and polished art.
2085 1552 2978 1614 Next comes a play in four scenes, Bel#cen Sunset
2056 1604 2965 1645 and Daien, written by Mr. Hermon Ould. It is a
2053 1641 2971 1701 play dealing with the sordidest kind of what is com¬
2059 1670 2972 1729 monly called“ low life,“ and to the facts of that life
2053 1711 2972 1776 it may very likely be true; but that life is in itself
2048 1737 2968 1815 no more interesting than any other kind of
2048 1800 2975 1859 life, and a play which treate of it with elaborate
2056 1845 2983 1908 artifice and ne art has no claims to distinction because
2055 1878 2972 1915 of its subject. But such defects do not matter much,
2059 1911 2972 1954 by comparison with another and a very grave cause
2059 1950 2981 2011 of complaint—the introduction into the play of an
2050 1980 2971 2047 crotomaniac, who in“ making love“ to a woman
2051 2030 2968 2083 stabs her in the back and gibbers over her corpse.
2049 2060 2973 2105 The episode is nothing but disgusting, and should
2051 2106 2981 2154 never have been allowed to appear on the stage of a#
2047 2147 2747 2199 respectable and well-conducted theatre.
2079 2179 2985 2239 The last item in the programme is Arthur
2046 2220 2984 2282 Schnitzler’s play The Green Cockatoo, which was ##
2045 2248 2971 2316 introduced to the English theatre by the Stage
2045 2296 2968 2361 Society some six months ago. It remains exception¬
2044 2333 2978 2399 ally thrilling, even to those who know the truth of
2054 2378 2970 2437 it, so to speak, from the start. In this underground
2051 2414 2968 2476 tavern of Paris, where the nobles of 1789 come in
2046 2440 2970 2511 all their splendour by night to see the rabble—much
2056 2493 2964 2551 as a modern tourist goes to the Bowery or certain
2056 2541 2958 2594 districts of Chicago—is it all real or make¬
2046 2569 2974 2646 believe? Prosper, who, like a tavern-keeper in
2051 2601 2972 2665 Montmartre of more recent years, grects his aristo¬
2044 2651 2963 2710 cratie guests with hideous revilings—does he mean
2044 2693 2958 2738 them, or not? We know that criminals whom he
2037 2716 2963 2784 keeps on show are all shams, jast tavern-players
2031 2773 2965 2832 practised in their parts, because when a real murderer
2037 2812 2962 2857 comes and tells a true story he is cried down as a
2041 2839 2965 2903 poor“ turn,? a mere amateur. That din in the
2046 2889 2964 2930 streets on this night of July 14, that, of course, is
2041 2928 2948 2967 only the rabble making its usual uproar; and, just
2036 2967 2954 3009 imagine! they are said to be storming the Bastille.
2037 2992 2965 3055 But this weird and horrible tale told by the leading
2031 3025 2956 3086 actor, Henry—how he has just caught his newly¬
2044 3075 2949 3118 wed and adored wife Léocadie with the Duc de
2035 3104 2966 3177 Cadignan, and has murdered the Duc—is that true,
2037 3154 2930 3212 Vor just another“ turn?' put on for the amusemen!
2040 3197 2907 3257 of the company? And this fearful inrush of s
2042 3228 2686 3273 rufflans, mad with drink and rage
2029 3274 2677 3327 has Prosper surpassed himself #eenin
2037 3300 2702 3358 can it be indeed that the Bas
2031 3342 2656 3397 The play is like a tower that
2035 3386 2614 3441 that, while the suspense of th.
2037 3424 2450 3484 ever more fearful, unt
2032 3443 2159 3506 ruin.
2065 3478 2441 3547 The skill with
2030 3521 2760 3587 has done the dilfleult work of translatie
2035 3575 2888 3631 nized on the play’s first appearance. Bu
2029 3605 2946 3670 respects the perfermance at the Vandevilie is not
2036 3662 2944 3714 equal to that given under Mr. Norman Page for the
2028 3680 2939 3753 Stage Society. The stage of the Vaudeville is too
2035 3736 2952 3774 small for the full effect, and there was last night a
2027 3756 2948 3820 slowness and heaviness about the playing as a whole
2040 3809 2950 3865 which do not sult the brilliant, vivid piece. Mr.
2039 3846 2950 3902 Norman MeKinnel played with all his force as Henry,
2031 3885 2939 3931 and Miss Sarah Brocke made an elegant aristocrat:
2024 3911 2946 3984 but the acting as a whole needed brightening and
2024 3952 2253 4021 quickening.
2363 4071 2400 4131 9
