<?xml version="1.0" encoding="UTF-8" standalone="yes"?>
<PcGts xmlns="http://schema.primaresearch.org/PAGE/gts/pagecontent/2013-07-15" xmlns:xsi="http://www.w3.org/2001/XMLSchema-instance" xsi:schemaLocation="http://schema.primaresearch.org/PAGE/gts/pagecontent/2013-07-15 http://schema.primaresearch.org/PAGE/gts/pagecontent/2013-07-15/pagecontent.xsd">
    <Metadata>
        <Creator>prov=University of Rostock/Institute of Mathematics/CITlab/Gundram Leifert/gundram.leifert@uni-rostock.de:name=ONB_Newseye_GT_M1+(htr_id=10810)::::v=2.4.2
prov=University of Rostock/Institute of Mathematics/CITlab/Tobias Gruening/tobias.gruening@uni-rostock.de:name=de.uros.citlab.module.baseline2polygon.B2PSeamMultiOriented:v=2.4.2
prov=University of Rostock/Institute of Mathematics/CITlab/Tobias Gruening/tobias.gruening@uni-rostock.de:name=/mnt/transkribus/LA/DEA/URO/LA_news_onb_att.pb:de.uros.citlab.segmentation.CITlab_LA_ML:v=2.4.2
Transkribus</Creator>
        <Created>2019-10-07T11:44:16.723+02:00</Created>
        <LastChange>2019-10-09T00:43:40.959+02:00</LastChange>
        <TranskribusMetadata docId="223987" pageId="9504871" pageNr="727" tsid="16617872" status="IN_PROGRESS" userId="40391" imgUrl="https://files.transkribus.eu/Get?id=TXFIPITAHKFKDFSBXXACNNYB&amp;fileType=view" xmlUrl="https://files.transkribus.eu/Get?id=JZCJICWOFSTUIOMGKGOOVXBK" imageId="6195085"/>
    </Metadata>
    <Page imageFilename="223987_0727.jpeg" imageWidth="3436" imageHeight="4320">
        <ReadingOrder>
            <OrderedGroup id="ro_1711447624310" caption="Regions reading order">
                <RegionRefIndexed index="0" regionRef="r1"/>
                <RegionRefIndexed index="1" regionRef="r2"/>
            </OrderedGroup>
        </ReadingOrder>
        <TextRegion orientation="0.0" id="r1" custom="readingOrder {index:0;}">
            <Coords points="226,283 226,3637 1805,3637 1805,283"/>
            <TextLine id="r1l1" custom="readingOrder {index:0;}">
                <Coords points="1729,314 1742,312 1749,303 1761,301 1752,246 1740,248 1732,258 1720,259"/>
                <Baseline points="1738,307 1752,305"/>
                <TextEquiv>
                    <Unicode>1</Unicode>
                </TextEquiv>
            </TextLine>
            <TextLine id="r1l2" custom="readingOrder {index:1;}">
                <Coords points="1041,318 1084,319 1092,313 1112,318 1136,318 1140,314 1167,317 1169,249 1149,253 1127,247 1097,266 1070,255 1042,259"/>
                <Baseline points="1050,308 1077,308 1104,308 1131,309 1158,310"/>
                <TextEquiv>
                    <Unicode>Ka</Unicode>
                </TextEquiv>
            </TextLine>
            <TextLine id="r1l3" custom="readingOrder {index:2;}">
                <Coords points="821,320 835,321 844,314 848,314 855,321 865,322 871,259 859,258 840,270 834,267 826,267"/>
                <Baseline points="832,311 856,313"/>
                <TextEquiv>
                    <Unicode>16</Unicode>
                </TextEquiv>
            </TextLine>
            <TextLine id="r1l4" custom="readingOrder {index:3;}">
                <Coords points="216,318 996,363 1816,330 1673,249 1407,305 1280,250 1095,314 939,253 824,318 765,259 216,248"/>
                <Baseline points="226,311 309,319 392,325 475,330 558,333 641,335 724,336 807,336 890,335 973,333 1057,332 1140,330 1223,328 1306,326 1389,324 1472,323 1555,323 1638,323 1721,325 1805,327"/>
                <TextEquiv>
                    <Unicode>9. 4. Der grinedu Z0 K11—</Unicode>
                </TextEquiv>
            </TextLine>
            <TextLine id="r1l5" custom="readingOrder {index:4;}">
                <Coords points="599,984 739,961 783,980 845,937 905,966 1098,945 1146,966 1183,941 1343,958 1368,941 1367,888 1120,880 935,910 869,885 828,912 759,886 702,911 597,893"/>
                <Baseline points="607,949 644,951 682,952 719,952 757,952 795,952 832,951 870,950 907,949 945,948 983,946 1020,944 1058,943 1095,941 1133,940 1171,939 1208,939 1246,939 1283,939 1321,940 1359,941"/>
                <TextEquiv>
                    <Unicode>„Berliner Morgenpost, Berlin</Unicode>
                </TextEquiv>
            </TextLine>
            <TextLine id="r1l6" custom="readingOrder {index:5;}">
                <Coords points="258,998 272,997 297,975 358,977 357,935 331,934 325,938 311,935 308,939 292,935 286,936 276,946 257,948"/>
                <Baseline points="268,975 294,971 321,972 348,971"/>
                <TextEquiv>
                    <Unicode>m:</Unicode>
                </TextEquiv>
            </TextLine>
            <TextLine id="r1l7" custom="readingOrder {index:6;}">
                <Coords points="365,1016 833,1013 888,1006 889,965 846,936 780,983 733,962 648,975 585,933 536,932 518,950 469,931 366,943"/>
                <Baseline points="374,994 399,995 424,996 449,996 474,997 500,998 525,999 550,999 575,1000 600,1001 626,1001 651,1001 676,1002 701,1002 726,1002 752,1002 777,1002 802,1002 827,1001 852,1001 878,1000"/>
                <TextEquiv>
                    <Unicode>MALI</Unicode>
                </TextEquiv>
            </TextLine>
            <TextLine id="r1l8" custom="readingOrder {index:7;}">
                <Coords points="344,1104 489,1086 719,1119 858,1100 919,1123 1093,1094 1094,1046 1043,1031 972,1051 921,1029 664,1038 637,1010 346,1013"/>
                <Baseline points="354,1078 390,1080 427,1082 463,1083 500,1085 536,1086 573,1087 609,1088 646,1089 682,1090 719,1090 755,1091 792,1092 828,1092 865,1093 901,1093 938,1094 974,1095 1011,1095 1047,1096 1084,1097"/>
                <TextEquiv>
                    <Unicode>Dbei Einatier im Schillerthealer.</Unicode>
                </TextEquiv>
            </TextLine>
            <TextLine id="r1l9" custom="readingOrder {index:8;}">
                <Coords points="292,1153 776,1146 983,1174 1126,1161 1127,1112 761,1124 659,1097 293,1096"/>
                <Baseline points="302,1146 342,1146 383,1147 424,1147 464,1148 505,1148 546,1149 586,1150 627,1150 668,1151 709,1152 749,1153 790,1153 831,1154 871,1155 912,1156 953,1157 993,1158 1034,1159 1075,1160 1116,1161"/>
                <TextEquiv>
                    <Unicode>„Die Gefährtin.“ — „Paracelfus.“</Unicode>
                </TextEquiv>
            </TextLine>
            <TextLine id="r1l10" custom="readingOrder {index:9;}">
                <Coords points="481,1198 556,1215 613,1202 676,1216 706,1201 763,1219 820,1206 893,1222 982,1196 983,1166 540,1155 481,1175"/>
                <Baseline points="490,1197 515,1196 540,1195 566,1195 591,1195 616,1195 642,1195 667,1195 692,1196 718,1196 743,1197 769,1197 794,1198 819,1198 845,1199 870,1199 895,1199 921,1200 946,1199 972,1199"/>
                <TextEquiv>
                    <Unicode>„Der grüne Kakadn.“</Unicode>
                </TextEquiv>
            </TextLine>
            <TextLine id="r1l11" custom="readingOrder {index:10;}">
                <Coords points="282,1261 1086,1281 1145,1251 1146,1217 283,1204"/>
                <Baseline points="291,1252 333,1252 375,1252 417,1253 459,1253 502,1254 544,1255 586,1256 628,1257 670,1258 713,1259 755,1260 797,1261 839,1261 881,1262 924,1263 966,1263 1008,1264 1050,1264 1092,1264 1135,1264"/>
                <TextEquiv>
                    <Unicode>* (Im Charlottenburger Hause.)</Unicode>
                </TextEquiv>
            </TextLine>
            <TextLine id="r1l12" custom="readingOrder {index:11;}">
                <Coords points="331,1309 1175,1345 1177,1290 924,1259 772,1293 332,1260"/>
                <Baseline points="341,1312 382,1313 423,1313 464,1314 506,1315 547,1316 588,1317 629,1318 671,1319 712,1321 753,1322 794,1323 836,1324 877,1325 918,1326 959,1327 1001,1327 1042,1327 1083,1328 1124,1327 1166,1327"/>
                <TextEquiv>
                    <Unicode>In diesen drei Einaktern, die von seiten der</Unicode>
                </TextEquiv>
            </TextLine>
            <TextLine id="r1l13" custom="readingOrder {index:12;}">
                <Coords points="280,1355 1074,1387 1170,1379 1171,1342 281,1316"/>
                <Baseline points="290,1351 333,1354 377,1356 420,1357 464,1359 507,1361 551,1363 594,1364 638,1365 681,1366 725,1368 768,1369 812,1369 855,1370 899,1370 942,1370 986,1370 1029,1370 1073,1370 1116,1370 1160,1369"/>
                <TextEquiv>
                    <Unicode>Schillerbühne eine treffliche Wahl bedeuten,</Unicode>
                </TextEquiv>
            </TextLine>
            <TextLine id="r1l14" custom="readingOrder {index:13;}">
                <Coords points="275,1407 1065,1436 1178,1426 1179,1378 276,1358"/>
                <Baseline points="286,1396 330,1398 374,1400 418,1402 462,1404 506,1405 550,1407 595,1409 639,1410 683,1411 727,1412 771,1413 815,1413 859,1414 904,1414 948,1414 992,1413 1036,1413 1080,1411 1124,1410 1169,1408"/>
                <TextEquiv>
                    <Unicode>kommt Arthur Schnitzlers ganze Wandlungs¬</Unicode>
                </TextEquiv>
            </TextLine>
            <TextLine id="r1l15" custom="readingOrder {index:14;}">
                <Coords points="286,1453 1159,1475 1174,1429 287,1405"/>
                <Baseline points="297,1441 340,1443 383,1444 427,1446 470,1448 513,1450 557,1451 600,1452 643,1453 687,1454 730,1454 773,1455 817,1455 860,1456 903,1456 947,1456 990,1456 1033,1456 1077,1456 1120,1456 1164,1456"/>
                <TextEquiv>
                    <Unicode>fähigkeit zu fast restlosem Ausdruck. In der „Ge¬</Unicode>
                </TextEquiv>
            </TextLine>
            <TextLine id="r1l16" custom="readingOrder {index:15;}">
                <Coords points="284,1496 1173,1508 1173,1468 1118,1463 285,1453"/>
                <Baseline points="294,1485 337,1487 381,1489 424,1491 468,1492 511,1494 555,1495 598,1496 642,1497 685,1498 729,1498 772,1499 816,1499 859,1500 903,1500 946,1500 990,1501 1033,1501 1077,1501 1120,1502 1164,1502"/>
                <TextEquiv>
                    <Unicode>fährtin“ ist es das moderne Liebesproblem,</Unicode>
                </TextEquiv>
            </TextLine>
            <TextLine id="r1l17" custom="readingOrder {index:16;}">
                <Coords points="270,1529 503,1556 1175,1554 1175,1508 271,1495"/>
                <Baseline points="280,1532 324,1535 368,1536 412,1537 456,1539 501,1540 545,1541 589,1541 633,1542 677,1543 722,1543 766,1544 810,1544 854,1545 898,1545 943,1545 987,1546 1031,1546 1075,1546 1119,1547 1164,1547"/>
                <TextEquiv>
                    <Unicode>dessen tausendfältigen Wegen kein anderer so wie</Unicode>
                </TextEquiv>
            </TextLine>
            <TextLine id="r1l18" custom="readingOrder {index:17;}">
                <Coords points="275,1575 601,1606 1170,1591 1170,1562 1075,1547 275,1553"/>
                <Baseline points="284,1577 327,1579 371,1580 415,1581 459,1583 503,1583 546,1584 590,1585 634,1586 678,1587 722,1587 765,1588 809,1588 853,1588 897,1588 941,1588 984,1588 1028,1587 1072,1587 1116,1586 1160,1585"/>
                <TextEquiv>
                    <Unicode>dieser zart empfindende Wiener Seelenarzt nach¬</Unicode>
                </TextEquiv>
            </TextLine>
            <TextLine id="r1l19" custom="readingOrder {index:18;}">
                <Coords points="271,1640 625,1619 1166,1648 1166,1604 1105,1593 445,1597 272,1571"/>
                <Baseline points="282,1619 325,1620 369,1622 413,1624 456,1625 500,1626 544,1627 587,1628 631,1629 675,1630 719,1630 762,1631 806,1631 850,1632 893,1632 937,1632 981,1633 1024,1633 1068,1633 1112,1633 1156,1633"/>
                <TextEquiv>
                    <Unicode>zuspüren vermag. Es ist eine schlichte Episode,</Unicode>
                </TextEquiv>
            </TextLine>
            <TextLine id="r1l20" custom="readingOrder {index:19;}">
                <Coords points="271,1673 1166,1681 1166,1642 1115,1637 272,1631"/>
                <Baseline points="281,1665 324,1665 368,1667 412,1667 455,1668 499,1670 543,1670 586,1672 630,1672 674,1674 718,1675 761,1675 805,1676 849,1676 892,1677 936,1677 980,1677 1023,1676 1067,1676 1111,1675 1155,1674"/>
                <TextEquiv>
                    <Unicode>die er in diesem Akt gibt, diese langsam im Be¬</Unicode>
                </TextEquiv>
            </TextLine>
            <TextLine id="r1l21" custom="readingOrder {index:20;}">
                <Coords points="278,1715 1028,1739 1176,1723 1177,1682 278,1675"/>
                <Baseline points="287,1707 333,1709 379,1710 425,1711 472,1712 518,1714 564,1715 610,1716 657,1717 703,1718 749,1719 795,1719 842,1720 888,1720 934,1721 980,1721 1027,1720 1073,1720 1119,1719 1166,1718"/>
                <TextEquiv>
                    <Unicode>wußtsein des alternden Gatten aufdämmernde</Unicode>
                </TextEquiv>
            </TextLine>
            <TextLine id="r1l22" custom="readingOrder {index:21;}">
                <Coords points="272,1760 1114,1779 1167,1762 1168,1730 273,1716"/>
                <Baseline points="283,1751 326,1752 370,1754 414,1756 457,1758 501,1759 545,1760 588,1761 632,1762 676,1763 720,1763 763,1764 807,1764 851,1765 894,1765 938,1765 982,1764 1025,1764 1069,1764 1113,1763 1157,1763"/>
                <TextEquiv>
                    <Unicode>Wahrheit über das geheime Liebesleben seines</Unicode>
                </TextEquiv>
            </TextLine>
            <TextLine id="r1l23" custom="readingOrder {index:22;}">
                <Coords points="275,1805 1166,1806 1166,1777 1123,1770 276,1765"/>
                <Baseline points="286,1795 329,1797 373,1798 416,1800 460,1802 503,1803 547,1804 590,1805 634,1806 677,1806 721,1807 764,1807 808,1808 851,1808 895,1808 938,1808 982,1808 1025,1808 1069,1808 1112,1807 1156,1806"/>
                <TextEquiv>
                    <Unicode>soeben der Erde übergebenen jungen Weibes. Und</Unicode>
                </TextEquiv>
            </TextLine>
            <TextLine id="r1l24" custom="readingOrder {index:23;}">
                <Coords points="272,1840 815,1867 1169,1852 1169,1823 1118,1812 272,1808"/>
                <Baseline points="281,1841 324,1842 368,1843 412,1844 456,1845 500,1846 544,1847 588,1848 632,1849 676,1850 720,1850 763,1851 807,1851 851,1851 895,1851 939,1851 983,1851 1027,1851 1071,1850 1115,1849 1159,1848"/>
                <TextEquiv>
                    <Unicode>es sind verhaltene, zarte, empfindsame Worte, die</Unicode>
                </TextEquiv>
            </TextLine>
            <TextLine id="r1l25" custom="readingOrder {index:24;}">
                <Coords points="258,1892 1077,1911 1175,1885 1175,1845 817,1868 259,1837"/>
                <Baseline points="268,1885 312,1886 357,1887 402,1888 447,1889 492,1891 537,1891 581,1893 626,1894 671,1895 716,1895 761,1896 806,1897 851,1897 895,1897 940,1898 985,1898 1030,1897 1075,1897 1120,1896 1165,1896"/>
                <TextEquiv>
                    <Unicode>die Menschen in dieser von dumpfer Schwermut</Unicode>
                </TextEquiv>
            </TextLine>
            <TextLine id="r1l26" custom="readingOrder {index:25;}">
                <Coords points="276,1932 1200,1961 1201,1919 1122,1903 277,1901"/>
                <Baseline points="286,1928 331,1931 376,1932 421,1934 466,1935 512,1936 557,1937 602,1938 647,1939 692,1940 738,1940 783,1940 828,1940 873,1940 918,1940 964,1940 1009,1940 1054,1939 1099,1939 1144,1939 1190,1938"/>
                <TextEquiv>
                    <Unicode>erfüllten Szene sprechen: Menschen und Worte</Unicode>
                </TextEquiv>
            </TextLine>
            <TextLine id="r1l27" custom="readingOrder {index:26;}">
                <Coords points="265,1978 1165,2008 1166,1966 1016,1941 265,1940"/>
                <Baseline points="274,1973 318,1975 362,1976 406,1978 450,1979 494,1980 538,1981 582,1982 626,1983 670,1984 715,1985 759,1985 803,1985 847,1986 891,1986 935,1985 979,1985 1023,1985 1067,1984 1111,1983 1156,1981"/>
                <TextEquiv>
                    <Unicode>von Schnitzlers unendlich feiner Art. In ver¬</Unicode>
                </TextEquiv>
            </TextLine>
            <TextLine id="r1l28" custom="readingOrder {index:27;}">
                <Coords points="271,2027 1163,2040 1164,1990 271,1985"/>
                <Baseline points="281,2017 324,2018 368,2020 411,2021 455,2022 499,2023 542,2025 586,2026 630,2026 673,2027 717,2028 761,2028 804,2029 848,2029 892,2029 935,2030 979,2030 1023,2030 1066,2030 1110,2030 1154,2029"/>
                <TextEquiv>
                    <Unicode>ständnisvoller Nachschöpfung erwuchs das kleine</Unicode>
                </TextEquiv>
            </TextLine>
            <TextLine id="r1l29" custom="readingOrder {index:28;}">
                <Coords points="262,2063 1154,2093 1155,2038 262,2028"/>
                <Baseline points="271,2061 314,2062 358,2064 402,2065 445,2067 489,2068 533,2069 576,2070 620,2071 664,2072 708,2073 751,2074 795,2074 839,2074 882,2074 926,2074 970,2074 1013,2073 1057,2073 1101,2072 1145,2071"/>
                <TextEquiv>
                    <Unicode>Schauspiel dank der feinsinnigen Wiedergabe zu</Unicode>
                </TextEquiv>
            </TextLine>
            <TextLine id="r1l30" custom="readingOrder {index:29;}">
                <Coords points="266,2109 1068,2128 1156,2121 1157,2097 266,2067"/>
                <Baseline points="276,2104 319,2107 363,2108 406,2110 450,2112 493,2113 537,2115 580,2116 624,2116 667,2117 711,2117 755,2118 798,2118 842,2118 885,2118 929,2118 972,2117 1016,2117 1059,2117 1103,2116 1147,2116"/>
                <TextEquiv>
                    <Unicode>einem starken Eindruck. Max Reimer, Con¬</Unicode>
                </TextEquiv>
            </TextLine>
            <TextLine id="r1l31" custom="readingOrder {index:30;}">
                <Coords points="260,2157 1123,2177 1157,2163 1158,2122 261,2116"/>
                <Baseline points="270,2149 313,2150 357,2152 401,2153 445,2154 489,2156 533,2156 577,2158 621,2159 665,2160 709,2161 752,2162 796,2162 840,2163 884,2163 928,2163 972,2163 1016,2163 1060,2163 1104,2162 1148,2161"/>
                <TextEquiv>
                    <Unicode>rod Wiene und Hedwig Pauly goben die</Unicode>
                </TextEquiv>
            </TextLine>
            <TextLine id="r1l32" custom="readingOrder {index:31;}">
                <Coords points="270,2201 1167,2232 1167,2176 1136,2166 271,2154"/>
                <Baseline points="280,2194 323,2196 367,2198 411,2200 455,2201 499,2202 543,2203 587,2204 631,2204 675,2204 719,2205 762,2205 806,2205 850,2205 894,2205 938,2205 982,2205 1026,2205 1070,2205 1114,2206 1158,2206"/>
                <TextEquiv>
                    <Unicode>drei Hauptfiguren mit viel Takt und der aus der</Unicode>
                </TextEquiv>
            </TextLine>
            <TextLine id="r1l33" custom="readingOrder {index:32;}">
                <Coords points="263,2258 1040,2261 1091,2246 1092,2214 264,2201"/>
                <Baseline points="274,2238 314,2239 354,2239 395,2240 435,2241 476,2243 516,2243 556,2244 597,2246 637,2246 678,2247 718,2248 758,2249 799,2249 839,2250 880,2250 920,2250 960,2250 1001,2250 1041,2249 1082,2249"/>
                <TextEquiv>
                    <Unicode>ganzen Stimmung gebotenen Zurückhaltung.</Unicode>
                </TextEquiv>
            </TextLine>
            <TextLine id="r1l34" custom="readingOrder {index:33;}">
                <Coords points="329,2282 1087,2311 1160,2304 1161,2244 329,2251"/>
                <Baseline points="338,2287 378,2288 419,2289 459,2290 500,2290 541,2291 581,2291 622,2292 663,2292 703,2293 744,2293 785,2293 825,2293 866,2294 907,2294 947,2294 988,2294 1029,2295 1069,2295 1110,2295 1151,2296"/>
                <TextEquiv>
                    <Unicode>Etwas kräftigere Rüancen findet der Dichter</Unicode>
                </TextEquiv>
            </TextLine>
            <TextLine id="r1l35" custom="readingOrder {index:34;}">
                <Coords points="274,2331 1127,2351 1160,2348 1161,2308 652,2287 604,2318 567,2294 274,2285"/>
                <Baseline points="283,2328 326,2330 369,2332 413,2333 456,2334 500,2335 543,2335 586,2336 630,2336 673,2337 717,2337 760,2337 803,2338 847,2338 890,2338 934,2339 977,2340 1020,2341 1064,2342 1107,2344 1151,2346"/>
                <TextEquiv>
                    <Unicode>in „Paracelsus“. Es ist ein gereimter Scherz,</Unicode>
                </TextEquiv>
            </TextLine>
            <TextLine id="r1l36" custom="readingOrder {index:35;}">
                <Coords points="258,2372 1114,2400 1160,2379 1101,2345 258,2332"/>
                <Baseline points="268,2370 312,2372 356,2374 400,2375 444,2377 488,2377 532,2378 576,2379 620,2379 664,2380 709,2380 753,2380 797,2381 841,2381 885,2381 929,2381 973,2382 1017,2383 1061,2383 1105,2384 1150,2385"/>
                <TextEquiv>
                    <Unicode>ein Schwanken zwischen Spiel und Wirklichkeit.</Unicode>
                </TextEquiv>
            </TextLine>
            <TextLine id="r1l37" custom="readingOrder {index:36;}">
                <Coords points="269,2432 1112,2440 1160,2430 1161,2379 1115,2400 270,2385"/>
                <Baseline points="279,2414 322,2415 366,2417 409,2419 453,2420 496,2421 540,2422 583,2423 627,2423 670,2424 714,2424 758,2424 801,2424 845,2425 888,2425 932,2425 975,2425 1019,2425 1062,2425 1106,2425 1150,2426"/>
                <TextEquiv>
                    <Unicode>Schnitzler benutzt die Figur des berühmten Arztes</Unicode>
                </TextEquiv>
            </TextLine>
            <TextLine id="r1l38" custom="readingOrder {index:37;}">
                <Coords points="264,2466 1155,2478 1143,2431 264,2428"/>
                <Baseline points="274,2458 317,2459 361,2460 404,2461 448,2462 491,2463 535,2464 578,2465 622,2465 665,2466 709,2466 752,2467 796,2467 839,2468 883,2468 926,2468 970,2468 1013,2468 1057,2468 1100,2468 1144,2468"/>
                <TextEquiv>
                    <Unicode>Paracelsus zu einer Analyse weiblicher Empfin¬</Unicode>
                </TextEquiv>
            </TextLine>
            <TextLine id="r1l39" custom="readingOrder {index:38;}">
                <Coords points="269,2510 920,2534 1061,2507 1153,2525 1154,2486 269,2480"/>
                <Baseline points="279,2502 322,2504 365,2505 408,2506 452,2507 495,2508 538,2508 581,2509 625,2509 668,2509 711,2509 754,2509 798,2509 841,2509 884,2509 927,2509 971,2509 1014,2509 1057,2510 1100,2510 1144,2511"/>
                <TextEquiv>
                    <Unicode>dungen, und in dem scheinbaren Spiel, das der</Unicode>
                </TextEquiv>
            </TextLine>
            <TextLine id="r1l40" custom="readingOrder {index:39;}">
                <Coords points="269,2559 1164,2556 1164,2521 1069,2506 269,2511"/>
                <Baseline points="278,2545 321,2546 365,2548 409,2549 453,2550 497,2551 540,2552 584,2553 628,2553 672,2554 716,2555 759,2555 803,2555 847,2556 891,2556 935,2556 978,2556 1022,2555 1066,2555 1110,2555 1154,2554"/>
                <TextEquiv>
                    <Unicode>mittelalterliche Hypnotiseur mit der Frau</Unicode>
                </TextEquiv>
            </TextLine>
            <TextLine id="r1l41" custom="readingOrder {index:40;}">
                <Coords points="264,2584 303,2609 424,2590 625,2614 1159,2592 1159,2559 264,2555"/>
                <Baseline points="274,2589 317,2589 361,2590 405,2591 449,2591 492,2592 536,2593 580,2594 624,2595 667,2595 711,2596 755,2597 799,2597 842,2598 886,2598 930,2598 974,2598 1017,2598 1061,2597 1105,2597 1149,2596"/>
                <TextEquiv>
                    <Unicode>Justina treibt, offenbart sich dem staunenden und</Unicode>
                </TextEquiv>
            </TextLine>
            <TextLine id="r1l42" custom="readingOrder {index:41;}">
                <Coords points="261,2648 1039,2655 1158,2642 1158,2593 261,2605"/>
                <Baseline points="270,2633 313,2633 357,2633 401,2633 445,2634 489,2634 533,2635 577,2635 621,2636 665,2636 709,2637 752,2637 796,2638 840,2638 884,2638 928,2638 972,2638 1016,2638 1060,2638 1104,2637 1148,2636"/>
                <TextEquiv>
                    <Unicode>verbtüfften Gatten die reiche Skala der Liebes¬</Unicode>
                </TextEquiv>
            </TextLine>
            <TextLine id="r1l43" custom="readingOrder {index:42;}">
                <Coords points="257,2677 944,2700 1011,2677 1165,2710 1150,2647 257,2649"/>
                <Baseline points="267,2674 311,2675 355,2676 400,2676 444,2677 489,2678 533,2679 578,2680 622,2680 667,2681 711,2682 755,2682 800,2682 844,2683 889,2683 933,2683 978,2683 1022,2682 1067,2682 1111,2681 1156,2680"/>
                <TextEquiv>
                    <Unicode>regungen, die auch im Hergen einer treuen</Unicode>
                </TextEquiv>
            </TextLine>
            <TextLine id="r1l44" custom="readingOrder {index:43;}">
                <Coords points="254,2730 1160,2734 1111,2688 1013,2677 254,2687"/>
                <Baseline points="264,2718 308,2718 352,2719 396,2719 441,2719 485,2720 529,2720 574,2721 618,2721 662,2722 707,2723 751,2723 795,2724 839,2724 884,2725 928,2725 972,2725 1017,2726 1061,2726 1105,2726 1150,2726"/>
                <TextEquiv>
                    <Unicode>Gattin schlummern und der Erweckung. fühig sind.</Unicode>
                </TextEquiv>
            </TextLine>
            <TextLine id="r1l45" custom="readingOrder {index:44;}">
                <Coords points="263,2776 1154,2773 1134,2728 263,2728"/>
                <Baseline points="273,2762 316,2761 360,2761 403,2761 447,2761 490,2762 534,2762 577,2763 621,2763 664,2764 708,2765 751,2766 795,2766 838,2767 882,2767 925,2768 969,2768 1012,2768 1056,2768 1099,2768 1143,2768"/>
                <TextEquiv>
                    <Unicode>Die Justina Elsa Wasas hutte hier mehr Farbe</Unicode>
                </TextEquiv>
            </TextLine>
            <TextLine id="r1l46" custom="readingOrder {index:45;}">
                <Coords points="257,2809 1157,2814 1157,2781 1017,2768 257,2777"/>
                <Baseline points="267,2808 311,2807 355,2807 399,2808 443,2808 487,2808 531,2809 575,2809 619,2810 663,2810 707,2811 751,2812 795,2812 839,2813 883,2813 927,2813 971,2813 1015,2813 1059,2813 1103,2813 1148,2813"/>
                <TextEquiv>
                    <Unicode>zeigen dürfen; Herr Gerhard gab mit ein¬</Unicode>
                </TextEquiv>
            </TextLine>
            <TextLine id="r1l47" custom="readingOrder {index:46;}">
                <Coords points="265,2858 1043,2868 1145,2861 1146,2835 974,2810 265,2816"/>
                <Baseline points="274,2849 317,2849 360,2849 403,2850 446,2850 489,2851 532,2851 575,2852 618,2853 661,2853 705,2854 748,2854 791,2855 834,2855 877,2855 920,2855 963,2855 1006,2855 1049,2854 1092,2854 1136,2853"/>
                <TextEquiv>
                    <Unicode>fachen, aber eindringlichen Mitteln den Para¬</Unicode>
                </TextEquiv>
            </TextLine>
            <TextLine id="r1l48" custom="readingOrder {index:47;}">
                <Coords points="256,2907 671,2889 1121,2917 1148,2869 257,2854"/>
                <Baseline points="266,2891 309,2891 353,2892 396,2893 440,2893 484,2894 527,2894 571,2895 614,2895 658,2895 702,2896 745,2896 789,2896 832,2897 876,2897 920,2897 963,2897 1007,2898 1050,2898 1094,2898 1138,2898"/>
                <TextEquiv>
                    <Unicode>celsus; die Herren Bernecker (Cyprian),</Unicode>
                </TextEquiv>
            </TextLine>
            <TextLine id="r1l49" custom="readingOrder {index:48;}">
                <Coords points="263,2940 1027,2957 1114,2952 1156,2907 263,2904"/>
                <Baseline points="272,2930 315,2932 359,2933 402,2934 446,2935 490,2936 533,2937 577,2938 621,2939 664,2939 708,2939 752,2940 795,2940 839,2940 883,2941 926,2941 970,2941 1014,2941 1057,2941 1101,2941 1145,2941"/>
                <TextEquiv>
                    <Unicode>Bildt (Dr. Copus) und Braun (Junker An¬</Unicode>
                </TextEquiv>
            </TextLine>
            <TextLine id="r1l50" custom="readingOrder {index:49;}">
                <Coords points="255,2987 287,3005 496,2979 1018,2998 1044,2964 902,2939 256,2939"/>
                <Baseline points="265,2983 303,2982 341,2981 380,2980 418,2980 457,2980 495,2980 533,2980 572,2980 610,2981 649,2982 687,2982 725,2983 764,2984 802,2985 841,2985 879,2986 917,2986 956,2986 994,2986 1033,2986"/>
                <TextEquiv>
                    <Unicode>selm) trafen gut den Ton des Versspiels.</Unicode>
                </TextEquiv>
            </TextLine>
            <TextLine id="r1l51" custom="readingOrder {index:50;}">
                <Coords points="308,3033 1150,3047 1150,2998 1075,2988 309,2990"/>
                <Baseline points="318,3022 359,3023 400,3023 441,3024 482,3025 523,3026 564,3027 605,3027 646,3027 687,3028 729,3028 770,3029 811,3029 852,3029 893,3029 934,3028 975,3028 1016,3027 1057,3027 1098,3026 1140,3025"/>
                <TextEquiv>
                    <Unicode>Den Beschluß machte die figurenreiche Revo¬</Unicode>
                </TextEquiv>
            </TextLine>
            <TextLine id="r1l52" custom="readingOrder {index:51;}">
                <Coords points="261,3068 1164,3074 1107,3030 664,3047 262,3015"/>
                <Baseline points="270,3062 314,3063 358,3064 402,3066 446,3067 491,3068 535,3068 579,3069 623,3070 667,3070 712,3070 756,3071 800,3071 844,3071 888,3071 933,3072 977,3072 1021,3072 1065,3072 1109,3073 1154,3073"/>
                <TextEquiv>
                    <Unicode>lutionsgroteske „Der grüne Kakadu“.</Unicode>
                </TextEquiv>
            </TextLine>
            <TextLine id="r1l53" custom="readingOrder {index:52;}">
                <Coords points="248,3103 1074,3126 1149,3096 1068,3069 249,3068"/>
                <Baseline points="259,3110 303,3109 347,3109 391,3109 435,3109 479,3110 523,3110 567,3111 611,3112 655,3112 699,3113 743,3114 787,3114 831,3115 875,3115 919,3116 963,3116 1007,3116 1051,3115 1095,3114 1139,3113"/>
                <TextEquiv>
                    <Unicode>Hier zeigt Schnitzler seine ganze große drama¬</Unicode>
                </TextEquiv>
            </TextLine>
            <TextLine id="r1l54" custom="readingOrder {index:53;}">
                <Coords points="260,3161 1106,3168 1149,3159 1150,3094 1074,3126 261,3110"/>
                <Baseline points="270,3148 313,3148 357,3149 400,3149 444,3150 487,3150 531,3151 574,3152 618,3153 661,3153 705,3154 748,3155 792,3155 835,3156 879,3156 922,3157 966,3157 1009,3156 1053,3156 1096,3155 1140,3154"/>
                <TextEquiv>
                    <Unicode>tische Gestaltungsfähigkeit und wie das Finale</Unicode>
                </TextEquiv>
            </TextLine>
            <TextLine id="r1l55" custom="readingOrder {index:54;}">
                <Coords points="260,3202 1149,3219 1130,3158 261,3161"/>
                <Baseline points="270,3191 313,3192 356,3192 400,3193 443,3193 487,3193 530,3194 574,3194 617,3194 661,3195 704,3195 747,3196 791,3196 834,3197 878,3197 921,3197 965,3198 1008,3199 1052,3199 1095,3200 1139,3200"/>
                <TextEquiv>
                    <Unicode>des lebensprühenden Einakters aus tollem Spiel</Unicode>
                </TextEquiv>
            </TextLine>
            <TextLine id="r1l56" custom="readingOrder {index:55;}">
                <Coords points="256,3251 1087,3292 1142,3282 1144,3229 561,3231 257,3199"/>
                <Baseline points="266,3250 309,3252 352,3255 395,3256 439,3258 482,3260 525,3261 569,3262 612,3264 655,3265 699,3266 742,3267 785,3268 828,3269 872,3270 915,3271 958,3271 1002,3272 1045,3273 1088,3273 1132,3274"/>
                <TextEquiv>
                    <Unicode>zum wuchtigen, aufrütteinden Drama erwächst,</Unicode>
                </TextEquiv>
            </TextLine>
            <TextLine id="r1l57" custom="readingOrder {index:56;}">
                <Coords points="260,3303 1024,3333 1143,3315 1144,3279 261,3270"/>
                <Baseline points="270,3295 313,3297 356,3298 399,3299 442,3301 485,3302 528,3304 571,3305 614,3307 657,3308 701,3310 744,3312 787,3313 830,3314 873,3315 916,3316 959,3317 1002,3317 1045,3318 1088,3318 1132,3317"/>
                <TextEquiv>
                    <Unicode>wie sich hier aus einer Einzelepisode der gran¬</Unicode>
                </TextEquiv>
            </TextLine>
            <TextLine id="r1l58" custom="readingOrder {index:57;}">
                <Coords points="256,3343 1051,3375 1142,3362 1143,3324 257,3302"/>
                <Baseline points="266,3339 309,3341 352,3343 395,3345 439,3346 482,3348 525,3349 569,3351 612,3352 655,3353 699,3354 742,3355 785,3356 828,3357 872,3358 915,3358 958,3359 1002,3360 1045,3360 1088,3361 1132,3362"/>
                <TextEquiv>
                    <Unicode>diose Sturm eines weltgeschichtlichen Moments</Unicode>
                </TextEquiv>
            </TextLine>
            <TextLine id="r1l59" custom="readingOrder {index:58;}">
                <Coords points="248,3382 1137,3415 1138,3366 249,3341"/>
                <Baseline points="258,3380 301,3383 345,3386 388,3388 432,3390 475,3392 519,3394 562,3395 606,3396 649,3397 693,3398 736,3398 780,3399 823,3399 867,3400 910,3401 954,3401 997,3402 1041,3403 1084,3404 1128,3405"/>
                <TextEquiv>
                    <Unicode>emporringt, das gehört zum Packendsten, u 3</Unicode>
                </TextEquiv>
            </TextLine>
            <TextLine id="r1l60" custom="readingOrder {index:59;}">
                <Coords points="257,3433 648,3459 974,3436 1147,3475 1149,3423 1044,3407 259,3383"/>
                <Baseline points="267,3424 310,3425 354,3428 397,3430 441,3431 484,3433 528,3434 571,3436 615,3436 658,3438 702,3438 746,3439 789,3440 833,3441 876,3442 920,3443 963,3444 1007,3446 1050,3447 1094,3448 1138,3450"/>
                <TextEquiv>
                    <Unicode>die moderne Dichtung hervorgebracht. Georg</Unicode>
                </TextEquiv>
            </TextLine>
            <TextLine id="r1l61" custom="readingOrder {index:60;}">
                <Coords points="252,3466 1146,3515 1147,3459 962,3439 253,3434"/>
                <Baseline points="261,3468 304,3469 348,3471 392,3472 436,3474 480,3476 523,3476 567,3478 611,3479 655,3480 699,3481 742,3481 786,3482 830,3484 874,3484 918,3486 961,3487 1005,3488 1049,3489 1093,3491 1137,3492"/>
                <TextEquiv>
                    <Unicode>Paeschke, Richard Wirth, Hans F. Ger¬</Unicode>
                </TextEquiv>
            </TextLine>
            <TextLine id="r1l62" custom="readingOrder {index:61;}">
                <Coords points="248,3508 1146,3545 1147,3505 1116,3496 455,3478 398,3500 249,3465"/>
                <Baseline points="258,3507 301,3509 345,3511 389,3514 433,3515 477,3517 521,3519 565,3520 609,3522 653,3523 697,3525 740,3526 784,3527 828,3528 872,3530 916,3531 960,3533 1004,3534 1048,3535 1092,3537 1136,3539"/>
                <TextEquiv>
                    <Unicode>hard, Heinz Bernecker, Conrad Wiene</Unicode>
                </TextEquiv>
            </TextLine>
            <TextLine id="r1l63" custom="readingOrder {index:62;}">
                <Coords points="246,3559 580,3561 668,3590 738,3568 820,3599 1133,3581 1134,3555 1073,3538 248,3517"/>
                <Baseline points="256,3552 299,3554 342,3555 386,3557 429,3558 472,3560 516,3561 559,3562 602,3564 646,3565 689,3566 732,3567 776,3569 819,3570 862,3571 906,3573 949,3574 992,3576 1036,3578 1079,3579 1123,3581"/>
                <TextEquiv>
                    <Unicode>und Eise Wasa machten sich um die Wieder¬</Unicode>
                </TextEquiv>
            </TextLine>
            <TextLine id="r1l64" custom="readingOrder {index:63;}">
                <Coords points="241,3609 270,3622 467,3635 517,3614 568,3635 588,3616 614,3615 615,3573 580,3562 568,3574 501,3576 380,3563 268,3571 242,3558"/>
                <Baseline points="251,3600 276,3600 301,3600 326,3601 351,3601 377,3602 402,3602 427,3603 452,3604 477,3604 503,3605 528,3606 553,3607 578,3607 604,3608"/>
                <TextEquiv>
                    <Unicode>gabe sehr verdient.</Unicode>
                </TextEquiv>
            </TextLine>
            <TextLine id="r1l65" custom="readingOrder {index:64;}">
                <Coords points="891,3637 915,3634 924,3645 942,3650 1025,3650 1037,3639 1067,3634 1069,3597 1047,3602 1040,3593 1028,3597 1013,3582 994,3591 971,3592 959,3581 945,3590 928,3580 911,3591 893,3592"/>
                <Baseline points="902,3619 928,3620 954,3621 980,3624 1006,3625 1032,3626 1058,3625"/>
                <TextEquiv>
                    <Unicode>M. L.</Unicode>
                </TextEquiv>
            </TextLine>
            <TextEquiv>
                <Unicode>1
Ka
16
9. 4. Der grinedu Z0 K11—
„Berliner Morgenpost, Berlin
m:
MALI
Dbei Einatier im Schillerthealer.
„Die Gefährtin.“ — „Paracelfus.“
„Der grüne Kakadn.“
* (Im Charlottenburger Hause.)
In diesen drei Einaktern, die von seiten der
Schillerbühne eine treffliche Wahl bedeuten,
kommt Arthur Schnitzlers ganze Wandlungs¬
fähigkeit zu fast restlosem Ausdruck. In der „Ge¬
fährtin“ ist es das moderne Liebesproblem,
dessen tausendfältigen Wegen kein anderer so wie
dieser zart empfindende Wiener Seelenarzt nach¬
zuspüren vermag. Es ist eine schlichte Episode,
die er in diesem Akt gibt, diese langsam im Be¬
wußtsein des alternden Gatten aufdämmernde
Wahrheit über das geheime Liebesleben seines
soeben der Erde übergebenen jungen Weibes. Und
es sind verhaltene, zarte, empfindsame Worte, die
die Menschen in dieser von dumpfer Schwermut
erfüllten Szene sprechen: Menschen und Worte
von Schnitzlers unendlich feiner Art. In ver¬
ständnisvoller Nachschöpfung erwuchs das kleine
Schauspiel dank der feinsinnigen Wiedergabe zu
einem starken Eindruck. Max Reimer, Con¬
rod Wiene und Hedwig Pauly goben die
drei Hauptfiguren mit viel Takt und der aus der
ganzen Stimmung gebotenen Zurückhaltung.
Etwas kräftigere Rüancen findet der Dichter
in „Paracelsus“. Es ist ein gereimter Scherz,
ein Schwanken zwischen Spiel und Wirklichkeit.
Schnitzler benutzt die Figur des berühmten Arztes
Paracelsus zu einer Analyse weiblicher Empfin¬
dungen, und in dem scheinbaren Spiel, das der
mittelalterliche Hypnotiseur mit der Frau
Justina treibt, offenbart sich dem staunenden und
verbtüfften Gatten die reiche Skala der Liebes¬
regungen, die auch im Hergen einer treuen
Gattin schlummern und der Erweckung. fühig sind.
Die Justina Elsa Wasas hutte hier mehr Farbe
zeigen dürfen; Herr Gerhard gab mit ein¬
fachen, aber eindringlichen Mitteln den Para¬
celsus; die Herren Bernecker (Cyprian),
Bildt (Dr. Copus) und Braun (Junker An¬
selm) trafen gut den Ton des Versspiels.
Den Beschluß machte die figurenreiche Revo¬
lutionsgroteske „Der grüne Kakadu“.
Hier zeigt Schnitzler seine ganze große drama¬
tische Gestaltungsfähigkeit und wie das Finale
des lebensprühenden Einakters aus tollem Spiel
zum wuchtigen, aufrütteinden Drama erwächst,
wie sich hier aus einer Einzelepisode der gran¬
diose Sturm eines weltgeschichtlichen Moments
emporringt, das gehört zum Packendsten, u 3
die moderne Dichtung hervorgebracht. Georg
Paeschke, Richard Wirth, Hans F. Ger¬
hard, Heinz Bernecker, Conrad Wiene
und Eise Wasa machten sich um die Wieder¬
gabe sehr verdient.
M. L.</Unicode>
            </TextEquiv>
        </TextRegion>
        <TextRegion orientation="0.0" id="r2" custom="readingOrder {index:1;}">
            <Coords points="1683,279 1683,3642 3055,3642 3055,279"/>
            <TextLine id="r2l1" custom="readingOrder {index:0;}">
                <Coords points="1980,327 2067,321 2104,334 2154,328 2175,308 2306,326 2347,306 2424,324 2424,245 2319,251 2294,239 2246,267 2215,241 2181,269 1980,246"/>
                <Baseline points="1989,302 2014,303 2039,304 2064,305 2089,306 2114,306 2139,306 2164,307 2189,307 2214,306 2239,306 2264,306 2289,305 2314,305 2339,304 2364,303 2389,303 2414,301"/>
                <TextEquiv>
                    <Unicode>box 16/1</Unicode>
                </TextEquiv>
            </TextLine>
            <TextLine id="r2l2" custom="readingOrder {index:1;}">
                <Coords points="1895,632 1916,627 1982,650 2013,637 2106,635 2124,645 2211,635 2249,654 2247,564 2213,562 2184,579 2030,570 1894,600"/>
                <Baseline points="1904,633 1929,632 1955,632 1981,631 2006,630 2032,629 2058,628 2083,628 2109,627 2135,627 2160,627 2186,627 2212,627 2238,628"/>
                <TextEquiv>
                    <Unicode>Ausschnltt auf</Unicode>
                </TextEquiv>
            </TextLine>
            <TextLine id="r2l3" custom="readingOrder {index:2;}">
                <Coords points="2253,652 2340,678 2425,650 2511,668 2551,636 2656,667 2731,644 2786,661 2948,622 2998,639 3061,597 3058,552 2992,540 2863,543 2826,579 2592,562 2508,586 2343,576 2289,604 2249,587"/>
                <Baseline points="2262,649 2301,649 2340,649 2380,648 2419,648 2459,647 2498,646 2538,645 2577,644 2617,642 2656,640 2695,637 2735,634 2774,632 2814,628 2853,623 2893,619 2932,614 2972,607 3011,601 3051,594"/>
                <TextEquiv>
                    <Unicode>ossische Teitung. Berlie</Unicode>
                </TextEquiv>
            </TextLine>
            <TextLine id="r2l4" custom="readingOrder {index:3;}">
                <Coords points="2025,700 2315,721 2359,758 2446,739 2472,759 2541,742 2547,687 2031,639"/>
                <Baseline points="2036,697 2062,698 2088,700 2114,702 2140,704 2166,707 2192,710 2218,713 2244,717 2270,719 2297,723 2323,726 2349,729 2375,732 2401,734 2427,737 2453,738 2479,739 2505,740 2532,740"/>
                <TextEquiv>
                    <Unicode>16. MAi 1912</Unicode>
                </TextEquiv>
            </TextLine>
            <TextLine id="r2l5" custom="readingOrder {index:4;}">
                <Coords points="1906,742 1918,742 1926,736 1936,744 2044,741 2044,695 2018,697 1988,692 1975,702 1941,702 1925,692 1905,693"/>
                <Baseline points="1915,741 1945,738 1975,737 2005,738 2035,739"/>
                <TextEquiv>
                    <Unicode>vom:</Unicode>
                </TextEquiv>
            </TextLine>
            <TextLine id="r2l6" custom="readingOrder {index:5;}">
                <Coords points="1824,804 3009,831 3009,746 1824,784"/>
                <Baseline points="1835,804 1893,804 1951,805 2009,806 2068,807 2126,807 2184,808 2242,808 2301,808 2359,809 2417,809 2475,809 2534,809 2592,809 2650,809 2708,809 2767,809 2825,809 2883,808 2941,808 3000,807"/>
                <TextEquiv>
                    <Unicode>Das Schillertheater Charlottenburg erinnerte sich als einzige</Unicode>
                </TextEquiv>
            </TextLine>
            <TextLine id="r2l7" custom="readingOrder {index:6;}">
                <Coords points="1783,847 2989,847 2958,806 1783,808"/>
                <Baseline points="1793,840 1852,842 1911,843 1970,844 2030,845 2089,846 2148,847 2208,848 2267,848 2326,849 2386,849 2445,849 2504,849 2563,849 2623,849 2682,848 2741,848 2801,847 2860,846 2919,845 2979,844"/>
                <TextEquiv>
                    <Unicode>Berliner Bühne der Verpflichtung, von Arthur Schnitzlers funf¬</Unicode>
                </TextEquiv>
            </TextLine>
            <TextLine id="r2l8" custom="readingOrder {index:7;}">
                <Coords points="1782,878 2994,885 2994,851 2935,845 1782,845"/>
                <Baseline points="1792,884 1851,883 1911,883 1970,883 2030,883 2090,883 2149,884 2209,885 2268,885 2328,886 2388,887 2447,887 2507,888 2566,888 2626,888 2686,887 2745,887 2805,886 2864,884 2924,882 2984,880"/>
                <TextEquiv>
                    <Unicode>zigstem Geburtstage Kenntuis zu nehmen. Es gab drei Ein¬</Unicode>
                </TextEquiv>
            </TextLine>
            <TextLine id="r2l9" custom="readingOrder {index:8;}">
                <Coords points="1787,928 2877,933 2999,925 2999,883 1787,884"/>
                <Baseline points="1796,920 1855,920 1915,920 1975,920 2034,920 2094,921 2154,921 2213,922 2273,923 2333,923 2393,924 2452,924 2512,924 2572,925 2631,924 2691,924 2751,923 2810,922 2870,920 2930,918 2990,916"/>
                <TextEquiv>
                    <Unicode>akter: „Die Gefährtin“, „Paracelsus" und „Der grüne</Unicode>
                </TextEquiv>
            </TextLine>
            <TextLine id="r2l10" custom="readingOrder {index:9;}">
                <Coords points="1789,967 2715,979 2960,965 2996,924 1789,925"/>
                <Baseline points="1798,960 1857,960 1916,960 1976,960 2035,960 2095,960 2154,960 2213,961 2273,961 2332,961 2392,961 2451,962 2510,962 2570,961 2629,961 2689,961 2748,960 2807,959 2867,958 2926,957 2986,955"/>
                <TextEquiv>
                    <Unicode>Kakadu“. Das burleske kleine Revolutionsstück hat seine Wir¬</Unicode>
                </TextEquiv>
            </TextLine>
            <TextLine id="r2l11" custom="readingOrder {index:10;}">
                <Coords points="1777,1012 3000,992 2974,959 1777,964"/>
                <Baseline points="1788,998 1848,998 1908,998 1968,998 2028,998 2088,998 2148,999 2208,999 2268,1000 2328,1000 2389,1001 2449,1001 2509,1001 2569,1001 2629,1001 2689,1001 2749,1000 2809,999 2869,998 2929,996 2990,994"/>
                <TextEquiv>
                    <Unicode>kung schon an vielen Stellen erprobt; gestern erwuchs ihm</Unicode>
                </TextEquiv>
            </TextLine>
            <TextLine id="r2l12" custom="readingOrder {index:11;}">
                <Coords points="1782,1035 3001,1042 3001,991 2381,1020 1782,991"/>
                <Baseline points="1792,1037 1851,1036 1911,1036 1971,1035 2031,1035 2091,1036 2151,1036 2211,1037 2271,1037 2331,1038 2391,1039 2450,1039 2510,1040 2570,1040 2630,1040 2690,1039 2750,1039 2810,1038 2870,1036 2930,1034 2990,1031"/>
                <TextEquiv>
                    <Unicode>eine überraschende Konkurrenz an dem „Paracelsus“, dem sich</Unicode>
                </TextEquiv>
            </TextLine>
            <TextLine id="r2l13" custom="readingOrder {index:12;}">
                <Coords points="1790,1076 2708,1091 2967,1081 3004,1048 2777,1022 1790,1054"/>
                <Baseline points="1800,1078 1859,1076 1919,1075 1979,1075 2039,1074 2098,1074 2158,1075 2218,1075 2278,1075 2337,1076 2397,1076 2457,1077 2517,1077 2576,1077 2636,1077 2696,1077 2756,1077 2815,1076 2875,1074 2935,1073 2995,1070"/>
                <TextEquiv>
                    <Unicode>auch eine glückliche Bühnenlaufbahn vorhersagen läßt, wenn</Unicode>
                </TextEquiv>
            </TextLine>
            <TextLine id="r2l14" custom="readingOrder {index:13;}">
                <Coords points="1787,1103 2998,1125 2998,1091 2931,1073 1787,1081"/>
                <Baseline points="1797,1112 1856,1112 1916,1111 1975,1111 2035,1112 2094,1112 2154,1113 2213,1113 2273,1114 2332,1114 2392,1115 2452,1116 2511,1116 2571,1116 2630,1116 2690,1115 2749,1114 2809,1113 2868,1111 2928,1109 2988,1106"/>
                <TextEquiv>
                    <Unicode>sich das Publikum so mit ihm weiter familiarisiert. Für die „Ge¬</Unicode>
                </TextEquiv>
            </TextLine>
            <TextLine id="r2l15" custom="readingOrder {index:14;}">
                <Coords points="1791,1155 3002,1151 2964,1113 1791,1105"/>
                <Baseline points="1801,1151 1860,1151 1920,1151 1979,1151 2039,1151 2099,1152 2158,1152 2218,1152 2277,1153 2337,1153 2397,1153 2456,1154 2516,1154 2575,1154 2635,1154 2695,1154 2754,1154 2814,1153 2873,1153 2933,1151 2993,1150"/>
                <TextEquiv>
                    <Unicode>fährtin“ wäre vielleicht ein anderer Auftakt zu wünschen gewesen;</Unicode>
                </TextEquiv>
            </TextLine>
            <TextLine id="r2l16" custom="readingOrder {index:15;}">
                <Coords points="1791,1194 3005,1195 2980,1153 1791,1155"/>
                <Baseline points="1800,1188 1859,1189 1919,1189 1979,1190 2039,1190 2099,1190 2158,1191 2218,1191 2278,1191 2338,1191 2398,1191 2457,1191 2517,1191 2577,1191 2637,1191 2697,1190 2756,1190 2816,1190 2876,1190 2936,1190 2996,1190"/>
                <TextEquiv>
                    <Unicode>dieses etwas künstliche Dramolet hängt zu sehr von der stummen</Unicode>
                </TextEquiv>
            </TextLine>
            <TextLine id="r2l17" custom="readingOrder {index:16;}">
                <Coords points="1785,1230 2978,1239 3002,1187 1785,1197"/>
                <Baseline points="1795,1226 1854,1226 1914,1226 1974,1226 2034,1227 2094,1228 2154,1228 2213,1229 2273,1229 2333,1230 2393,1230 2453,1231 2513,1231 2573,1231 2632,1231 2692,1231 2752,1230 2812,1229 2872,1228 2932,1226 2992,1224"/>
                <TextEquiv>
                    <Unicode>Gewalt eines einzigen Schauspielers ab, der sich nicht überall finden</Unicode>
                </TextEquiv>
            </TextLine>
            <TextLine id="r2l18" custom="readingOrder {index:17;}">
                <Coords points="1789,1275 3000,1268 3000,1230 1789,1230"/>
                <Baseline points="1798,1264 1857,1265 1917,1265 1976,1266 2036,1266 2096,1267 2155,1267 2215,1268 2274,1268 2334,1269 2394,1269 2453,1269 2513,1269 2572,1269 2632,1269 2692,1269 2751,1268 2811,1268 2870,1267 2930,1266 2990,1265"/>
                <TextEquiv>
                    <Unicode>läßt. Im ganzen wurde recht wacker gearbeitet, besonders von</Unicode>
                </TextEquiv>
            </TextLine>
            <TextLine id="r2l19" custom="readingOrder {index:18;}">
                <Coords points="1793,1304 3005,1326 3005,1261 1793,1282"/>
                <Baseline points="1802,1301 1861,1302 1921,1303 1981,1304 2040,1305 2100,1306 2160,1306 2219,1307 2279,1307 2339,1307 2399,1307 2458,1308 2518,1308 2578,1308 2637,1308 2697,1307 2757,1307 2816,1307 2876,1307 2936,1306 2996,1306"/>
                <TextEquiv>
                    <Unicode>Haus F. Gerhard, Heinz Bernecker, Conrad Wiene, wie von den</Unicode>
                </TextEquiv>
            </TextLine>
            <TextLine id="r2l20" custom="readingOrder {index:19;}">
                <Coords points="1781,1359 2613,1348 2613,1315 2452,1301 1782,1314"/>
                <Baseline points="1792,1338 1832,1340 1873,1341 1913,1342 1954,1343 1995,1344 2035,1345 2076,1345 2116,1346 2157,1347 2198,1347 2238,1347 2279,1348 2319,1348 2360,1348 2401,1348 2441,1348 2482,1348 2522,1348 2563,1347 2604,1347"/>
                <TextEquiv>
                    <Unicode>Damen Else Wasa und Hedwig Vauly. —r.</Unicode>
                </TextEquiv>
            </TextLine>
            <TextLine id="r2l21" custom="readingOrder {index:20;}">
                <Coords points="2776,1390 2862,1413 2919,1394 2970,1400 2985,1414 3065,1406 3064,1344 3009,1356 2977,1345 2947,1354 2911,1327 2895,1327 2819,1357 2793,1342 2775,1347"/>
                <Baseline points="2786,1398 2812,1397 2839,1395 2866,1395 2893,1395 2920,1395 2947,1395 2974,1394 3001,1393 3028,1390 3055,1386"/>
                <TextEquiv>
                    <Unicode>—</Unicode>
                </TextEquiv>
            </TextLine>
            <TextLine id="r2l22" custom="readingOrder {index:21;}">
                <Coords points="1795,2165 1871,2190 2086,2185 2194,2209 2197,2130 2055,2119 2025,2101 1903,2116 1797,2110"/>
                <Baseline points="1804,2158 1829,2160 1854,2160 1880,2160 1905,2160 1931,2160 1956,2160 1982,2160 2007,2160 2033,2160 2058,2162 2084,2164 2109,2167 2135,2170 2160,2175 2186,2181"/>
                <TextEquiv>
                    <Unicode>Ausschnitt aus:</Unicode>
                </TextEquiv>
            </TextLine>
            <TextLine id="r2l23" custom="readingOrder {index:22;}">
                <Coords points="2194,2218 2283,2204 2397,2235 2567,2206 2669,2243 2780,2222 2890,2247 2992,2213 2994,2157 2813,2172 2729,2148 2196,2133"/>
                <Baseline points="2205,2196 2243,2198 2282,2201 2321,2203 2360,2205 2399,2207 2437,2208 2476,2210 2515,2211 2554,2213 2593,2214 2631,2214 2670,2215 2709,2216 2748,2217 2787,2217 2825,2218 2864,2218 2903,2218 2942,2219 2981,2219"/>
                <TextEquiv>
                    <Unicode>BERLINER TAGBLATT</Unicode>
                </TextEquiv>
            </TextLine>
            <TextLine id="r2l24" custom="readingOrder {index:23;}">
                <Coords points="1795,2284 1847,2299 2209,2309 2252,2333 2290,2327 2298,2242 2204,2248 2070,2222 2008,2246 1956,2213 1895,2224 1853,2206 1832,2222 1801,2207"/>
                <Baseline points="1807,2262 1832,2266 1857,2269 1882,2272 1907,2275 1932,2278 1957,2281 1982,2283 2007,2285 2032,2288 2057,2290 2082,2292 2107,2294 2132,2296 2157,2298 2182,2299 2207,2301 2232,2303 2257,2305 2282,2306"/>
                <TextEquiv>
                    <Unicode>AME</Unicode>
                </TextEquiv>
            </TextLine>
            <TextLine id="r2l25" custom="readingOrder {index:24;}">
                <Coords points="1861,2378 1962,2402 2756,2390 2756,2289 2691,2269 2507,2276 2374,2217 2341,2245 2185,2216 2157,2237 2094,2204 2007,2228 1960,2193 1861,2220"/>
                <Baseline points="1872,2374 1915,2374 1959,2374 2003,2374 2047,2374 2090,2374 2134,2374 2178,2374 2222,2374 2265,2374 2309,2374 2353,2373 2397,2373 2440,2373 2484,2373 2528,2373 2572,2373 2615,2372 2659,2372 2703,2372 2747,2371"/>
                <TextEquiv>
                    <Unicode>Schnichter=Kitführungen.</Unicode>
                </TextEquiv>
            </TextLine>
            <TextLine id="r2l26" custom="readingOrder {index:25;}">
                <Coords points="1744,2418 2601,2442 2911,2435 2958,2391 1743,2373"/>
                <Baseline points="1753,2427 1812,2428 1872,2428 1932,2429 1992,2429 2051,2429 2111,2429 2171,2429 2231,2429 2290,2429 2350,2428 2410,2428 2470,2427 2529,2427 2589,2426 2649,2425 2709,2424 2768,2424 2828,2422 2888,2421 2948,2420"/>
                <TextEquiv>
                    <Unicode>Th. P. Das Schillertheater Charlottenburg</Unicode>
                </TextEquiv>
            </TextLine>
            <TextLine id="r2l27" custom="readingOrder {index:26;}">
                <Coords points="1697,2474 2898,2478 2945,2473 2945,2428 1697,2456"/>
                <Baseline points="1706,2475 1767,2474 1829,2473 1890,2472 1952,2471 2013,2471 2075,2470 2136,2470 2198,2469 2259,2469 2321,2469 2382,2468 2444,2468 2505,2468 2567,2468 2628,2467 2690,2467 2751,2467 2813,2466 2874,2466 2936,2466"/>
                <TextEquiv>
                    <Unicode>ehrte gestern den fünfzigjährigen Dichter durch eine Aufführung seiner</Unicode>
                </TextEquiv>
            </TextLine>
            <TextLine id="r2l28" custom="readingOrder {index:27;}">
                <Coords points="1693,2499 2955,2513 2955,2478 2862,2468 1693,2472"/>
                <Baseline points="1703,2515 1765,2514 1827,2514 1889,2513 1951,2513 2013,2512 2075,2512 2137,2512 2199,2511 2261,2511 2324,2511 2386,2510 2448,2510 2510,2510 2572,2509 2634,2509 2696,2508 2758,2508 2820,2507 2882,2507 2945,2506"/>
                <TextEquiv>
                    <Unicode>drei Einakter, denen er als Motto den von echter Schnitzlerstimmung</Unicode>
                </TextEquiv>
            </TextLine>
            <TextLine id="r2l29" custom="readingOrder {index:28;}">
                <Coords points="1706,2575 2952,2564 2952,2509 1705,2526"/>
                <Baseline points="1715,2557 1776,2556 1837,2555 1898,2554 1960,2553 2021,2553 2082,2552 2144,2552 2205,2551 2266,2551 2328,2551 2389,2551 2450,2550 2511,2550 2573,2550 2634,2550 2695,2550 2757,2549 2818,2549 2879,2549 2941,2548"/>
                <TextEquiv>
                    <Unicode>umwitterten Vers „Wir spielen immer; wer es weiß, ist klug“ vor¬</Unicode>
                </TextEquiv>
            </TextLine>
            <TextLine id="r2l30" custom="readingOrder {index:29;}">
                <Coords points="1694,2614 2948,2591 2947,2558 2833,2543 1693,2577"/>
                <Baseline points="1703,2599 1764,2598 1826,2597 1888,2596 1950,2596 2011,2595 2073,2594 2135,2593 2197,2593 2258,2592 2320,2592 2382,2591 2444,2591 2505,2590 2567,2590 2629,2589 2691,2589 2752,2589 2814,2589 2876,2588 2938,2588"/>
                <TextEquiv>
                    <Unicode>angesetzt hat. Dieser Vers stammt aus dem „Paracelsus“ dem</Unicode>
                </TextEquiv>
            </TextLine>
            <TextLine id="r2l31" custom="readingOrder {index:30;}">
                <Coords points="1696,2662 2816,2644 2944,2627 2944,2589 1696,2603"/>
                <Baseline points="1706,2640 1767,2639 1828,2638 1890,2638 1951,2637 2013,2637 2074,2636 2135,2636 2197,2635 2258,2635 2320,2635 2381,2635 2442,2634 2504,2634 2565,2633 2627,2633 2688,2632 2749,2631 2811,2630 2872,2629 2934,2628"/>
                <TextEquiv>
                    <Unicode>ersten der drei Einakter, dem nach dem Willen des Dichters „Die</Unicode>
                </TextEquiv>
            </TextLine>
            <TextLine id="r2l32" custom="readingOrder {index:31;}">
                <Coords points="1709,2673 2958,2688 2933,2627 1709,2644"/>
                <Baseline points="1720,2683 1781,2683 1842,2683 1904,2682 1965,2682 2026,2682 2088,2681 2149,2681 2210,2680 2272,2679 2333,2679 2394,2678 2456,2677 2517,2676 2578,2676 2640,2675 2701,2674 2762,2674 2824,2673 2885,2673 2947,2672"/>
                <TextEquiv>
                    <Unicode>Gefährtin“ folgen sollte, während die glänzende Groteske „Der</Unicode>
                </TextEquiv>
            </TextLine>
            <TextLine id="r2l33" custom="readingOrder {index:32;}">
                <Coords points="1673,2779 2926,2783 2924,2696 2786,2732 1673,2759"/>
                <Baseline points="1683,2781 1744,2780 1806,2778 1867,2777 1929,2776 1991,2775 2052,2774 2114,2773 2175,2772 2237,2772 2299,2771 2360,2770 2422,2770 2483,2769 2545,2768 2607,2767 2668,2766 2730,2764 2791,2762 2853,2761 2915,2758"/>
                <TextEquiv>
                    <Unicode>grüne Kakadu“ in ihrer üppigen Instrumentierung mit Recht</Unicode>
                </TextEquiv>
            </TextLine>
            <TextLine id="r2l34" custom="readingOrder {index:33;}">
                <Coords points="1675,2809 2926,2819 2925,2773 2864,2766 1675,2779"/>
                <Baseline points="1685,2820 1746,2820 1808,2819 1869,2819 1931,2818 1992,2818 2054,2817 2115,2816 2177,2815 2238,2814 2300,2813 2362,2812 2423,2811 2485,2810 2546,2809 2608,2808 2669,2807 2731,2806 2792,2806 2854,2805 2916,2805"/>
                <TextEquiv>
                    <Unicode>an den Schluß gehört. Das Schillertheater minderte leider um etwas,</Unicode>
                </TextEquiv>
            </TextLine>
            <TextLine id="r2l35" custom="readingOrder {index:34;}">
                <Coords points="1691,2858 2823,2867 2913,2828 1690,2821"/>
                <Baseline points="1700,2862 1760,2862 1820,2861 1880,2860 1940,2859 2001,2859 2061,2858 2121,2857 2181,2857 2241,2856 2302,2855 2362,2854 2422,2853 2482,2852 2542,2851 2603,2850 2663,2849 2723,2847 2783,2846 2843,2845 2904,2844"/>
                <TextEquiv>
                    <Unicode>den Wert der Ehrung, indem es eigenmächtig das feine und leise</Unicode>
                </TextEquiv>
            </TextLine>
            <TextLine id="r2l36" custom="readingOrder {index:35;}">
                <Coords points="1676,2898 2922,2898 2922,2851 1676,2855"/>
                <Baseline points="1687,2900 1748,2900 1809,2900 1870,2900 1932,2899 1993,2899 2054,2898 2116,2897 2177,2896 2238,2895 2300,2895 2361,2893 2422,2892 2483,2892 2545,2891 2606,2890 2667,2889 2729,2888 2790,2888 2851,2887 2913,2887"/>
                <TextEquiv>
                    <Unicode>Schauspiel „Die Gefährtin“ an den Anfang stellte und es dadurch auch</Unicode>
                </TextEquiv>
            </TextLine>
            <TextLine id="r2l37" custom="readingOrder {index:36;}">
                <Coords points="1681,2945 2799,2943 2911,2899 1681,2901"/>
                <Baseline points="1691,2934 1751,2934 1812,2935 1872,2935 1933,2936 1993,2936 2054,2936 2114,2936 2175,2936 2235,2936 2296,2936 2356,2936 2417,2935 2477,2935 2538,2934 2598,2933 2659,2933 2719,2931 2780,2930 2840,2929 2901,2927"/>
                <TextEquiv>
                    <Unicode>##iscksichum seine Wirkung brachte. Ganz unzweideutig sei es gesagt:</Unicode>
                </TextEquiv>
            </TextLine>
            <TextLine id="r2l38" custom="readingOrder {index:37;}">
                <Coords points="1678,2992 2889,2980 2916,2934 1678,2953"/>
                <Baseline points="1687,2973 1748,2974 1809,2974 1870,2975 1931,2975 1992,2975 2053,2975 2114,2975 2175,2975 2236,2974 2297,2974 2358,2973 2419,2973 2480,2972 2541,2971 2602,2970 2663,2969 2724,2968 2785,2968 2846,2967 2907,2966"/>
                <TextEquiv>
                    <Unicode>diese Theaterästhetik, die klüger sein will als der Dichter, ist falsch.</Unicode>
                </TextEquiv>
            </TextLine>
            <TextLine id="r2l39" custom="readingOrder {index:38;}">
                <Coords points="1749,3026 2927,3023 2926,2968 1749,2985"/>
                <Baseline points="1760,3017 1817,3017 1875,3016 1933,3016 1991,3016 2049,3015 2106,3015 2164,3015 2222,3014 2280,3014 2338,3013 2395,3013 2453,3012 2511,3012 2569,3012 2627,3011 2684,3010 2742,3010 2800,3009 2858,3009 2916,3008"/>
                <TextEquiv>
                    <Unicode>Gespannt und mit lebhaftester Anteilnahme folgte das Publikum</Unicode>
                </TextEquiv>
            </TextLine>
            <TextLine id="r2l40" custom="readingOrder {index:39;}">
                <Coords points="1680,3054 2925,3059 2899,3013 1783,3028 1680,2995"/>
                <Baseline points="1690,3059 1751,3059 1812,3059 1873,3059 1934,3058 1996,3058 2057,3058 2118,3057 2179,3057 2240,3056 2302,3056 2363,3056 2424,3055 2485,3054 2546,3054 2608,3053 2669,3053 2730,3052 2791,3051 2852,3051 2914,3050"/>
                <TextEquiv>
                    <Unicode>den Schauspielen und den Schauspielern. Kopf an Kopf drängten sich</Unicode>
                </TextEquiv>
            </TextLine>
            <TextLine id="r2l41" custom="readingOrder {index:40;}">
                <Coords points="1678,3115 2926,3106 2925,3056 2846,3053 1677,3070"/>
                <Baseline points="1688,3101 1749,3101 1810,3101 1872,3100 1933,3100 1995,3099 2056,3099 2117,3098 2179,3097 2240,3096 2302,3095 2363,3094 2424,3094 2486,3093 2547,3092 2609,3092 2670,3092 2731,3092 2793,3092 2854,3093 2916,3093"/>
                <TextEquiv>
                    <Unicode>die Zuschauer in den aufsteigenden Reihen — ein Anblick, der nicht</Unicode>
                </TextEquiv>
            </TextLine>
            <TextLine id="r2l42" custom="readingOrder {index:41;}">
                <Coords points="1688,3147 2790,3153 2916,3144 2916,3103 1688,3109"/>
                <Baseline points="1698,3143 1758,3143 1818,3142 1879,3142 1939,3141 2000,3141 2060,3141 2121,3140 2181,3140 2242,3139 2302,3139 2362,3139 2423,3138 2483,3138 2544,3138 2604,3138 2665,3137 2725,3137 2786,3137 2846,3137 2907,3137"/>
                <TextEquiv>
                    <Unicode>nur einen Direktor und seine Truppe erquickt, sondern auch dem</Unicode>
                </TextEquiv>
            </TextLine>
            <TextLine id="r2l43" custom="readingOrder {index:42;}">
                <Coords points="1687,3193 2915,3193 2915,3148 2852,3132 1687,3146"/>
                <Baseline points="1697,3185 1757,3184 1817,3183 1878,3182 1938,3182 1999,3181 2059,3181 2120,3181 2180,3181 2241,3181 2301,3182 2361,3182 2422,3181 2482,3181 2543,3181 2603,3180 2664,3179 2724,3178 2785,3176 2845,3175 2906,3172"/>
                <TextEquiv>
                    <Unicode>Dichter, wäre er zugegen gewesen, das Herz erfreut hätte. „Die</Unicode>
                </TextEquiv>
            </TextLine>
            <TextLine id="r2l44" custom="readingOrder {index:43;}">
                <Coords points="1684,3218 2883,3230 2916,3172 1684,3198"/>
                <Baseline points="1694,3229 1754,3227 1815,3226 1875,3225 1936,3224 1997,3224 2057,3224 2118,3223 2179,3223 2239,3223 2300,3223 2361,3223 2421,3222 2482,3222 2543,3221 2603,3220 2664,3219 2725,3218 2785,3216 2846,3213 2907,3211"/>
                <TextEquiv>
                    <Unicode>Gefährtin“ wurde zu schwer genommen. „Paracelsus“ — die Titel¬</Unicode>
                </TextEquiv>
            </TextLine>
            <TextLine id="r2l45" custom="readingOrder {index:44;}">
                <Coords points="1690,3265 2915,3276 2900,3215 1689,3213"/>
                <Baseline points="1700,3269 1760,3268 1820,3267 1880,3267 1941,3267 2001,3266 2061,3266 2121,3266 2182,3266 2242,3266 2302,3265 2362,3265 2423,3265 2483,3264 2543,3264 2603,3263 2664,3262 2724,3261 2784,3259 2844,3257 2905,3256"/>
                <TextEquiv>
                    <Unicode>rolle gab Hans F. Gerhard in dämonischer Maske — wurde wacker</Unicode>
                </TextEquiv>
            </TextLine>
            <TextLine id="r2l46" custom="readingOrder {index:45;}">
                <Coords points="1679,3316 2924,3314 2923,3261 1679,3270"/>
                <Baseline points="1690,3313 1751,3311 1812,3309 1873,3308 1934,3307 1996,3307 2057,3306 2118,3306 2179,3306 2240,3306 2302,3306 2363,3306 2424,3306 2485,3305 2546,3305 2608,3305 2669,3304 2730,3303 2791,3302 2852,3300 2914,3298"/>
                <TextEquiv>
                    <Unicode>heruntergespielt; „Der grüne Kakadu““ übte, dank dem vor¬</Unicode>
                </TextEquiv>
            </TextLine>
            <TextLine id="r2l47" custom="readingOrder {index:46;}">
                <Coords points="1689,3347 2918,3360 2918,3322 2821,3299 1689,3320"/>
                <Baseline points="1700,3356 1760,3353 1820,3352 1881,3350 1941,3349 2002,3349 2062,3348 2122,3348 2183,3348 2243,3349 2304,3349 2364,3349 2424,3350 2485,3350 2545,3350 2606,3350 2666,3350 2726,3349 2787,3349 2847,3347 2908,3346"/>
                <TextEquiv>
                    <Unicode>trefflichen Ineinandergreifen der beteiligten Künstler, eine packende¬</Unicode>
                </TextEquiv>
            </TextLine>
            <TextLine id="r2l48" custom="readingOrder {index:47;}">
                <Coords points="1688,3397 2916,3419 2882,3346 1688,3349"/>
                <Baseline points="1698,3394 1758,3394 1818,3394 1879,3393 1939,3392 2000,3392 2060,3391 2120,3390 2181,3389 2241,3388 2302,3388 2362,3387 2422,3387 2483,3387 2543,3386 2604,3386 2664,3387 2724,3387 2785,3388 2845,3389 2906,3390"/>
                <TextEquiv>
                    <Unicode>Wirkung. Genannt seien Hans Gerhard, Else Wasa, Hedwig</Unicode>
                </TextEquiv>
            </TextLine>
            <TextLine id="r2l49" custom="readingOrder {index:48;}">
                <Coords points="1683,3455 1879,3431 1956,3447 2023,3431 2104,3447 2205,3434 2204,3411 2164,3385 2127,3402 1896,3391 1865,3415 1819,3396 1683,3396"/>
                <Baseline points="1693,3438 1718,3437 1743,3435 1768,3435 1793,3434 1818,3434 1843,3433 1868,3433 1893,3433 1918,3433 1944,3432 1969,3432 1994,3432 2019,3432 2044,3432 2069,3432 2094,3431 2119,3431 2144,3430 2169,3430 2195,3429"/>
                <TextEquiv>
                    <Unicode>Pauly, Richard Wirth.</Unicode>
                </TextEquiv>
            </TextLine>
            <TextLine id="r2l50" custom="readingOrder {index:49;}">
                <Coords points="1732,3473 2917,3472 2916,3421 2770,3403 2682,3439 2284,3405 2178,3439 1732,3440"/>
                <Baseline points="1741,3473 1799,3472 1857,3471 1915,3470 1974,3469 2032,3468 2090,3468 2148,3467 2207,3467 2265,3467 2323,3467 2381,3467 2440,3467 2498,3467 2556,3467 2614,3467 2673,3467 2731,3468 2789,3468 2847,3469 2906,3469"/>
                <TextEquiv>
                    <Unicode>Das Programmheft schmückte ein neueres Bild Arthur Schnitzlers,</Unicode>
                </TextEquiv>
            </TextLine>
            <TextLine id="r2l51" custom="readingOrder {index:50;}">
                <Coords points="1681,3522 2921,3502 2905,3470 1681,3468"/>
                <Baseline points="1691,3515 1752,3515 1813,3515 1874,3515 1935,3515 1996,3515 2057,3514 2118,3514 2179,3514 2240,3513 2301,3513 2362,3513 2423,3512 2484,3512 2545,3512 2606,3512 2667,3511 2728,3512 2789,3512 2850,3512 2912,3513"/>
                <TextEquiv>
                    <Unicode>und die geschickte Hand, die diese „Zwanglosen Hefte“ redigiert, hat</Unicode>
                </TextEquiv>
            </TextLine>
            <TextLine id="r2l52" custom="readingOrder {index:51;}">
                <Coords points="1685,3562 2924,3576 2911,3501 1685,3537"/>
                <Baseline points="1694,3559 1758,3559 1822,3560 1886,3560 1950,3559 2014,3559 2078,3558 2143,3557 2207,3556 2271,3555 2335,3555 2399,3554 2463,3553 2528,3553 2592,3552 2656,3553 2720,3553 2784,3554 2848,3555 2913,3557"/>
                <TextEquiv>
                    <Unicode>gewiß dem Schillertheaterpublikum zu Dank das Verständnis für das</Unicode>
                </TextEquiv>
            </TextLine>
            <TextLine id="r2l53" custom="readingOrder {index:52;}">
                <Coords points="1688,3630 2740,3608 2739,3555 1687,3563"/>
                <Baseline points="1698,3608 1749,3606 1801,3604 1852,3602 1904,3601 1955,3600 2007,3599 2058,3598 2110,3597 2161,3596 2213,3596 2265,3595 2316,3595 2368,3594 2419,3594 2471,3593 2522,3593 2574,3592 2625,3591 2677,3590 2729,3589"/>
                <TextEquiv>
                    <Unicode>dichterische Wesen des seinen, sinnenden Poeten angeregt.</Unicode>
                </TextEquiv>
            </TextLine>
            <TextLine id="r2l54" custom="readingOrder {index:53;}">
                <Coords points="2263,3654 2275,3654 2291,3662 2301,3662 2305,3658 2317,3662 2323,3656 2338,3658 2338,3598 2327,3598 2319,3606 2285,3598 2281,3602 2263,3600"/>
                <Baseline points="2274,3632 2301,3631 2328,3632"/>
                <TextEquiv>
                    <Unicode></Unicode>
                </TextEquiv>
            </TextLine>
            <TextEquiv>
                <Unicode>box 16/1
Ausschnltt auf
ossische Teitung. Berlie
16. MAi 1912
vom:
Das Schillertheater Charlottenburg erinnerte sich als einzige
Berliner Bühne der Verpflichtung, von Arthur Schnitzlers funf¬
zigstem Geburtstage Kenntuis zu nehmen. Es gab drei Ein¬
akter: „Die Gefährtin“, „Paracelsus" und „Der grüne
Kakadu“. Das burleske kleine Revolutionsstück hat seine Wir¬
kung schon an vielen Stellen erprobt; gestern erwuchs ihm
eine überraschende Konkurrenz an dem „Paracelsus“, dem sich
auch eine glückliche Bühnenlaufbahn vorhersagen läßt, wenn
sich das Publikum so mit ihm weiter familiarisiert. Für die „Ge¬
fährtin“ wäre vielleicht ein anderer Auftakt zu wünschen gewesen;
dieses etwas künstliche Dramolet hängt zu sehr von der stummen
Gewalt eines einzigen Schauspielers ab, der sich nicht überall finden
läßt. Im ganzen wurde recht wacker gearbeitet, besonders von
Haus F. Gerhard, Heinz Bernecker, Conrad Wiene, wie von den
Damen Else Wasa und Hedwig Vauly. —r.
—
Ausschnitt aus:
BERLINER TAGBLATT
AME
Schnichter=Kitführungen.
Th. P. Das Schillertheater Charlottenburg
ehrte gestern den fünfzigjährigen Dichter durch eine Aufführung seiner
drei Einakter, denen er als Motto den von echter Schnitzlerstimmung
umwitterten Vers „Wir spielen immer; wer es weiß, ist klug“ vor¬
angesetzt hat. Dieser Vers stammt aus dem „Paracelsus“ dem
ersten der drei Einakter, dem nach dem Willen des Dichters „Die
Gefährtin“ folgen sollte, während die glänzende Groteske „Der
grüne Kakadu“ in ihrer üppigen Instrumentierung mit Recht
an den Schluß gehört. Das Schillertheater minderte leider um etwas,
den Wert der Ehrung, indem es eigenmächtig das feine und leise
Schauspiel „Die Gefährtin“ an den Anfang stellte und es dadurch auch
##iscksichum seine Wirkung brachte. Ganz unzweideutig sei es gesagt:
diese Theaterästhetik, die klüger sein will als der Dichter, ist falsch.
Gespannt und mit lebhaftester Anteilnahme folgte das Publikum
den Schauspielen und den Schauspielern. Kopf an Kopf drängten sich
die Zuschauer in den aufsteigenden Reihen — ein Anblick, der nicht
nur einen Direktor und seine Truppe erquickt, sondern auch dem
Dichter, wäre er zugegen gewesen, das Herz erfreut hätte. „Die
Gefährtin“ wurde zu schwer genommen. „Paracelsus“ — die Titel¬
rolle gab Hans F. Gerhard in dämonischer Maske — wurde wacker
heruntergespielt; „Der grüne Kakadu““ übte, dank dem vor¬
trefflichen Ineinandergreifen der beteiligten Künstler, eine packende¬
Wirkung. Genannt seien Hans Gerhard, Else Wasa, Hedwig
Pauly, Richard Wirth.
Das Programmheft schmückte ein neueres Bild Arthur Schnitzlers,
und die geschickte Hand, die diese „Zwanglosen Hefte“ redigiert, hat
gewiß dem Schillertheaterpublikum zu Dank das Verständnis für das
dichterische Wesen des seinen, sinnenden Poeten angeregt.
</Unicode>
            </TextEquiv>
        </TextRegion>
    </Page>
</PcGts>
