3484 4256
1426 121 1934 239 box 15/3
832 155 1369 230 uene Kakadu
512 164 690 229 Der
273 162 1346 270 9.3. eKrunsaakadu
299 1032 1172 1193 Dremer Nachrichten, Promen
736 1117 1072 1269 3.Okl. 194.
1401 1269 3416 1343 Seine ganze philosophisch=betrachtende, kritisierende, sich geliebte Frau (mit der Marianne Miersch sich viel #
1427 1316 3403 1374 gegen die Härte des geschichtlichen Geschehens aufleh= gab, aber ohne über die äußerliche Geste, die vom
599 1319 1262 1399 Bremer Stadttheater
1417 1345 3407 1425 nende, moralisierende Weltanschauung hindert das objek= zum Ethos führt, hinauszukommen), ist sie trag
635 1385 1215 1461 Spiel von Tod und Liebe.
1424 1385 3403 1451 tive Gestalten. Sein (ursprünglich zehnbändiger!) Jean Wahrlich nicht; sie opfert sich aus Bedürfnis nach
2457 1433 3414 1491 scher Pose. Vielleicht hätte sie mit Hanna ###
1426 1435 2477 1494 Christoph ist die Frucht seiner musikästhetischen Vor¬
596 1445 1248 1521 Von Romain Rolland.
2456 1464 3411 1530 (Ladoiska) tauschen sollen; aber der Charakter¬
1434 1480 2482 1529 lesungen und seiner beethovenschen Menschheitsliebe.
376 1488 1447 1574 Der grüne Kakadu. Von Arthur Schnitzler.
2462 1502 3419 1563 würde doch bleiben. Im übrigen gibt es eine Reihe#
1432 1515 2479 1561 Beethovens Deutschtum innerhalb dieser Idee verschwin¬
484 1541 3420 1605 Die französische Revolution ist das Thema dieses det darin. In der durch die Revolution entfesselten Nebenrollen, in denen sich der von Natur theatergew
2461 1597 3397 1641 Franzose und auch unser Ensemble bewährte. Die
380 1583 1432 1652 Theaterabends mit Romain Rollands Spiel von Tod
1436 1594 2473 1654 Bestialität sucht er nach Dokumenten der Menschlichkeit.
393 1618 1445 1690 und Liebe und dem Schnitzlers Satyr=Spiel in der
1436 1615 3416 1675 Diese erbringen in dem Spiel von Tod und Liebe der führte Herr Oberspielleiter Waldemar Jürgens mit
386 1652 1430 1728 Pariser Lellerkneipe zum Grünen Kakadu. Die Revo¬
2455 1660 3405 1739 ssicht und sicherem Gefühl für den Stil des Dichters
1434 1675 2468 1737 hochherzige sechzigjährige Gelehrte Jerôme von Cour¬
2523 1693 3419 1757 Es folgte Schnitzlers Grüner Kakadu. Das St#
381 1688 1447 1760 lution glaubte am 14. Juli 1790 mit dem Verbrüde¬
1430 1707 2471 1761 voisier und seine fünfunddreißigjährige Frau, durch
2469 1737 3401 1801 alt und jenseits von Gut und Böse. Es spielt gr
389 1732 1437 1795 rungsfest der Nationen auf dem Champs de Mars, im
1432 1748 2469 1811 Todeswillen und Entsagung. Zwischen beide schiebt sich
396 1767 1437 1840 Reigen der großen Menschheits=Utopien von Freiheit,
1441 1770 3373 1834 der Eros, in der Gestalt des jungen Vallée, der aber als witzig, bissig, zynisch und theaterschreckend mit
395 1803 1444 1865 Gleichheit und Brüderlichkeit ihr Ziel erreicht zu haben.
1432 1813 3408 1884 Egoist ausgeschifft wird und sich rettet. Das TodesduettsTotschlag, Bastillesturm, Aristokratenfäulnis und Re
2457 1848 3411 1928 tionsfieber; ohne tieferen Ernst, ohne eigene Übe
395 1861 2479 1930 Und doch war es erst der Beginn. Der Verbrüderungs=des freiwillig der Guillotine entgegenschreitenden
2465 1890 3418 1960 gung. Um zu kitzeln. In unserer Zeit, nach den ##
392 1900 2480 1966 taumel der Masse weckte die Bestien, die in der Tiefe Menschenpaares hat hohe Schönheit der Gefühle, oratori¬
2469 1932 3423 1991 und Lehren des letzten Massenwahnsinns der Völker
392 1944 1447 1997 der menschlichen Herzen schlafen; der Zerstörungstanz
1426 1939 2471 2008 sche Musik wie Isoldens Liebestod, die große französische
2468 1974 3415 2031 dies, einst nur als witzig empfündene Spiel vie
391 1981 1439 2043 begann, von Tag zu Tag sich überstürzend, bis der all¬
1430 1979 2481 2026 Geste des herorischen Edelmuts — leider aber nicht so
2471 2008 3422 2077 seinem Reiz verloren. Aber in Verbindung mit R#
386 2012 1438 2090 gemeine Wahnsinn sich gegen sich selbst wandte und die
1437 2020 2492 2073 sehr das überzeugende Gewicht innerer Wahrheit: diese
2467 2051 3402 2107 Rolland ist es historisch immerhin eine Ergänzung.
391 2061 1442 2116 Führer, entsetzt wie der Zauberlehrling, im Blutstrom
1434 2057 2489 2126 junge Frau berauscht sich intellektuell an der Idee ihrer
395 2099 1443 2155 versanten und endlich der korsische Tierbändiger erschien,
2464 2085 3403 2146 hätte man es an den Anfang stellen müssen; nich
1445 2103 2474 2166 Hochherzigkeit und ihres Ethos. Hoffentlich löscht das
389 2129 1444 2194 der die Bestie wieder an die Kette legte. Die Tragik
2470 2119 3412 2185 wegen der historischen Entwicklung der Revolutien,
1439 2133 2476 2191 lorbeerbekränzte, silbern blitzende Fallbeil diesen ethischen
388 2167 1447 2225 jeder Revolution ist die Vergewaltigung des Individuums
2470 2170 3413 2225 dern zur Entwickelung einer übergeordneten eth
1424 2163 2476 2235 Rausch, bevor er sich wieder zum Eros wandelt, der ihr
385 2211 1444 2265 und seines Traumes von der Menschheitserhöhung, das
2456 2188 3413 2272 Idee und um der künstlerischen Steigerung willen.
1426 2217 2478 2283 Wesen besaß und der das Prinzip des Lebens und des
389 2248 1444 2302 überschlagen seiner Weltbeglückung in Weltzerstörung.
2454 2253 3408 2316 wie es war, schadete es der Nachwirkung von Ra
1426 2257 1906 2329 Kampfes ist und bleibt.
460 2270 1447 2339 Romain Rolland, der Dichter des Jean Christoph
2470 2287 3417 2346 Rollands höheren Absichten. Die ebenfalls von B
1489 2303 2475 2376 Die epische Natur des Dichters Romain Rolland
384 2309 1447 2386 und der Bewunderer Mahatma Gandis, ist sicher ein
2471 2320 3407 2382 mar Jürgens inszenierte Aufführung hatte buntes u
1442 2355 2468 2409 zeigt sich in ihrer ganzen Naibität auch in der langen,
391 2355 1439 2412 edler Europäer und Freo der leidenden Menschheit.
2465 2368 3409 2420 haltsames Leben; aber der scharfe Brandgeruch
1442 2385 2472 2437 langen Ergählung, die Valleé noch im Augenblick töd¬
394 2389 1446 2461 Aber daß die in der Revciation sich entfesselnden Kräfte,
2469 2406 3412 2461 Bästillesturmes und der Fieberhitze der Gesellschaft
1439 2432 2476 2483 licher Ermattung von seiner Flucht durch Frankreich
391 2452 1443 2509 ein Gemisch aus Hölle und Himmel, auch in jeder ein¬
2460 2441 3414 2496 von unten nach oben, vulkanisch überkocht, war
1432 2471 2469 2519 macht, und in dem ergreifenden, aber auch fühlbar langen
384 2483 1439 2542 zelnen Menschenbrust das Fundament seines Wesens
2463 2479 3414 2544 stark durch Ferdinand Ahnelts urkomischen Prosper
1434 2509 2471 2560 Bericht Courvoissiers von der Konventssitzung. Nur ein
391 2516 1439 2573 und seiner Tragik bilden, und daß as Beispiel eines
2463 2508 3413 2582 gemildert. Die übrigen Rollen sind stark char
1431 2549 2467 2597 Franzose und ein rhethorisch so begabter Franzose wie
388 2561 1440 2610 vereinzelten Sieges der Güte nicht die Sündflut des
2462 2562 3257 2634 Grotesk=skizzen, die nicht zu verfehlen sind.
1433 2584 2474 2638 Romain Rolland vermag sein Theaterpublikum so lange
393 2607 1444 2651 Bösen aufheben kann, will ihm nicht in den Sinn. Er
2528 2584 3413 2657 Der lebhafte Beifalt des Publikums galt vie
1434 2618 2471 2680 festzuhalten — und das auch nur, wenn er einen so
393 2630 1448 2696 will seine Utopie nicht lassen, daß einst der Einzelne die
2459 2625 3420 2693 dem hohen edlen Sprach= und Gedankenflug ##
1437 2667 2474 2722 mitreißenden, überlegenen Sprecher findet, wie hier bei
386 2680 1445 2729 Bestie der Gesamtheit überwinden werde; kurz und
2457 2678 3397 2738 Rollands, als dem MachenArthur Schnitzler, vor
1436 2705 2466 2763 uns in Hans Gerlach, der mit der Rolle innerlich von
383 2713 1438 2773 symbolisch: daß einst die wunderlichen Bezeichnungen
2463 2714 2895 2794 aber den Darstellern.“
1434 2739 2475 2797 Szene zu Szene geistig und menschlich wuchs, bis er
383 2760 1442 2805 Franzosen und Deutsche Juden und Christen verschwun¬
2534 2735 3408 2815 Und nun genug, der Einakter und der Plänk
379 2771 2479 2853 den sein werden und nur noch Europäer sich holdselig Rollandsche Übermenschlichkeit der Güte und Willens¬
2457 2793 3408 2864 zum Einspielen des Ensembles. Strindbergs Rausch
383 2823 2467 2903 anlächeln. So widmet er seinem ziebsten Freunde in größe erhielt. Aber tragisch? Nein! Die anderen
2465 2818 3396 2889 eine Tat. Jetzt sind wir gespannt auf weitere 2
387 2845 2465 2914 „Europa“, Stephan Zweig, dem warmherzigen Dichter Charaktere sind dichterisch nicht entfernt so groß, vor
2466 2878 3409 2931 Die Klassiker sind immer noch der höchste Reserbs
1436 2890 2465 2947 allem nicht ungebrochen. Vallée, der Liebhaber, hat die
381 2904 1454 2958 der Tragödie seines Volkes, Jeremias, dem Freien im
2463 2909 3399 2968 des Theaters, wenn die Lebenden versagen. Sch
1439 2931 2465 2989 französische große Geste des heroischen, todesmutigen
380 2945 1446 3002 Geiste, dem Europa die Heimat und Freundschaft Reli¬
2462 2937 3405 3011 Don Carlos steht vor der Tür; er braucht ja nich
1436 2967 2469 3025 Eros; er ist aber nur blind=sinnlicher Egoist, der die Ge¬
380 2986 1443 3046 gion bedeutet, sein Spiel von Tod und Liebe. Welch
2462 2992 3394 3048 zum Geburtstag Schillers zu warten. Dafür hat
1436 3017 2466 3068 liebte durch seine Rückkehr freventlich in sein Geschick
393 3023 1441 3093 rührender, kindlicher Optimismus im waffenstarrenden
2467 3022 3407 3084 noch mehr Stücke geschrieben. Und ich glaube, der W
1430 3061 2467 3112 mit hineinreißt. Hier tritt der klaffende Unterschied
383 3060 1362 3139 Europa! Marokko liegt ja freilich nicht in Europa.
2464 3053 3403 3140 des Publikums geht auch auf große erhebende Kun
1441 3083 2475 3140 zwischen dem französischen und deutschen Eros, dem All¬
446 3078 1436 3158 Leider formt man mit Menschenliebe und hohem
2932 3093 3415 3178 Dr. Gerh. Hellmer
1436 3133 2476 3180 sieger im Kampf, zutage: Tannhäuser und Wolfram!
387 3135 1443 3204 Europäertum noch nicht immer eine Tragödie, d. h. im
393 3177 2474 3233 Spiel von innerer Notwendigkeit und Gesetzmäßigkeit. Und ist dieser Vallée (dem Willy Schmitt auch nicht hel¬
391 3212 2512 3299 Romain Rolland ist im Kern seines Wesens Epiker.Ifen konnte) tragisch? Nein; nur Egoist. Und sie, die
