3436 4256
2112 149 2571 241 box 15/6
315 124 1986 253 9. 4. Der gruene Kakadn zykIus
673 1160 1666 1253 5 00 —
327 1228 416 1307 Sn
421 1310 1662 1380 liche Theater=Agenten, d. h. jene, welche thatsächlich den Engage¬
1660 1331 2927 1396 darauf war er gefaßt und es that seiner Freundschaft zu dem
428 1362 1669 1413 mentsverkehr mit den Angehörigen der deuischen Bühnen vermitteln,
1672 1373 2927 1441 Ehebrecher keinen Abbruch. Mit einem Worte: er wird uns als Ehe¬
312 1374 426 1457 nkte
412 1397 1670 1460 kkönnen nunmehr jene Aeußerung des Herrn Staatssekretärs des
1676 1410 2931 1481 mann und als Meusch gleich verächtlich gemacht. Was er bei der
424 1435 1001 1496 Innern, welche wörtlich lautet:
1672 1452 2930 1526 Entdeckung des Schmutzes und der Schande in seinem Hause empfindet,
290 1339 426 1546 +0
571 1477 1675 1549 „Selbstverständlich nehme ich von meinen Bemerkungen die¬
1676 1486 2930 1547 ist uns daher ganz gleichgültig. Dem Verfasser nicht minder. Er
448 1511 1668 1580 jenige Kategorie von Stellenvermittlern gern aus, die wirkliche
1668 1523 2939 1596 läßt es nur pantomimisch ausdrücken, nachdem er uns ganz genau hat
458 1553 1667 1603 Theateragenten sind, welche Stellen vermitteln von Personen, die
313 1536 433 1614 pril
1673 1549 2940 1643 mittheilen lassen, wie enge hier jahrelang die hehre Wissenschaft und
450 1602 1662 1650 befähigt sind, einen höheren Kunstgenuß darzubieten, und welche
304 1594 432 1649 #ten
1670 1601 2931 1673 das thierische Triebleben neben einander gehanst haben. Es kam ihm
459 1631 1661 1707 diese Stellenvermittelung in einer anständigen und auch mit Kunst¬
306 1635 436 1693 ige¬
1666 1652 2936 1719 Inur darauf an, nach Art eines Prozeßverfahrens die Vergangenheit
459 1666 1369 1728 verständniß verbundenen Art und Weise besorgen.“
314 1678 428 1726 Zer¬
1658 1668 2941 1769 aufzuklären, und in solchen Kunststückchen ist er ja anerkannter
421 1698 1502 1769 auch in materieller Beziehung für sich in Anspruch nehmen.
313 1711 424 1762 vom
1672 1718 1860 1776 Meister.
319 1753 427 1804 kto¬
528 1750 1676 1812 Nicht unerwähnt wollen wir lassen, daß Herr Emil Ledner
1789 1767 2925 1843 „Der grüne Kakadu“ ist auf dem Theaterzettel als
325 1790 426 1841 ern
429 1766 1664 1845 in Berlin, welcher diese Erklärung nicht mit unterschreibt, dies nur
1668 1804 2929 1879 „Grotesie“ bezeichnet. Wir werden in eine Pariser Spelunke zur Zeit
430 1827 1671 1879 aus dem Grunde unterläßt, weil er den nunmehr für den gesammten
1667 1853 2932 1918 der großen Revolution geführt. Der Wirth war früher „Theater¬
419 1857 1299 1912 Geschäftsverkehr eingeführten „Provisionstarif“
1309 1860 1664 1942 schon seit dem
1668 1886 2925 1959 Direktor" und hat von seiner Schmierenzeit noch einige Schauspieler
419 1902 1421 1953 1. Jannar 1898 in seinem Geschäftsbetriebe verwendet.
1667 1926 2922 1996 an der Hand. Sie improvisiren jeden Abend in seinem Keller Scenen
533 1941 1665 2004 Berlin, 1. Mai 1899. Felix Bloch Erben. Ludwig Crelinger,
317 1905 428 2014 an
1672 1966 2926 2041 aus dem Verbrecherleben, und die hohe Aristokratie erfreut sich an
408 1976 1662 2044 Berlin. Drenker u. Co., Berlin. C. F. van Hell, Berlin. Ludivig
1663 1999 2935 2089 diesen schalen Einfällen, die ein wenig an die Nerven gehen. Heuri,
311 2004 416 2078 18 •
417 2020 1671 2087 Hoffmann, Berlin. Ferdinand Roeder, Berlin. Dora Sachse=Bauer,
1668 2042 2928 2109 der Hauptmime des „Grünen Kakadu“ (so heißt die Spelunke),
413 2055 1667 2120 Berlin. Louis v. Selar, Berlin. Ernst Stieber. Berlin. J. Bach¬
319 2063 418 2119 zu
1661 2079 1784 2128 will
1767 2082 2930 2151 an diesem Abend seine Abschieds=Vorstellung geben
422 2095 1664 2157 mann, Berlin. J. E. Diedel, Brannschweig. L. Egener, Hamburg.
311 2095 425 2157 er
1677 2116 1888 2176 und sich
1888 2121 2933 2194 dann mit der ihm eben angetrauten Schau¬
415 2127 1669 2190 Bernhard Freyberg, Köln. Eugen Frankfurter. Nürnberg. C. Hilpert,
300 2133 432 2206 it¬
1663 2160 2931 2230 spielerin Léocadie aufs Land zurückziehen. Die Abschieds¬
418 2172 1666 2242 München. Oskar Kirchner, Frankfurt a. Main. H. Schwantge,
311 2181 426 2232 m
1672 2200 2936 2281 vorstellung soll einen Hauptulk geben. Er erscheint mit verstörter
420 2209 1330 2278 Mühlhausen. Paul Schlosser, Straßburg. Ad.
315 2220 420 2265 er
1317 2215 1669 2276 Schäfer, Hannover.
1662 2231 2927 2306 Miene und erzählt so glaubwürdig, daß der Wirth selbst an die
417 2241 1668 2302 M. Grübel, Mannheim. H. Reinhard, Berlin. Maysche Theater¬
300 2247 419 2315 aft
1670 2278 2927 2343 Wahrheit der Erzählung glaubt, er habe soeben den Herzog von Ca¬
414 2282 740 2355 Agentur, Berlin.
319 2292 413 2347 97
1668 2312 2936 2391 dignan ermordet, da er ihn in der Garderobe Léocadies gefunden
343 2330 430 2394 d.“
1674 2356 2928 2426 habe. Kaum hat er ausgeredet, da dringt ein Pöbelhaufen in den Keller
325 2372 433 2446 der
725 2376 1348 2459 Theater und Musik.
1674 2394 2932 2463 und verkündigt die Erstürmung der Bastille. Jubelnd umringen die
1669 2430 2930 2504 anderen Schauspieler ihren Heuri, der den ersten Streich gegen die
831 2438 1266 2511 Deutsches Theater.
1668 2468 2923 2551 verhaßten Aristokraten geführt habe, und ein Strolch erzählt ihm, daß
329 2379 426 2550 8
526 2491 1670 2563 Drei Einakter von Arthur Schnitzler: „Die Gefährtin“,
1667 2510 2934 2591 er gestern noch Léocadie am Arme des Herzogs gesehen habe. Dadurch
413 2529 1671 2607 [„Der grüne Kaladn“ und „Paracelsus“. Erste Aufführung im
1670 2549 2927 2622 erst erfährt Henri, daß er wirklich Grund hat, auf den Herzog eifer¬
322 2531 425 2626 der
420 2584 1424 2647 Deutschen Theater am 29. April. Regie: Emil Lessing.
1668 2586 2925 2654 süchtig zu sein. In diesem Augenblick steigt dieser selbst in den Keller
312 2598 429 2668 umt
523 2616 1661 2678 Das erste Stück spielt im 19., das zweite im 18., das dritte im
1668 2623 2928 2696 hinab. Heuri entreißt dem Wirthe einen Dolch und ersticht nun wirk¬
413 2651 1671 2724 16. Jahrhundert, aber um Untreue in der Liebe handelt es sich in
1673 2649 2005 2723 lich den Rivalen.
2056 2663 2930 2728 Bunte Bühnenbilder, einige scharfe satirische
304 2688 416 2757 Satz
418 2694 1666 2754 allen dreien; denn sie sind von Arthur Schnitzker, der nur diesen einen
1662 2702 2926 2779 Schlager, alles gut ausgeklügelt wie ein Rechenexempel, das ohne
409 2728 1666 2795 Konflikt interessant zu finden scheint. Im ersten Falle erfährt ein alter
1662 2745 2923 2822 Rest aufgeht; aber von eigentlicher Kunst auch hier keine Spur. Was
300 2746 417 2824 nd¬
412 2775 1666 2836 Professor gleich nach der Beerdigung seiner jungen Frau, daß sie
1665 2778 2917 2854 ist dem Zuschauer dieser Henri, der nach sieben Jahren des Zu¬
302 2807 414 2860 und
412 2810 1670 2884 mit seinem Assistenten jahrelang gebuhlt hat, obwohl sie wußte, daß
1667 2822 2919 2889 sammenlebens mit einer stadtbekannten Kokotte plötzlich dies Weib
310 2849 390 2901 en“
414 2848 1659 2893 der junge Herr heimlich verlobt war und nur seine Braut „liebte“.
1667 2864 2918 2935 allein besitzen will, der am Tage der Hochzeit um eines Theatercoups
294 2873 421 2937 cher
414 2890 1662 2953 Wie diese Enthüllung auf den philosophisch resignirten Professor wirkt,
1659 2899 2923 2961 willen sein Weib öffentlich der Untreue bezichtigt und sich selbst als
308 2924 419 2980 Fro¬
420 2929 1662 2987 das ist der dramatische Gegenstand. Die Ereignisse selbst gehören der
1672 2934 2308 2995 eifersüchtigen Ehemann persiflirt?
2368 2945 2916 3007 Doch ich thue dem Berliner
297 2966 413 3017 ing.
415 2969 1667 3034 Vergangenheit an und werden nur erzählt. Professor Pilgram hat
1659 2982 2926 3050 1 Publikum Unrecht! Es amüsirte sich köstlich, fand Herrn Schnitzler
308 3005 413 3055 seit¬
411 3001 1656 3073 seine schöne junge Frau in der sicheren Voraussicht geheirathet, daß sie
1670 3014 2931 3098 über die Maßen geistreich und applaudirte so stürmisch, als wäre das
303 3042 409 3091 ver¬
409 3036 1661 3114 ihm nach ein, zwei Jahren untreu werden würde; er wußte, daß sie
1663 3057 2364 3114 Stück echte französische Importwaare.
296 3082 408 3130 ats¬
413 3081 1664 3146 nicht zur Gefährtin, sondern nur zur Geliebten paßte. So hat
1773 3096 2917 3190 Erst das dritte Stück ernüchterte die Zuschauer, indem es die
301 3119 419 3178 sa¬
423 3129 1661 3179 er denn auch ihr Verhältniß zu seinem Assistenten gekannt und geduldet.
1661 3115 2928 3211 bisher gebotenen Gefühlsrohheiten noch übertrumpfte. Paracelsus,
300 3159 413 3214 den
415 3164 1660 3221 Merkwürdigerweise hat er aber geglaubt, sie über kurz oder
1664 3174 2925 3251 der viel verleumdete große Gelehrte, Heilkünstler und Theosoph, muß hier
307 3191 2919 3259 irk¬ lang dem jungen Freunde als Ehefrau abtreten zu müssen; zu einem hypnotischen Kunststückchen herhalten, mit dem Herr Schnitzler
594 3299 1574 3511 ür kede
