3436 4352
754 163 1330 236 ruene Kakadu
501 169 649 240 Der
249 173 1317 281 9. 3 4 enenenenrenenene ee
1468 153 1893 243 box 15/3
2301 98 3090 173 la Mhund/ondon esado N 5520 Cehnur
2977 151 3225 224 = 2
2296 261 2434 328 uthe
2301 349 2554 410 Publication
2573 383 3179 495 4#, #7o 10.2.
2349 552 3163 649 “BETWEEN SUNSET
2497 627 2988 731 AND DAWN.“
2304 767 3180 871 POWERFUL ACTING AT THE
2534 845 2968 937 VAUDEVILLE,
2345 926 3193 1012 Some particularly fine acting and some that
2312 999 3201 1061 was particularly noisy markedthe performance
2306 1056 3205 1102 at the Vaudeville Theatre last night, when
2310 1083 3199 1145 Mesers. Norman Mekinnel and Frederick
2318 1142 3206 1193 Whelen presented a double bill that had the
2320 1174 3195 1259 supreme merit of being something off the
2321 1235 2584 1294 beaten track.
2347 1244 3193 1340 The very fine acting came in the first piece,
2315 1316 3205 1369 Between Sunset and Dawn,“ by Hermon
2307 1351 3190 1423 Quld—a play in four scenes of life in and
2299 1399 3194 1468 around a doss house“ in South London.
2299 1443 3198 1526 Low life on the stage seldom rings sincerely,
2321 1469 3205 1547 but in this case the crapulous atmosphere of
2307 1531 3196 1600 sordid misery came right across the footlights,
2316 1577 3208 1640 just as it was said once of Sir Arthur Pinero
2318 1625 3198 1700 that he brought the scent of new-mown hay
2309 1657 3204 1743 into the theatre. The story is really that of
2350 1717 3209 1770 The Fugitive“ translated into miserable
2318 1745 3203 1827 surroundings. Tothe“ doss house,“ which big
2317 1802 3214 1869 Jim Harris looks after at night for his simian
2321 1846 3209 1920 old möther comes Liz Higgins, seeking shelter.
2319 1882 3218 1956 She has run away from Bill’ Higgins, a
2350 1939 3224 2007 pal“ of Jim, because he knocks her about
2326 1982 3127 2035 and treats her generally in a brutal way.
2353 2007 3210 2065 Jim has never seen Liz Higgins before,
2324 2055 3126 2107 though he has heard about her as being
2321 2091 3204 2156 bit of class. He is a big, slow, lumbering
2326 2117 3217 2200 man who has never had anything to do with
2331 2169 3206 2220 women, but he takes an immediate fancy to
2317 2207 3195 2259 Liz. To him, in her shawl and battered hat,
2831 2251 3191 2303 velation of woman.
2330 2260 2809 2308 her face is the sudden r
2860 2289 3168 2343 in Turious seare
2316 2299 2733 2354 So that when Higgini
2901 2327 3088 2380 im abeut
2335 2339 2700 2391 of his wife big Jir
2906 2363 3202 2417 husband isiout
2324 2375 2707 2427 for a change. Ther
2897 2406 3049 2455 ey shall
2331 2412 2702 2471 of the way he prope
2903 2447 2993 2491 nt in
2331 2451 2714 2508 gether, and is alm
2846 2485 2982 2541 nts, bu
2337 2487 2760 2543 found passion. She c
2339 2521 3037 2567 of being arespectable woman“ i
2329 2551 3088 2624 upon her, and she steals back to Bill Hi
2328 2599 3172 2646 That individual, although he wants her bac
2328 2630 3207 2694 badly, is inflamed now py jealousy, and she
2331 2674 3045 2747 flies from him again and back to Jim.
2498 2725 3050 2814 SIGNIFICANT ACTING.
2948 2785 3094 2847 nificant
2366 2795 2852 2860 It is here thatwe have
2340 2836 3064 2884 of acting. They discuss their miserab
2978 2875 3025 2920 mi
2333 2881 2820 2931 tion, and we see that
2342 2923 2784 2974 jealous and distrustful
2335 2955 2781 3002 her husband at all.
2331 2991 2795 3053 before that Jim is a que
2342 3038 2825 3083 the stress of his first emo
2336 3072 2859 3124 his mind snap. He real
2332 3112 2926 3171 position of the woman, throw;
2334 3137 3064 3192 her drunken brute of a husband, and n
2340 3167 3223 3238 pected a little, against his will, by himself,
2334 3220 3216 3277 the man who wanted to protect her. One can
2334 3262 3155 3309 secthe craziness working in his face. The
2336 3302 3212 3360 is only one way out with a woman with her
2334 3337 3243 3386 back to the wall, and he suppliesit. He picks
2338 3371 3216 3416 up a knife from the table and stabs her as
2340 3417 3179 3461 she gives him his first caress from woman.
2379 3431 3221 3490 Mr. Norman MeKinnel was splendid as the
2345 3481 3231 3533 bemused Jim, and Miss May Blayney as Liz
2329 3528 3230 3588 Higgins gave a piece of restrained, perfect
2342 3564 3217 3622 character acting, with every little point made,
2342 3610 3215 3649 suich, as is rarely seen on the stage. In the
2335 3636 3222 3688 tinal scene the madness gradually ereeping
2335 3680 3227 3729 over Jim’s face andthe bewilderment and then
2344 3711 3228 3779 terror over hers wero very finely rendered.
2350 3766 3227 3807 Mrs. Ada King as a sort of female Caliban,
2342 3781 3223 3836 keeper ofthe“ doss-house,“ and Mr. Edmond
2352 3818 3230 3877 Breon as the cowardly and blustering Bill
2343 3862 3229 3917 Higgins, were bothexcellent. The piece itsel!
2354 3911 3224 3961 was very warmly received. It seenied a pity
2350 3950 3230 3991 that the author could find no way out except
2345 3981 3223 4028 the table knife, but that was how poor Jim
2344 4013 3227 4073 saw the situation. In a way, it is too much
2344 4058 3238 4100 tonsk us to believe that the sitnation would
2336 4084 3250 4135 hare terned Jim’s head. but Mr. MeKinnel
