3436 4224
1143 207 1206 282 K
328 206 2001 303 9.4. Der gruene—akadu Zukins
184 1588 1031 1643 dem Reizmittel holen, sich Revolution und
1038 1589 2091 1650 nimmt im Stücke nur die Gestalt Henri's an, der
183 1636 1026 1698 von abgerichteten Schauspielern vorgankeln
1045 1634 2086 1692 die leichtlebige Leocadie an sich gebunden, naiv von
188 1679 1026 1736 Und der Tag, an dem der Aristokrat durch
1039 1681 2089 1747 dem ehrlichen Gelübde auch eine Aenderung ihrer
197 1730 1030 1796 des Bürgers fällt, bringt dem Mörder
1042 1732 2090 1782 Sitten erwartend. Er schwelgt in Träumen von
175 1773 1025 1835 hfe mehr, herein stürmen die Banden, welche
1039 1779 2082 1845 häuslichem Glücke in ländlicher Zurückgezogenheit,
177 1831 1027 1883 e zerstört haben, der Ruf „Es lebe die
1038 1833 2086 1888 denen sie nur zerstreut zuhört, schon nach neuem
171 1882 1033 1946 tönt über die blutende Leiche hinweg. Hier
1045 1883 2084 1942 Leben ausblickend. Es gehört zu den feinsten Zügen
188 1929 1028 1991 Dichter die Aufgabe, mit Massen in's Große
1032 1928 2085 1992 des Stückes, wie sie, an der Leiche des Herzogs
177 1973 1031 2049 In, er, der sich sonst in Kleinkunst zu ver¬
1038 1971 2082 2048 zusammensinkt und, dem rächenden Gatten zuruft:
172 2018 1029 2089 t. Er hat es meisterhaft bewältigt, mit
1054 2024 2060 2091 „So viel bin ich mein Lebtag nicht werth gewesen!“
187 2061 1027 2138 orten eine ganze Schaar scharf umrissener
1035 2068 2085 2141 In dem Streben nach Vollstimmigkeit hat der Dichter
192 2110 1035 2196 vorzuführen. Neben dem Wirth=Director
1035 2126 2083 2198 manchmal etwas zu viel gethan und einige Figuren,
201 2179 1027 2239 Mitglieder seiner Truppe, der brüllende
1041 2186 2087 2237 vor Allem Balthasar und Georgette, die nur Wieder¬
193 2210 1019 2294 der weinerliche Jules, die munteren Dirn¬
1034 2226 2094 2288 holungen sind, ließen sich leicht beseitigen. Aber was
180 2250 1027 2334 hhnen gesellt sich der echte Ganner Grain,
1037 2275 2083 2339 er wollte, hat er erreicht: ein Zeitbild in engem
183 2327 1028 2385 „schreiende Bimsstein“ genannt, dem das
1041 2324 2096 2387 Rahmen zu geben, von einer, manchmal erschreckenden
1050 2371 2084 2428 Kühnheit, von der die Bühne freilich manches ab¬
174 2371 1022 2432 ie zur Wirklichkeit wird. Auf der aristo¬
189 2421 1020 2480 Seite predigt der flotte Herzog den Lebe¬
1047 2416 2097 2475 zuschwächen genöthigt ist. Neben manch zündendem
1054 2475 2093 2538 Witzworte, an denen das Stück überreich ist, hat
191 2466 1029 2529 denen sich in Tremouille ein kindlicher An¬
1050 2520 2094 2586 gar vieles versagt, dem die Explosivkraft geschmälert
175 2518 1025 2577 gesellt, die Philosophie des Genusses; sogar
1045 2568 2094 2624 worden. Immerhin aber ist das Werk selbst im
183 2572 1028 2633 fuise von Lansac steigt in den Keller herab,
1051 2622 2085 2688 Wesentlichen nicht beeinträchtigt worden, und es
195 2622 1019 2681 Sensationen zu holen, die weder ihr lächer¬
196 2661 1022 2729 e, noch ihr Cicisbeo, der fade Poet Rollin,
1040 2668 2081 2733 gebührt sowohl der Direction für das, was sie ge¬
1054 2720 2086 2779 geben, als auch der einsichtsvollen Censur für das,
1042 2758 2088 2837 was sie nicht genammen, der aufrichtigste Dank.
195 2735 1024 2823 zwischen beiden Gruppen geht der Wirth
1045 2817 2091 2872 Der Dichter aber hat mit diesem neuen Werke ein
192 2803 1023 2878 er, vertrauliche Grobheiten mit dem Pöbel
1037 2871 2088 2929 Versprechen geleistet, dessen Einlösung wir fordern,
204 2865 1023 2915 bissige Gemeinheiten dem adeligen Kreise
178 2911 1025 2978 rnd, der sie mit Jubel aufnimmt, ohne
1038 2907 2091 2978 diesen leidenschaftlichen Athem, diese Gestaltungs¬
179 2956 1045 3024 ken Ernst zu erfassen, und der sich im
1033 2954 2100 3006 kraft müssen wir bei ihm wiederfinden. So vereinte
184 3005 2098 3071 lement“ begeistert wälzt. Breiten Raum! der interessante Abend in drei Stücken auch die drei
2095 194 2543 300 box 15/5
2106 1594 3157 1651 Epochen des Dichters: Vergangenheit in „Paracelsus“.
2107 1638 3160 1701 Gegenwart in „Die Gefährtin“, Zukunft in „Der
2099 1678 2441 1752 grüne Kakadu“.
2201 1729 3145 1793 Das letzte Stück stellt ungeheure Anforderungen
2094 1776 3164 1839 an die Regie, sowie an die einzelnen Schauspieler, deren
2105 1834 3149 1898 Rollen alle klein, aber in jedem Worte bedemungs¬
2102 1874 3160 1944 voll sind. Der ganze Jammer über den Bau stellt
2105 1921 3151 2005 sich immer wieder ein, wo ein neues Werk erscheint,
2096 1971 3152 2042 das ein fieberhaftes Tempo fordert. Das Haus
2105 2024 3142 2082 lähmt das Temperament der Dichtung wie der Dar¬
2112 2076 3153 2129 steller. Die Volksscenen des Schlusses sind nur
2094 2120 3159 2189 bewegt, wenn geschrieen wird; so wie vorne gesprochen
2101 2177 3155 2248 wird, bleibt die Menge plötzlich steif und stumm.
2103 2220 3158 2294 Den Heuri gab Herr Sonnenthal mit starker
2108 2269 3156 2331 Wirkung in der Schauspielscene; aus dem Munde
2103 2313 3152 2387 eines jugendlichen Darstellers wären aber die enthusiasti¬
2111 2382 3153 2436 schen Liebesworte, die nur in den Mund eines un¬
2095 2420 3144 2481 reifen, thörichten Jünglings passen, viel weniger
2103 2471 3159 2542 verklungen. Dasselbe gilt für die Rolle der Frau
2105 2510 3030 2582 Mitterwurzer (Marquise de Lansac),
3051 2518 3159 2584 die
3019 2524 3064 2576 00
2084 2552 3154 2641 z. B. von Frau Reinhold gegeben, viel von der
2097 2613 3145 2682 übermäßigen Schärfe verlöre. Trefflich waren Herr
2095 2672 3160 2732 Reimers (Cadignan), Herr Hartmann
2100 2718 3151 2780 (Rollin), Römpler (Wirth), Thimig (Grasset)
2096 2768 3163 2835 und Zeska (Grain). Unter den jungen Damen
2104 2811 3159 2873 ist besonders Fräulein Witt (Leocadie) hervörzu¬
2096 2862 3168 2928 heben, die ihre kleine Rolle mit meisterhafter Charak¬
2108 2909 2510 2987 teristik durchführte.
2701 2935 3129 3051 A. v. Weilen.
