3484 4480
1970 150 2413 257 box 16/1
211 158 1831 269 9.4. Der gruene Kakadu Zuklus
1321 647 3272 728 Jahresfrst. Das regt den Prosor auf. Wältes die lebertreibung der eiserfächigen Wuch mit
1323 717 3271 778 rend er also hier ihn betrog, übte er Verrath großer Bravour ausdrückte. Neben ihm traten
2298 767 3267 829 noch Herr Flemming, Herr Mauth und
1310 754 2304 832 mit einer Anderen an der Frau, die seine Ge¬
2308 815 3282 869 als Herzogin, der der Blutgeruch die Nerven
1312 804 2303 880 liebte war. Nein, seine Dirne! Gut daß sie
2302 865 3283 917 kitzelt, Frl. Lothar glücklich hervor. Herr
1326 868 2307 937 starb. Er jagt den Assistenten aus dem Hau¬
2299 914 3278 975 Director Rübsam wurde mit den Genannten
1323 910 2297 978 se. Aber die Freundin öffnet ihm die Augen.
1314 968 3269 1041 Seine Frau habe von der Verlobung gewußt,stürmisch gerufen. Für die sorgsame Regie der
1315 1003 3282 1072 und es sei ihr recht gewesen. „Was sie woll=drei Einacter verdienen die Herren Director
1311 1072 3269 1111 ten, hatten sie auch so.“ Er, der Professor auf Rübsam und Mauth besondere Anerken¬
2301 1115 2444 1180 nung.
1325 1105 2306 1182 seiner moralischen Höhe, der verzeihen und
1316 1158 2297 1238 verzichten wollte, um Beiden nicht im Wege
1311 1214 2308 1275 zu stehen, steht rathlos vor dieser Situation.
1325 1263 2300 1339 Er fühlt eine furchtbare Leere. Ein Kopfschüt¬
1322 1310 2314 1376 teln, dann verläßt er das Zimmer. Es zeigt
1322 1353 2313 1437 die große Kunst Schnitzlers, daß sein Held
1328 1419 2302 1489 nicht lächerlich wird. Wir fühlen mit ihm, so
1323 1464 2317 1524 ist nun einmal das Leben, und der Dichter
1330 1495 2319 1583 zeichnet es, wie es ist. Herr Lübau spielte
1321 1560 2303 1632 den Professor mit gemüthvollster Resignation.
1331 1610 2308 1673 Man fühlte mit ihm jede Seelenregung, jedes
1330 1661 2311 1725 stille, unausgesprochene Empfinden. Neben ihm
1328 1705 2317 1770 wirkten noch Frl. Gigl als Olga und Herr
1333 1769 2300 1822 [Flemming als Assistent sehr verdienstvoll.
1316 1801 2308 1867 Die ruhige, aber intensive Theilnahme Olgas
1328 1858 2309 1929 wurde durch Frl. Gigl überaus fein und ge¬
1330 1905 2312 1969 schickt, mimisch sogar sehr schön ausgedrückt.
1323 1959 2315 2030 Wenn sie nur auch darauf achten wollte, zu
1329 2009 2315 2069 Beginn der Conversation lauter und accen¬
1328 2047 2317 2126 tuier zu sprechen. Das ist um so nothwendi¬
1329 2108 2321 2185 ger, als zumeist die später ins Theater Kom¬
1334 2164 2315 2233 menden einen rücksichtslosen Lärm verursachen,
1333 2212 2317 2274 der es unmöglich macht, leiser geführte Eon
1322 2255 2298 2320 versationen zu hören. Die Darsteller fander
1324 2307 2297 2381 seitens des Publikums rauschenden Beifal
1308 2354 2318 2443 insbesondere Herr Lübau als Beneficiant wur
1306 2407 1825 2483 rde mehrmals gerufen.
1283 2438 2319 2535 D# Das zweite Stück „Paracelsus“ spieb
730 2484 1000 2598 Theater.
1296 2511 2272 2591 #im sechzehnten Jahrhundert. Sein Held is
1331 2556 2332 2636 der berühmte Charlatan Teophrastus Bombas
347 2565 1263 2680 Die Gefährtin. — Paracelsus.
1342 2603 2321 2682 stus Paracelsus, der nach langer Abwesenhein
333 2641 1133 2726 Ua### Der grüne Kakadn.
1340 2655 2310 2726 in seine Vaterstadt Basel heimkehrt, wo seine
1339 2700 2306 2777 Jugendgeliebte den reichen, ehrsamen Wassen¬
347 2699 1169 2822 0 Von Arthur Schnitzler.
445 2745 2325 2836 Der erfolgreichste Dichter Jung=Wiens, schmied Cyprian geheiratet, der ihn als
841 2824 2319 2874 kam gestern auf unse= Schwindler verachten zu dürfen glaubt. Der
358 2817 460 2900 Artl
349 2873 2320 2924 #obgenannten drei Einac= dadurch gereizte Paracelsus rächt sich, indem er
349 2897 2322 2978 tern zu Wort, von denen das erste die tiefste Frar Justina hypnotisirt und ihr suggerirt,
360 2958 2319 3041 und bedeutendste Wirkung übte. Es ist auch je habe sich mit einem Junker, der ihr hofirt,
356 2996 2325 3073 literarisch das bedeutendste, ein modernes Ge# beigangen. Erwacht will sie den vermeintlichen
365 3075 2323 3137 sellschaftsbild, während uns der Dichter mit Fehltritt eingestehen und bringt damit den
364 3104 2324 3197 den beiden anderen in vergangene Jahrhun= protzig sicheren Cyprian aus seiner Ruhe, bis
370 3151 2329 3237 derte zurückversetzt. Allen drei Einactern ge= Paracelsus, der selbst irre wird und nicht weiß,
359 3195 2327 3265 meinsam ist es, daß sie uns in ein Halbdun= obs Suggestion oder Wirklichkeit, sie wieder
362 3246 2319 3343 kel drängen, in die Welt der Träume, in eine einschläfert und Justina dann gestehen läßt,
364 3294 2324 3396 feingestimmte Dämmerung der Gefühle. Sie daß sie eine brave Gattin sei, der der Gatte
1333 3329 2322 3427 vertrauen könne, wohlgemerkt, wenn er sie
368 3364 1345 3436 wecken Stimmungen, verschmähen es aber Lö¬
1340 3393 2340 3457 hüte. Das in schönen Versen geschriebene
364 3418 1345 3498 sungen, Befriedigung zu bringen; sie regen
1339 3441 2331 3516 Stück mit der in aller Unschuld sich schuldig
376 3474 1336 3541 Fragen an, ohne die Lösung zu finden, und
1349 3493 2329 3567 Fühlenden übt großen Reiz und brachte den
376 3521 1333 3585 im „Paracelsus“, läßt dieß der Dichter selbst
1345 3532 2321 3619 Hauptdarstellern, den Herren Lübau (Para¬
373 3575 1337 3649 verkünden, indem er dem Helden das Wort
1345 3588 2292 3668 celsus), Orell (Cyprian) und Frl. Gigl
375 3626 799 3693 in den Mund legt
1348 3628 2333 3713 (Justina), sowie den übrigen Mitwirkenden.
409 3639 1342 3740 „Es fließen ineinander Traum und Wachen,
1348 3700 2315 3761 Frl. Just und den Herren Edgar (Stadt¬
414 3733 1335 3794 Wahrheit und Lüge, Sicherheit ist nirgends.
1341 3734 2318 3805 arzt) und Berg (Junker Adelmus) stürmi¬
418 3774 1341 3854 Wir wissen nichts von Andern, nichts von
1347 3777 2244 3859 schen Beifall. Besonders wirksam spielten
1007 3813 1137 3889 uns,
1343 3815 2322 3901 drei Erstgenannten, von denen Herr Orell dem
404 3844 1333 3929 Wir spielen immer, wer es weiß, ist klug.“
1350 3884 2074 3958 Cyprian prächtige Gestaltung gab.
365 3930 1347 3982 Die Hörer folgten mit Interesse dem Dichter,
1433 3917 2333 4008 „Der grüne Kakadn“ ist der Name
369 3970 1344 4028 der ihnen zum Schlusse die warme Befriebi¬
1342 3970 2314 4045 einer Pariser Spelunke, in welcher zur Zeit
363 4021 1338 4091 gung versagt. Dem meisten Verständnisse be¬
1356 4028 2338 4101 der großen Revolution gerne hochgeborene
361 4066 1341 4130 gegnete „Die Gefährtin", literarisch ein kleines
1348 4085 2320 4151 Herren und Damen verkehrten, und sich von
2034 4131 2142 4169 GTDHN
426 4126 499 4191 A
