3436 4256
1677 328 2160 395 und führte um jene
1573 353 2617 447 in Rom, in dem die künstlerischen und literarischen
1569 416 1943 471 Kreise verkehrten.
1970 419 2611 476 Am bekanntesten ist sie durch
1557 448 2615 532 ihre Beziehungen zu Garibaldi geworden, mit dem
2208 486 2617 550 Barank. # n 60
528 841 2641 934 P. Bilagr des Brriiner Doriener
1661 975 2484 1031 Sonntag, 30. April 1899.
2327 1019 2471 1088 —
603 1055 711 1115 SDAMREA
1495 1059 2611 1126 rsteller drei=, viermal, manchmal auch öfter seines?
734 1062 1276 1151 Hier und dork.
1513 1103 2627 1178 Manuseripte umarbeitete. „Mein Leben war einsste
524 1118 1518 1200 Seitdem die Heilkunde in näheren Beziehungen
1529 1146 2614 1198 langes Pensum,“ sagt Balzac von sich selbst; „einlen
474 1158 1520 1228 ur Psychologie getreten ist, um mit vereinten
1519 1188 2627 1264 verweichlichter Liebhaber der orientalischen Faulheit, insti¬
477 1219 1527 1278 kräften die seelischen Vorgänge im Menschen sowie
1523 1235 2370 1299 meine Träumereien verliebt, sinnlich
2411 1227 2622 1297 habes
471 1251 2559 1322 eren Zusammenhang mit dem körperl'chen Leben zusich doch immer gearbeitet, und habe es mir
470 1308 1530 1361 intersuchen, zu erklären und zu beeinflussen, haben
2548 1310 2607 1370 ∆
1518 1313 2557 1372 versagt, die Freuden des Pariser Lebens zu
471 1336 1521 1409 licht wenige uralte Anschauungen viel von ihrem
1524 1365 2553 1416 genießen: Ich bin Feinschmecker und habe frugal ge¬
1287 1380 1440 1435 wird
475 1384 892 1445 Ansehen eingebüßt.
882 1377 1295 1435 Der Verbrecher
2538 1394 2620 1470 1
1515 1399 2556 1453 gessen; ich habe Wanderungen und Seereisen geliebt,
484 1425 2558 1499 licht mehr als ein böser, verabscheuungswerther von dem Drange beseelt, fremde Länder kennen zu
479 1456 1109 1522 Meusch, sondern als ein
1101 1472 2621 1546 Patient angesehen,ilernen, und bin fortwährend mit der Feder in der Hands V
476 1515 2559 1580 essen anormale psycho=plastische Verantagung gesessen; ich habe auf einer einsamen Bettstelle ge¬
482 1550 2634 1646 der geistige Urheber der schlechten That ist. schlafen gleich einem Benedietiner, und doch war dassth
472 1593 2566 1665 Wer mag wissen, welche weittragende Einwirkung auf! Weib meine einzige Chimäre, eine Chimäre, die ich ge¬
475 1627 1524 1697 das Staatsleben noch der Medicin vorbehalten ist,
1516 1636 2616 1720 hegt und gepflegt habe und die sich stets vor mir ge¬ve
465 1666 1519 1718 venn sie sich erst mit anderen Zweigen der Wissen¬
1521 1687 1783 1742 flüchtet hat.“
482 1709 1515 1772 chaft verbunden haben wird! Schon jetzt unternimmt
1570 1712 2625 1778 Alfieri war so faul, daß er sich an den Tisch]D
474 1738 1518 1812 ie, vorläufig Arm in Arm mit der Seelenkunde, häufig
1520 1742 2559 1812 fesseln ließ, um sich zur mechanischen Arbeit des
468 1787 1518 1849 Ausflüge in fremde Gebiete. Einen neuerlichen Beweis
1517 1790 2631 1880 Niederschreibens der ihm reichlich zufließenden Gedanken kl
476 1831 1518 1902 für diese Expansionslust liefert das vor Kurzem er¬
1520 1854 1777 1918 zu zwingen.
474 1873 1521 1939 schierene Buch „Introduction à la médéeine de
1567 1867 2627 1943 Der Verfasser erwähnt auch den „Olympiersbs
468 1907 1508 1996 l’esprit“ aus der Feder des angesehenen Pariser
1518 1935 2616 1983 [Goethe, dessen Gehirn uns der Müdigkeit unfähigl de
464 1954 1519 2018 Arztes und Fachschriftstellers Dr. Maurice
1522 1975 2611 2047 erscheint“ als einen, der nur einige Stunden täglich he
459 2001 2553 2047 de  Fleury — ein Werk, das von der französischenarbeiten konnte, ferner Darwin, der nicht rasch
474 2044 1510 2098 Akademie mit einem Preise ausgezeichnet worden ist,
1516 2053 2624 2116 denken konnte, dessen Gedächtniß sehr unzuverlässig A¬
458 2087 1518 2162 binnen kurzer Frist fünf Auflagen erlebt hat und ins
1516 2104 2563 2167 und schwach war, der infolge seiner schwächlichen
461 2117 1081 2198 Englische übersetzt worden ist.
1508 2128 2553 2197 Constitution nur wenige Stunden im Tage ernst!
533 2161 1514 2225 Dr. de Fleury behandelt da vom ärztlichen Stand¬
1521 2174 2611 2255 arbeiten konnte und dennoch ein so gewaltiges Werks #e
449 2218 1512 2268 punkte aus unter Anderem folgende Themata: „Die
1510 2222 1810 2298 geschaffen hat.
452 2252 1513 2311 Schriftsteller und das Tabakrauchen“
1562 2241 2545 2332 Unte: Hinweisen auf die oben genannten Männer,
2537 2270 2633 2322 ver
457 2284 2617 2364 das Gehirn des Kritikers“, „Hygienes sowie auf andere Größen der Literatur erörtertescht
463 2315 1003 2391 für Schriftsteller“
1030 2352 2622 2402 „die Trainirung zurj de Fleury in sehr interessanter Weise die Mittel, gu
466 2378 1510 2435 geistigen Arbeit.“ Mit der freunduchen Erlaubniß
2534 2393 2625 2443 ni
1512 2384 2548 2432 deren Anwendung die Arbeitsunlust verscheucht und
459 2411 1509 2478 des Verfassers lassen wir einige Stichproben, zum
1509 2433 2631 2490 Leib und Geist, haupsächlich des Schriftstellers, erfrischt.ldr
455 2460 1518 2520 Theil in wörtlicher Uebertragung, aus dem inter¬
2093 2472 2542 2560 Adolf Flachs.
460 2494 1515 2575 essanten Opus, das einer deutschen Ausgabe würdig
2543 2516 2640 2582 es
469 2531 710 2603 ist, folgen.
1523 2521 2546 2615 KDie Tondichter=Geschicke unterzieht Max
526 2559 1501 2638 In einem längeren Capitel spricht der Verfasser
1510 2579 2624 2660 Noddau einer sehr interessanten Betrachtung. An¬mi
453 2626 1514 2684 über die Faulheit und ihre Heilung. Die Faulen sind
1519 2629 2547 2683 läßlich der Aufführung von Weber's „Oberon“ in
2538 2620 2642 2692 hä
469 2657 1513 2721 fast immer Nervenkrank, und das Nervenleiden hat
1510 2666 2626 2747 Paris schreibt Nordau in der # Pr.über Com= der
469 2700 1508 2756 seinen Grund in den mangelhaften Iunctionen der
1513 2710 2027 2768 ponisten=Schicksale u. A.:
2522 2715 2616 2789 mi
461 2742 1518 2795 Gehirnthätigkeit. Von den zahllosen an Trägheit
1556 2737 2540 2814 Weber ist mir von jeher einer der theuersten unter
2528 2760 2634 2825 ges
468 2780 1499 2846 leidenden können diejenigen geheilt oder doch in
1507 2788 2539 2850 den Meistern der Tonkunst gewesen. Seine Lebens¬
2543 2797 2631 2852 und
463 2823 1502 2875 erheblichem Masse hergestebr werden, welche von Ge¬
1517 2837 2623 2893 geschichte von Max Maria v. Weber, die „Reisebriefe“ dre
472 2866 1500 2930 vissensbissen darüber gepeinigt sind und hauptsächlich
1511 2879 2544 2936 an seine Gattin, herausgegeben von seinem Enkel,
2539 2886 2625 2953 ind
472 2902 1498 2969 ie periodisch Faulen. Zu der letzteren Kategorie
1508 2920 2624 2969 gehören zu den Büchern, die ich mit der tiefsten Be¬in
478 2948 2534 3015 ehören vielfach die Anzehörigen der Intelligenz=fwegung gelesen habe. Ich denke nun an die Um¬
2539 2965 2621 3024 ens
489 2983 1514 3060 #n h: Kiafen 44 hin Gankboit sehr häufig von,
1508 3000 2627 3067 Zäude, unter denen er den „Oberon“ schuf und auf¬de¬
1510 3045 2546 3088 uhren ließ, Welche thränentraurige Geschichte! Wie
1510 3075 2544 3140 ir, todtkrank, die Seinen verlassen muß, um nach
2531 3077 2631 3142 Es
1510 3125 2621 3190 London zu reisen, da er für die dortige Opersgi
1502 3166 2552 3223 das Werk geschrieben hatte; wie er bitter klagt,
1568 3205 2604 3254 werde zwar voraussichtlich von dieser letztensns
1513 3216 2424 3291 Künstlerfahrt nicht heimkehren, aber er
2413 3254 2599 3317 habeslis
1505 3277 2538 3350 lein Recht, eine Gelegenheit ungenützt zu lassen,
2533 3295 2605 3341 di
1507 3319 2541 3375 die ihm eine Einnahme von tausend Pfund ver¬
1508 3364 2545 3431 preche. Und das Schreiben, worin er von seinen
1511 3402 2540 3471 kindern, „Lina, Lexel und Max“, spricht, denen er
1501 3445 2566 3504 inen Bissen Brot lassen müsse, weßhalb er die An=II
1497 3492 2552 3542 treugungen und Ermüdungen nicht scheuen dürfe, auch
1499 3526 2546 3592 venn sie ihn das Leben kosten sollten. Und der Tod
1509 3571 2548 3641 n der einsamen Gasthofstube, wo er ohne eine pflegende
1500 3614 2545 3662 Hand, ohne ein freundliches Antlitz an seinem Lager,
1501 3655 2540 3720 n der Nacht starb und am Morgen von gleichgiltigen
1500 3701 2545 3759 Keilnern als Leiche im Bette gefunden wurde. Sein
1497 3734 2549 3802 Leben war Sorge und Noth gewesen, und seine letzten!
1493 3775 2540 3836 Stunden verfinsterten unbefriedigende Eindrücke von
1495 3820 2542 3878 den Londoner „Oberon“=Aufführungen und Concerten
1503 3860 2585 3930 und bange Fragen nach dem Lose der Mündchen, dies k
1491 3892 1929 3955 er zu ernähren hatte.
1558 3926 2581 3988 Von Weber und „Oberon“ und der ausgemergelten,li¬
1500 3971 2552 4029 verlassenen Leiche in der Londoner Gasthosstube
1500 4028 2536 4090 kehren meine Gedanken zur Gegenwart zurück. Ich
1493 4067 2559 4121 Jehe Auftritte wieder, deren Zeuge ich entweder ge¬t
