3436 4256
693 165 1269 238 ruene Kakadu
444 164 514 239 D
208 175 1263 278 9. 3 eee e e
740 1285 1096 1363 Lessing=Theater.
376 1337 1512 1403 Man spielle zwei stofflich sehr eng benachbarte Einakter:
312 1364 891 1441 Tragikomödien der Dekadenz.
901 1395 1510 1442 Strindbergs „Fraulein
324 1428 1503 1478 Julie“ mit ihrer grandiosen, aber eiskalten Schärfe wirkt allge¬
319 1466 1508 1508 mach nur noch quälend, weil man zu sehr in das Gewollte der Kon¬
323 1498 1512 1565 struktion hineinsieht. Dagegen tut SchnibleGrüner
313 1535 1514 1596 Kakadu“ auch bei seiner 5. Berline=Allfführung noch unfehl¬
322 1586 1510 1625 bare Wirkung, Es ist im engeren Sinne des Wortes wohl die
313 1620 1506 1672 glänzende Theaterarbeit der vorigen Generation: Wut und Witz
314 1662 1508 1717 in einer Steigerung und Verschmelzung, die sast wie elementare
326 1691 1510 1757 Verzweiflung eines Dichters wirkt. Sehnitzter ist etwas so starkes
322 1742 1507 1788 wie dies Selbstgericht der ewig und mit allem Spielenden nie wie¬
319 1776 1501 1826 der gelungen — aus zwingenden Gründen: auch den Selbstmord
316 1810 1510 1868 begeht man bekanntlich nur einmal. Von Otto Brahms glänzender
321 1861 1495 1906 Uraufführung (es war Joseph Kainzens letzter Premierenabend)
328 1900 1501 1943 stand noch Hanns Fischer als Theaterdirektor und Spelunkenwirt
323 1950 1500 1989 voll grimmigen Humors auf der Szene. Vom Nachwuchs sind er¬
321 1978 1505 2024 wähnenswert Konrad Veidt, der von Kainz etwa die ekstatische
316 2020 1513 2059 Kraft aber noch nicht die verteilende Weisheit der Akzente hat,
328 2052 1507 2101 und Eugen Klöpfer, der, wohl minder tief und theater¬
326 2088 1500 2142 farbiger, doch einen sehr starken Gewinn in der Richtung Rittner
325 2134 1504 2175 für die Berliner Bühne bedeutet. Sein sentimentaler Strolch wa:
322 2164 1519 2222 ebenso amüsant wir vorher sein brutaler Lakai Jean menschlich
318 2212 1524 2262 packend. — Veranstaltet war das ganze Unternehmen wegen der
328 2258 1502 2302 Frau Tilla Durieux, die bei ihrer Rundreise durch die Ver¬
321 2290 1497 2343 liner Bühnen eben zum zweitenmal das Lessing=Theater passiert.
305 2326 1498 2396 Daß diese Alleskönnende gerade gefährlich dekadente Adelsfräulein
317 2377 1505 2432 ganz ausgezeichnet machen wird, das hat wohl ohnehin niemand
311 2407 1509 2456 bezweifelt. — Im übrigen gestatte ich mir, die Direklion des
315 2450 1502 2504 Lessing=Theaters zu erinnern, daß bei ihr eine Menschendarstel¬
311 2490 1507 2531 lerin namens Lina Lossen verpflichtet ist — man möchte sie, nung
1361 2525 1478 2578 Tb.
313 2527 1311 2575 im dritten Monat der Spielzeit, auf der Szene sehen.
661 2576 1176 2631 Der Großstadt=Kavaller“.
386 2625 1516 2684 Thalia=Theaterluft weht im Lustspielhause: Die bisherige
306 2662 1500 2705 Hauptattraktion der Dresdener Straße ist jetzt die des Lustspiel¬
317 2706 1511 2754 hauses, das somit den Stempel des richtiggehenden Possentheaters
304 2747 1494 2795 zur Sthau trägt. Als ehemaliger Voxer, der zum Aktmodell sich
314 2782 1502 2827 genausert hat und in der Kleinstadt, wo er urplötzlich auftaucht,
312 2814 1508 2871 für einen einflußreichen Ministerialrat gehalten wird und als
310 2856 1515 2902 solcher unglaublichen Wirwarr anrichtet, kann Arnold Rieck
325 2903 1510 2953 seine groteske Komik, die mitunter selbst dem Sprödesten ein
311 2941 1504 2988 leises Lächeln abnötigt, „voll und ganz“ entfalten. Georg
317 2989 1494 3033 Okonkowsli, des Schwankes fixer Verfertiger, hat ihm an¬
321 3022 1568 3076 scheinend die Rolle dieses falschen Großstadtkavaliers auf den!!
604 3079 1297 3175 Die Helt am Montag, Beriin
718 3185 1059 3280 3— H00 1919
1424 164 1767 247 box 15
1771 600 1841 668 #
1823 612 2647 707 Einakter im Lessing=Theater.
1794 672 2668 764 „Fräulein Julie“—.„Der grüße Kakadu“.
1847 727 2686 816 Strindberg uns Schnitzler. Fränlein
2451 785 2683 856 onn, der
1778 801 2367 870 Julie“ von Reinhafdt der
1792 824 2680 908 das Johannisnachtsdrung des Schweden im
1786 874 2684 956 Kleinen Theater, bann in den Kammerspielen
1797 922 2689 995 aufgeführt hat. „Der grüne Kakadu“ Brahm¬
1803 964 2685 1033 sches Repertoire aus der Kainz=Zeit. Denn so¬
1803 996 2697 1072 bald Heiei den Kellerraum der Pariser Komö¬
1812 1058 2694 1127 diantenspelunke betritt, steigt mit den dunklen
1811 1094 2686 1155 Sternen seiner Augen, den Mund öffnend zu
1811 1130 2702 1206 den Worten der Ekstase, schmal, mit seinem hef¬
1795 1183 2583 1274 tigen Gang Josef Kainzens Schatten auf.
1859 1218 2693 1299 Aber die beiden Stücke sind neu einstudiert
1805 1255 2706 1345 worden, nicht für einen Darsteller, sondern für
1821 1302 2701 1364 eine Darstellerin. Frau Durieux ist wieder
1812 1344 2707 1415 Mitglied des Lessingtheaters, das sie, um an
1811 1375 2704 1450 den Gendarmenmarkt und nach München zu zie¬
1823 1413 2715 1493 hen, vor Jahren verlassen hat. Sie erscheint zu¬
1855 1471 2709 1531 ächst als Fräulein Julie, die mädchenhafte Kom¬
1863 1496 2707 1571 isse, die nach Strindbergs Willen toll sein soll
1864 1543 2705 1601 nd berauschend, das „herrliche Weib“ aus sin¬
1889 1562 2724 1641 idem Kriegergeschlecht. Aehnlich wie die
1905 1611 2703 1683 oldt, mit der sie einmal, verwandten Typs,
1918 1651 2705 1726 Fach der Elbinnen und Astarten geteilt hat,
1915 1707 2710 1762 Frau Durieux die Rolle des Fräuleins. Sie
1896 1725 2718 1804 ein kurzes Hauskleid mit Ledergut, gelöstes
1930 1769 2713 1844 ,das ihr im Nacken liegt wie einer russi¬
1911 1815 2708 1882 n Studentin, eine geduckte Haltung. Stärker
1914 1862 2711 1923 in der Verwegenheit der Jugend, die bei ihr
1879 1882 2726 1956 umpf bleibt, wirkt sie nachher, wenn diese adlige
1871 1924 2721 1994 Jugend zerbrochen ist, überzeugender als ie
1890 1965 2725 2038 prache des Auges, der Stirn ist die schraffe,
1882 2004 2719 2074 reite Mimik der unteren Gesichtspartie. Mehr
1885 2044 2725 2108 lugheit als Seele, technische Reise, die der Ge¬
1863 2065 2732 2152 fahr, in den Ausbrüchen des Jammers gänzlich
1854 2121 2730 2192 dem Larmoyanten zu verfallen, entrinnt, Jean,
1874 2157 2730 2227 der Diener, ist Herr Klöpfer, die Hoffnung
1866 2195 2747 2265 des Lessingtheaters. Er prägt seinem scharfen
1863 2237 2751 2312 Antlitz die Maske subalterner Roheit auf, sein
1866 2284 2735 2347 flackerndes Organ hat eine schneidende Kälte. Nur,
1864 2318 2581 2392 daß seiner Leistung wie der seiner P
1858 2364 2600 2421 das Letzte fehlt: dann, wenn in den per
1884 2396 2542 2463 Rasereien der vom Sonnenlicht des M
1872 2414 2772 2511 schlichenen Domestikendirne, in der schlotternden
1989 2480 2752 2576 iner Zeitung am Mittag, Berlhr
2095 2600 2391 2719 S-NOV 1979
1896 2750 2655 2840 ngst des Paares die Mystik begiunt wenn
1871 2806 2728 2878 Dichter von „Fräulein Julie“ sich in das dumte
1851 2844 2685 2920 Lyrikergenie des „Traumspiels“ verwandelt.
1932 2857 2801 2971 „Der grüne Kakadu“ das bunte Dra=.
1863 2919 2757 2989 molett des Bastillesturmes, Schnitzters apartestes
1870 2955 2755 3042 und geistreichstes Kunststück, braucht für seine
1873 2990 2763 3076 vielen Figuren noch mehr des Regisseurs als
1867 3033 2763 3116 Strindbergs, Dialogtragödie (in der Christine,
1868 3073 2755 3153 die dritte Person, so nebensächlich ist, daß auch
1870 3099 2777 3195 die Grüning kaum mehr ist als Staffage).
1872 3148 2768 3228 Der Henri solltr voranstehn. Ihn spielt Herr
1872 3194 2771 3263 Veidt, ein Schwärmer mit einem abnormen.
1882 3230 2766 3305 Kehlkopf, der wohl zu bald von Reinhardt los¬
1879 3254 2752 3333 gekommen ist, brüchig, stoßend, unfertig. Frau
1884 3306 2767 3386 Durieux gibt (eine Nachfolgerin der Dumont)
1884 3344 2790 3416 die blasierte, die Nevolution bejubelnde Mar¬
1886 3396 2799 3456 quise, und gibt sie als.. Kostümbild. Herr,
1889 3424 2785 3499 Klöpfer (als Erbe Rittners) mit bleicher,
1900 3478 2794 3540 scheuer Halunkenphysiognomie Grain, den
1896 3514 2783 3573 Strolch. Sehr bürgerlich ist Herr Fischer als.
1888 3534 2795 3601 der Wirt Prosper; ist er so behäbig=gediegen in
1899 3575 2776 3660 Dresden geworden, oder sieht man jetzt den
1892 3609 2780 3682 norddeutschen Brahm=Stil anders an als da¬
1896 3644 2794 3731 mals? Herr Delius, auch einer, der bei
1906 3690 2792 3768 Reinhardt war, hat die Pose des schönen
1903 3725 2780 3807 Mannes für den Cardignac. Von der Legeädie
1900 3764 2784 3851 des Fräuleins Servaes behält man die Er¬
1905 3805 2782 3884 innerung an Wärme und Anmut.PW.
