3436 4256
2003 146 2472 243 box 15/5
243 157 1869 270 9.4. Der gruene Kakadu Zuklus
345 1207 3291 1324 unverdrossen und in sich gekehrt an seiner inneren Klärung Schleuther Schauspielkunst ... Er hängte dem „Paraceisus“ erzählen könne, was ihm eigemtlich
406 1323 3279 1356 weniger an läppischen „Erklärungen“ mit denen eitle seinen Radschuh ein. In den Nothpausen, zwischen Rede und neugierig das zu erfahren, wir g
2666 1329 3296 1380 von Europa und Umgebung aufs
336 1327 2686 1403 Reclamehelden ihr Dasein überflüssigerweise noch betonen Gegenrede, hätte man ganze Lustspiele aufführen können.
2678 1374 3300 1450 haben und daß ihm wirklich etwa
348 1376 2693 1451 möchten. Ein Schritt noch, und Schnitzler hat sich in seinem Im „grünen Kakadu“ keuchte die Aufführung der Virtuosität
348 1409 2687 1494 ebenmäßigen, organischen Entwicklungsgange, wie er nur des Dichters nur mühselig nach. Ruckweise setzte die Groteske,
1524 1476 2695 1537 welche einen Wirbel von Gestalten erfordert, sich fort. Nach
2766 1457 3286 1536 Der grenzenlose Uebermuth
344 1475 1516 1547 hervorragenden und grundechten Begabungen zukommt, von
1513 1527 3291 1589 jeder Episode fiel ein idealer eiserner Vorhang; erst als er den neuesten Ausmeisungsmaßregel
348 1530 1527 1616 seinen Anatolismen gänzlich losgerungen. Mehr als „Para¬
2674 1568 3292 1627 zuvor hat eine Partei zu solchen
347 1578 2685 1650 celsus“ und „Die Gefährtin“, dürfte „Der grüne Kakadu“ sich wieder zu heben schien, rückte die nächste Gruppe vor.
2680 1615 3298 1673 sönlicher Rancune sich hinreißen
342 1626 2680 1716 eine solche Kunstwende bedeuten. Schnitzler's nun schon weit Dabei wurden die gleichgiltigsten Phrasen mit vorstädtischer
2678 1658 3300 1719 famosen Werke des Bürgermeisters
344 1663 2672 1763 gediehene Technik ist hier fast zur Virtuosität gesteigert, und Aufdringlichkeit in das Publicum geschleudert; für feinere,
2673 1693 3237 1755 unabhängigen Organen der
352 1692 2683 1785 es ist nicht mehr der Ehebruch an sich, sondern eine tödtliche edlere dynamische Schattirungen war nicht gesorgt. Manch
2678 1731 3282 1793 stigmatisirte, wird boycottirt, un
1516 1766 2683 1825 treffliches Wort ging wiederum in dem Lärmen unter. Hat
339 1771 1528 1864 Bestrafung des Ehebruches zugleich als Durchbruch einer
2670 1769 3292 1852 für alle anderen Zeitungen gelten
1518 1814 3289 1881 denn Director Schlenther für das anarchische Dilettiren, Wege sortfahren sollten. Lueger
349 1819 1528 1882 welterschütternden Bewegung gezeigt. Die Absichtlichkeit dieser
1514 1856 3292 1923 das wir am Burgtheater jetzt als Schauspielkunst nehmen Thaten und Schöpfungen schweigen
352 1877 1505 1935 Verknüpfung tritt — wiederum als Gedankenproceß —
352 1910 3298 1972 noch zu deutlich hervor. Die alte Idee, Spiel in Wirklich= sollen gar keine Empfindung? Ist sein Sinn so stumpf daß die freisinnigen Blätter über
342 1959 3280 2019 keit, Schein in Leben ausströmen zu lassen, ist auf dem ge= oder seine Autorität so gering? Gewiß, Dr. Paul Schleuther Währinger Theater, reden. Dort
2671 1984 3286 2053 Schauspieler jüdischer Confession
1525 2003 2685 2065 ist nicht zum Theaterdirector, zum Leiter größerer Massen
351 1994 1526 2092 waltigen Hintergrunde der französischen Revolution neuartig
350 2020 3291 2138 gestaltet; das Treiben in der Taverne zum „grünen Kakadu“ (geschaffen. Ist es ihm aber wirklich unerreichar, den Burg=serstatter der sogenannten „Juden
357 2129 3288 2166 wo decadente Aristokraten als Todtgeweihte am Tage der theaterdirector wenigstens zu spielen? Herrn Robert gesehen. Wie wär's, wenn diese
2686 2112 3294 2178 machten, dem Herrn Bürgermeiste
351 2130 2683 2225 Erstürmung der Bastille sich harmlos an der Darstellung durfte er in dieser Paracelsus=Maske gar nicht auf die Bühne
2671 2169 3290 2236 fleißig über Gas, Tramway und
349 2190 2673 2272 von Unthaten ergötzen, ist lebensvoll und lebenswahr ge=lassen. Wie ein Gespenst oder eigentlich wie die Caricatur
2679 2214 3293 2265 vom Stadttheater völlig schweigen
351 2234 2682 2316 schildert; die unvergleichliche Beweglichkeit der Franzosen ist eines Gespenstes schlich er über die Bretter. Herr Robert
2680 2237 3302 2312 Zuter, hau' ich Deinen Theate
1526 2269 2687 2343 ist zur Negation eines Schauspielers geworden. Er verändert
2671 2287 3296 2354 für die „Neue Freie Presse“, sonder
363 2290 1531 2369 freilich in der Groteske mehr angestrebt als erreicht, doch
1522 2324 2696 2400 sich gar nicht mehr — das Seitenstück zu Schlenther's
2675 2331 3308 2397 gelten. Diese scheinen keine recht
358 2337 1526 2424 zündende Geistesblitze zucken durch das Stück; bewunderns¬
2674 2368 3300 2448 heilsame Wirkung ein solch geme#
1518 2383 2689 2445 Normaltempo — und klebt sich die Rollen nur mehr
356 2379 1524 2470 würdig ist der sichere Plan in dem scheinbaren Chaos, der
2679 2427 3304 2489 Bürgermeister und die sonstige
1520 2434 2684 2492 äußerlich an. Frau Schratt war zu gesund als Medium;
362 2434 1537 2504 ironische Ton, der bis zur Bitterkeit und schließlich zur
2668 2454 3290 2540 Kunsttempels an der Währinger
352 2490 2680 2552 Raserei anschwillt, wenn auch Gedankenarbeit, gewiß eine sie könnte mit ihrer Natur ein Regiment von Hypnotiseuren
353 2526 2691 2607 reiche und blühend dichterische Gedankenarbeit, hier als in die Flucht jagen. Diese Empfindung hatte man auch bei
1516 2574 2691 2648 der Aufführung, zumal dieser Doctor Paracelsus nicht geeignet
2769 2553 3301 2637 Inmitten des augenscheinlich
368 2585 1169 2662 Ersatz für Temperament zu gelten hat.
1527 2622 2687 2684 war, irgend welche Macht auf Andere auszuüben. Im
2673 2621 3296 2685 falles dem die französische Repu
470 2606 1525 2689 Die Aufführung wirkte den Stücken entgegen. Directer
1520 2659 2684 2730 zweiten Stücke, da Einer hinausgeworfen werden soll, war
2683 2666 3301 2719 die Welt immer wieder auf Ersch
370 2675 1530 2733 Schlenther's Tempo ist das Adagio. In diesem Tempo wird
2684 2717 3299 2761 merksam, die Erstannen und Bewi
1526 2715 2682 2773 Herr Devrient, dem sonst diese Rolle zufällt, leider fürs
364 2710 1525 2787 am Burgtheater jetzt Alles zerspielt — classische Tragödit,
2672 2757 3302 2815 jener glänzenden Namen, deren 2
1516 2761 2691 2826 Burgtheater nicht zur Verfügung. Herr Zeska bewies,
362 2772 1530 2832 modernes Lustspiel oder Schwank. Es ist ganz einzig, dieses
2670 2792 3303 2861 für Wahrheit und Gerechtigkeit ei
1526 2791 2683 2865 daß er in diesem Punkte — es ist ein punctum saliens —
367 2799 1546 2875 Schlenther'sche Normaltempo aber bequem. Nach ihm müssen
2672 2840 3304 2906 zwei Persönlichkeiten angeschlossen,
1524 2852 2685 2914 keine Uebung habe. Herr Sonnenthal zog für die
364 2861 1536 2929 sich die Dichter strecken. Selbst der gute Benedix wurde
2670 2882 3295 2948 antiken Geiste erfüllter Rede alle
1528 2892 2681 2967 Strafreden alle Orgelregister seines Organs mit Wirkung
366 2908 1538 2990 jüngst in mörderischer Weise zerdehnt. Vor jedem Spase
2676 2922 3302 2985 riefen, um sie zur Hochhaltung de
361 2976 3299 3016 Schumrich's eine Generalpause, damit das Publicum aus auf. Weniger glaubhaft war er ais Henri im „grünen bürgerlichen Ordnung zu entflamm
373 3011 3311 3081 merksam werde. Dann wurde das Kunststück mit da Kakadu“. Die Vorgänge dieser Groteske haben Frau werke von Berenger und von Wa
364 3056 3295 3139 größten Umständlichkeit ausgeführt. Und wieder eine Genera=[Mitterwurzer, die Herren Zeska und Hart= Zeiten als Documente zu gelten h
2663 3082 3304 3147 der auch in Zeiten des Nieden
363 3087 2251 3173 pause, damit sich das Publicum von dem Spasse erholet mann vor den Anderen gefördert.
2277 3119 3310 3221 L. A. Terngimponirende, ehrfurchtgebietende L#
373 3143 1544 3224 und festhalten könne, daß Thimig und kein Anderer de
2100 3134 2287 3241 —
369 3186 1563 3277 Urheber dieses Kunststückes gewesen ist. Das nennt Directe
