3436 4352
1937 63 2790 160 Snseen . nentingt aune 1s.
1129 108 2789 201 The Vaudeville Theatre reopened last- #ng hither and thither of a crowd ol
1082 178 1937 242 night with two longish onc-act plays, of
1939 188 2788 236 supernumeraries geuild have leit it en¬
1091 227 1928 276 which the first is called.“ Between Sun¬
1945 216 2807 281 touched. However, once more the
1079 247 1930 343 set and Dawn,?' is in four scenes, and is
1944 269 2783 322 audience saw some capital acling, notably
1934 299 2779 375 from Miss Sarah Brocke, in the part o
1074 304 1931 379 from the pen of Mr. Hermon Quld. Its
1931 352 2758 416 the corrupt Marquise, Mr. MgKinnel:
1074 346 1930 416 principal figure is one Liz, the young
1085 392 1930 462 wise of Bill Higgins, a drunkard, to
1933 396 2748 471 the actor Henri, and Mr. Malcolm Cher
1943 442 2445 515 as the Duc de Cadignan.
1083 430 1924 503 whom she has been married for two
1078 471 1946 563 miserable years. When he is sober he is
2473 475 2743 563 H. M. W,
1072 519 1899 576 repellent enough; when he is drunk——
1076 555 1929 634 So she runs awav from him and sceks
1070 611 1930 671 shelter in a wretched doss-house kept by¬
1060 652 1932 705 San appalling Mrs. Harris, whose son jim
1068 703 1932 762 falls in love with her, begs her to throw
1073 733 1932 814 in her lot with him, and, after various
1064 782 1942 849 rebuffs—for Liz is acutely conscious
1064 818 1930 894 of tiie respectability of the marricd state
1097 871 1925 940 —succeeds. Left alone with her, then,
1066 903 1934 980 at twoa.m., he developsza form of erotie
1063 959 1935 1028 mania, begins smiling strangely, asks her
1062 1008 1936 1073 to kiss him, and while she leans ner¬
1066 1048 1934 1111 vously forward to obey him, stabs her in
1072 1082 1928 1157 the back, so that she falls dead. The
1063 1139 1939 1213 appalling mother comes, tottering in to
1072 1174 1946 1248 learn what the noise is about, and finds
1064 1232 1923 1288 her son, still smiling, kneeling over the
1066 1255 1921 1341 corpse. On this picture tlie curtain
1067 1302 1206 1366 falls.
1109 1382 1938 1472 The author has done his work with a
1055 1413 1917 1515 good deal of deftness. The characters
1056 1487 1919 1559 ofthe husband and wife, and’of the hap¬
1058 1517 1920 1597 less Jun, pre well drawn, and the story
1059 1559 1923 1642 moves steadily aleng. His dénouement,
1057 1622 1929 1686 however, is bad art. Such a seizure as
1062 1659 1926 1731 that which turns voung Harris into a
1049 1696 1915 1786 murderer is nit sulted to the Theatre.
1049 1748 1925 1813 Pity, sorrow, änger, alarm—all these
1051 1794 1915 1874 emotions may leg#timately be excited by
1045 1826 1933 1907 the dramatist; ##e sinale of Mr. Quld's
1055 1881 1927 1945 play onlvreycker alsort ofrnausen. So
1044 1928 1929 1997 deep a degradation- sf“Sthe paragon of
1038 1957 1925 2046 animals!' is mere üittingly the theme of
1043 1999 1924 2085 ithe pathologieal lecturer than 'of the
1042 2056 1919 2114 Jramatist. However, the play was well
1041 2102 1919 2182 received last night, and the applause at
1048 2145 1916 2228 the finish was quite prolonged. Mr.
1045 2188 1901 2255 Norman Mekinnel and Mr. Edmond
1036 2230 1899 2291 Breon as the“lover? and husband re¬
1043 2281 1901 2344 spectively, and Miss Ada King and Miss
1045 2327 1909 2403 Alice Mansfield asstheir nicely contrasted
1042 2358 1910 2429 old mothers, acted admirablv; but Miss
1044 2410 1907 2469 May Blayney, in the part of Liz, addressed
1037 2457 1899 2534 her dialogue almost entirely to the
1036 2486 1451 2555 audience, and,
1447 2497 1753 2563 consequently,
1785 2508 1907 2567 an
1033 2529 1893 2620 scarcely be said to have contributed an
1029 2579 1370 2652 impersonation.
1417 2614 1532 2699 „
1066 2665 1913 2748 The# second play was Arthur
1023 2701 1905 2787 !Schnitzlersfamous grotesque,Thet
1036 2761 1895 2837 Green Cockatoo,ranslated into English
1027 2797 1896 2869 by Aliss Penelope Wheeler. The piese
1033 2836 1904 2908 was given last vear by thei Srage
1022 2867 1893 2960 Society, but is new to the geneial play¬
1027 2931 1903 3017 goer. It is rich in suggestion of sthe
1025 2989 1895 3064 passions which ledupto the French Revo¬
1020 3024 1891 3106 lution, and the way in which jest becomes
1014 3067 1894 3153 Tearnest and laughter is turned into
1016 3099 1894 3195 tragedy in the grim cellar ofthe Cockatoo
1028 3158 1894 3229 tavern, is visibly #the work of a deft
1021 3207 1884 3277 dramatist. The“ production“' last night,
1007 3251 1887 3321 however, secmedto us to lack the imagin¬
1013 3288 1879 3367 ative touch which made the Stage
1013 3315 1887 3418 Society’s rendering so interesting. No
996 3371 1879 3463 doubt the smallness of the stage was re¬
1010 3416 1884 3494 Isponsible for ethe propinquity of ihe
1008 3466 1884 3532 Taristocrats to the canaille, who should
1004 3499 1882 3584 have been kept farther apart; and amid
1000 3553 1884 3631 Tall the hubbub we missed the curious thrill
1005 3588 1882 3673 of terror which the imminence of the fall
1001 3655 1869 3721 of the Bastille andethe seizure of power
1010 3693 1870 3763 by the mob evöked when we saw the
1006 3725 1872 3812 piece acted at the Aldwych Theatre.
1001 3777 1880 3851 Stage managers should remember what
1003 3839 1883 3897 a grim thing comparative silence can be#
979 3852 1921 3947 —how menace can secm to be in the #ir
