3436 4256
346 143 1991 238 9. 4. Der pruene Kakadn zykIus
750 1059 955 1139 4a-
878 1158 1230 1228 Telefon 12801.
578 1260 1799 1351 Unternehmen für Zeitungs-Ausschnitte. Ausschnitt
1478 1334 1799 1455 Nr. 92
735 1329 1345 1453 „OBSERVER
324 1435 1783 1504 I. österr. behördl. concess. Bureau für Zeitungsberichte und Personalnachrichten
342 1510 508 1603 105
599 1497 1495 1597 Wien, IX/1 Türkenstrasse 17.
571 1566 1550 1668 Filiale in Budapest: „Figyelö“ VIII. Josefsring 31a. —
317 1713 805 1816 Ausschnitt aus:
857 1747 1575 1898 Norddeutsche Algemeine Zig.
317 1835 752 1946 vom 27 77
492 2150 1715 2292 ( G. Z. Das Deutsche Theater hatte heute mit den bereits,
449 2229 1681 2324 in Wien gegebenen drei Einaktern Arthur Schnitzlers einen sehr
457 2270 1689 2372 starken Erfolg. „Die Gefährtin“, wohl das am tiefsten ange¬
463 2331 1689 2438 legte von diesen Stücken, erweckte warmes Interesse. Die glänzende
454 2376 1669 2467 Mache des „Grünen Kakadu“ fand bei sehr lebensvoller In¬
458 2431 1676 2521 stenirung stürmischen Beifall und verschaffte Schnitzler wohl an die
448 2488 1680 2555 zehn Hervorrufe. Das letzte, das mehr geistreiche als tiefe
447 2525 1679 2612 Versspiel „Paracelsus“ wurde ebenfalls sehr beifällig,
447 2591 1680 2655 wenn auch, der ruhigeren Stimmung des Ganzen gemäß, nicht
444 2618 1673 2714 so begeistert wie das vorhergehende Stück aufgenommen. Im Ganzen
448 2684 1684 2758 war es ein sehr anregender Theaterabend. Ueber die Darstellung noch
446 2723 875 2809 am Montag Einiges.
693 3189 1401 3276 Bezugs-Bedingungen.
325 3244 1530 3336 Für 50 Zeitungsausschnitte (Artikel oder Notizen) fl. 7.50)
1538 3301 1733 3350 incluswe
410 3305 524 3354 100
1349 3309 1514 3368 „ 14.—
1566 3338 1698 3375 Porte.
399 3343 521 3390 200
1341 3350 1512 3405 „ 25.—
1557 3363 1712 3405 Zahlbar
397 3385 521 3440 500
1356 3375 1523 3445 „ 55.—
1539 3397 1743 3453 im Voraus
1360 3415 1523 3483 „ 100.—
1120 3402 1198 3491 :
336 3419 515 3483 " 1000
451 3453 1775 3522 Im Gegensatze zu amleren Bureaux für Zeitungsausschnitte ist das
326 3509 1770 3552 Abonnement durch keine bestimmte Zeitdlauer begrenzt; — auch steht es den
330 3546 1678 3609 Abonnenten frei die aufgegebenen Theinen zu ergänzen oder zu ändern.
2137 132 2597 235 box 15/6
2477 1161 2821 1261 Telefon 12801.
2168 1265 3360 1347 Unternehmen für Zeitungs-Ausschnitte. Aussehnit
2317 1334 3356 1457 „OBSERVER“ Nr. 97
1899 1426 3351 1518 I. österr. behördl. conzess. Bureau für Zeitungsberichte und Personalnachrichten
2194 1489 3078 1606 Wien, IX/1 Türkenstrasse 17.
2037 1578 3136 1682 8Filiale in Budapest: „Figyelö“, VIII. Josefsring 31a. —
1904 1717 2381 1810 Ausschnitt aus:
2436 1724 3156 1897 Staatsbürger-Zeitung, Berlin
1912 1833 2357 1944 vom 20%, 97.
2103 2168 3251 2268 * Deutsehes Theater. Drei einaktige Neuheiten des
2022 2214 3232 2284 Wiener Dramatikers Arthur Schnitzler, getragen von der
2020 2283 3231 2340 ausgezeichneten Darstellungs= und Regiekunst des Deutschen
2027 2302 3232 2383 Theaters, hatten gestern am Abend der ersten Aufführung
2013 2349 3232 2408 einen unbestrittenen Erfolg. Ein modernes Dramolet, „Die
2020 2387 3223 2487 Gefährtin“, leitete die Vorstellung in etwas düster=elegischer,
2007 2444 3217 2515 aber stark realistisch durchsetzter Stimmung ein. Ein wildes,
2019 2488 3232 2561 von groteskem Humor erfülltes, aber tragisch ebenso
2021 2554 3239 2645 wie stürmisch auslingendes Gemälde aus der Zest
2024 2607 3227 2681 des Bastillensturms, „Der grüne Kakadu“, bildete den
2022 2655 3230 2720 mittleren Teil und brachte dem Antor drei Hervor¬
2018 2693 3217 2772 rufe ein. Ein freundliches altdeutsches Versspiel: „Paracelsus“,
2012 2741 3221 2814 in welchem der berühmte Doktor durch die Hypnose im Hause
2013 2785 3228 2848 eines Waffenschmieds den Humor der Magie für Liebespaare
2010 2827 3232 2899 und Eheleute enthüllt, war das geistvoll fesselnde Finale. Der¬
2007 2864 3216 2943 schauspielerische Triumph gehörte im ersten Stücke Herrn
2010 2927 3226 3006 Nissen,in den beiden anderen Werken Herrn Joseph
2002 2949 2226 3036 Kainz.
2293 3176 2966 3270 Bezugs-Bedingungen.
1902 3244 3127 3340 Für 50 Zeitungsausschnitte (Artikel oder Notizen) fl. 7.50)
3120 3280 3313 3356 incluste
1992 3300 2099 3345 100
2924 3313 2989 3372 „
3130 3338 3289 3374 Porte.
1989 3341 2101 3384 200
2931 3345 3094 3408 „ 25.—
3129 3353 3294 3405 Zahlbar
1984 3377 2105 3422 500
2926 3378 3099 3436 „ 55.—
3123 3392 3324 3450 im Voraus
2719 3392 2777 3443 „
2933 3420 3093 3479 „100.—
1919 3414 2114 3497 " 1000
2041 3448 3316 3521 im Gegensatze zu anderen Bureaux für Zeitungsausschnitte ist de
1907 3508 2945 3549 Abonnement durch keine bestimmte Zeitdauer begrenzt;
2939 3505 3350 3563 — auch steht es den
1907 3544 3252 3619 Abonnenten frei die aufgegebenen Themen zu ergänzen oder zu ändern.
