3436 4224
715 167 1328 249 ruene Kakadu
1464 169 1891 268 box 15/4
244 166 1317 289 9. 3. Der Bdeneaandan
2627 1068 2849 1151 .
1143 1082 1207 1168 4
2252 1119 3282 1205 greifend, sondern geradezu erschütternd wirkt.
222 1146 2241 1239 glaubten und an die Menschen, sie zu bessern und ] Gesellschaft, den Trug des Herkommens. Die Ge¬
2250 1179 3273 1250 Herr Robin Robert konnte gestern bereits
1239 1189 2247 1265 sellschaft ist der Repräsentant des Kompromisses,
213 1216 1224 1281 zu bekehren, da haben wir wohl gesungen und
2253 1223 3267 1288 ein Verdienst beanspruchen, bevor er die Bühne
1237 1242 2240 1303 der halben Wahrheit. Ueber sie und ihre In¬
224 1249 1229 1318 gesagt von dem erbärmlichen Wicht, der die
2252 1266 3274 1330 betrat: daß er künstlerischen Geschmach und per¬
1234 1281 2245 1349 stitutionen schüttet Ibsen, wie in fast allen Dramen,
218 1308 1234 1363 Wahrheit kenne und sie nicht sage und künde!
2256 1311 3271 1378 sönlich-ideellen Mut bewiesen hatte, dieses
1239 1306 2243 1395 so auch im „Volksfeind“, die Schale seines
214 1343 1241 1399 Aber als wir älter wurden und erfahrener, und
2249 1353 3283 1417 Drama zu seiner Benefizvorstellung zu erwählen.
1237 1362 2249 1450 Zornes aus. „Wenn ich nur wüßte, wo man
219 1384 1235 1459 die Menschen mit nüchternem Blick betrachteten
2250 1392 3276 1473 Er hätte mit „Husarenfieber“ mühelos ein aus¬
1241 1405 2249 1487 einen Urwald oder eine kleine Südsee - Insel
223 1430 1246 1498 und die Welt, da wurde es uns bald klar, daß es
2248 1442 3268 1498 verkauftes Haus erzielt; als Künstler verschmähte
1237 1449 2241 1530 um einen billigen Preis haben könnte!“
218 1474 1241 1550 gar nichts Schwereres gibt, als die Wahrheit zu
2253 1473 3272 1544 er diese billige Konzession. Zeigte er sich in dieser
1240 1488 2249 1570 ruft Stockmann zuletzt voller Bitterkeit aus.
228 1518 1243 1585 sehen und zu bekennen, auch da, wo man sie
2259 1518 3278 1587 Beziehung als Idealist, so bewies seine Dar¬
1241 1539 2249 1615 Ein Mann wie er hätte alle Selbstachtung,
231 1553 1238 1626 nicht hören will. Und schließlich — wer will sie
2260 1564 3279 1638 stellung des Stockmann aufs neue, was ich schon
1237 1575 2268 1651 ja jedes Anstandsgefühl verlieren müssen, wenn
225 1609 1240 1671 hören, ja, wer kann sie hören? Wer ist stark
2262 1613 3274 1681 einmal von ihm gesagt habe: daß er in erster
1242 1630 2258 1700 er hier mit der Menge paktiert hätte. Die
214 1650 1233 1707 I und groß genug, sie zu vernehmen, wo ihre For¬
2261 1653 3272 1723 Reihe denkender Künstler ist. Ja, sein geistiges
1247 1671 2251 1743 Kollision ist hier nicht, wie so oft oberflächlich
219 1694 1230 1759 derung mit seinem Vorteil. seiner Bequemlich¬
2264 1691 3279 1768 Erfassen, sein Durchdringen einer Rolle steht
1236 1715 2248 1797 behauptet wird, speziell theoretisch oder politisch,
230 1732 1242 1812 keit, seiner Eitelkeit in Konflikt kommt? „Kreu¬
2263 1741 3282 1814 noch höher als seine Gestaltungskraft. Es ist das
1254 1761 2262 1825 sie ist, wie Anathon Kall, wohl der neueste
771 1766 1254 1848 die urewige Ant¬
232 1789 712 1855 zige, kreuzige!“, das
2256 1786 3283 1849 Apriorische und Eigenartige dieses Schau¬
1248 1798 2252 1876 Ibsenbiograph, es richtig erkannt hat, allgemein
228 1821 1247 1901 wort für alle Wahrheitskünder, alle Wahr¬
2269 1819 3284 1897 spielers. Man höre seine Erzählung von den
1253 1832 2265 1909 ethisch. Die Gesellschaft, das Gemeinwesen ist es,
223 1878 563 1949 heitsforderer.
2273 1887 3284 1940 drei Ringen im „Nathan“ man lausche ihm,
1252 1884 2264 1956 das dem persönlichen Moralbewußtsein, der per¬
276 1891 1249 1971 Steinigen wollen sie auch Stockmann, den
2266 1915 3285 1986 wie er gestern die große herrliche, von einer
1250 1921 2262 1999 sönlichen Wahrheitsliebe überall Hemmnisse in
241 1957 1249 2017 Wahrheitsfanatiker. Der Arme leidet an einem
2267 1960 3271 2026 Wahrheitstiefe sondergleichen erfüllte Rede an
1246 1960 2273 2041 den Weg legt. Stockmann ist revolutionärer
231 1989 1258 2058 todbringenden Wahn: Wahr und frei und ohne
2264 2000 3291 2068 die Bürgerversammlung hielt, stets wird man
1251 2021 2274 2083 Aristokrat, welcher einer blinden Mehrheit
236 2045 1255 2109 feige Kompromisse will er durch diese Welt der
2278 2050 3282 2113 die Empfindung haben: dieser Mann spielt, ge¬
1778 2058 2272 2125 in allen Fragen die
1260 2058 1736 2140 das Recht abspricht,
232 2087 1240 2142 Kompromisse schreiten. Wer das könnte! Wer
2275 2085 3286 2161 staltet nicht nur — er denkt! Und das verlange
1252 2094 2271 2166 Autorität zu repräsentieren. „Die Minorität
240 2130 1256 2200 nicht überall und in jeder Lage zu Kompromissen
2277 2127 3289 2209 ich von einem Schauspieler, der in die uner¬
1254 2136 2269 2226 hat immer recht“, sagt er. Deshalb fallen
242 2176 1250 2249 gezwungen wäre, die sein Herz verwirft! Stock¬
2269 2161 3303 2249 gründliche Gedankenwelt eines Shakespeate,
1257 2185 2280 2264 sie alle über ihn her, am wütendsten die
241 2216 1245 2290 manns Losung heißt wie die Brands und so man¬
2282 2218 3202 2290 Lessing, Goethe, Ibsen hineinsteigt, daß er
1256 2233 2275 2300 Liberalen, die sehr schlecht im Stücke fortkom¬
245 2262 1249 2324 cher Ibsenschen Helden: Alles oder nichts!
2288 2259 3300 2333 bildeter, denkender Künstler ist. In dieser Be¬
1251 2277 2278 2347 men. Und mehr noch als die Minorität ist der
245 2296 1253 2374 Seine eigenen Wege gehen, wie mancher möchte
2275 2306 3297 2374 ziehung schon begrüße ich es mit Freude, daß die¬
1263 2315 2274 2390 einzelne im Recht, der gegen die anderen um
250 2340 1254 2416 es! Aber da kommt wie ein „Volksfeind“, der
2274 2346 3296 2425 ser Schauspieler unserem hoffentlich zu einem
1261 2366 2277 2441 die Wahrheit kämpft, der immer auf dem Dor¬
247 2380 1259 2458 Herr Bürgermeister und belehrt uns, daß das in
2277 2389 3296 2478 literarischen Aufschwunge bestimmten Theater
1254 2402 2275 2495 posten der Menschheit stehi, der sein Herzensblut
248 2431 1260 2511 einer wohlgeordneten Gesellschaft unstatthaft sei.
2287 2425 3291 2509 für die nächste Zeit erhalten bleibt;
1264 2451 2276 2528 hergibt, um mit verrotteten Wahrheiten aufzu¬
246 2482 1258 2549 „Der Einzelne muß sich durchaus dem Ganzen
2279 2467 3306 2554 sein künstlerischer Geist und sein nicht rastender
1259 2500 2278 2571 räumen, Kulturschöpfer und Kulturträger zu
253 2519 1268 2596 unterordnen oder, besser gesagt, den Behörden,
2279 2530 3294 2590 Eifer lassen schöne Hoffnungen aufsteigen. Durch¬
1262 2541 2277 2612 sein. So nimmt Stockmann als einzelner den
248 2550 1260 2644 die über das Gemeinwohl zu wachen haben.“
2278 2564 3308 2633 aus richtig hatte er gestern seinen Stockmann an¬
1261 2580 2281 2650 Kampf auf mit dieser Gesellschaft dieser Stadt
243 2598 1270 2674 Und unter dieser alltäglichen Weisheit und ihrem
2279 2602 3306 2681 gelegt: sonnig-heiter, an die Güte und den Wahr¬
1272 2636 2280 2697 der Rechenschaft, des liberalen Geistes, des ver¬
251 2658 1262 2734 ledernen Zwang verbluten die Eigenen, die
2291 2655 3310 2727 heitsdrang der Menschen glaubend, als idealisti¬
1267 2677 2275 2740 träglichen Sinnes, der moralischen Biederkeit, die
260 2698 1272 2765 Adelsmenschen! Und die Lüge siegt. Und wer
2293 2702 3308 2771 schen Nachtwandler, der vor Freude über die
1273 2720 2289 2782 im tiefen Grunde nichts als Morast ist und Un¬
2285 2740 3311 2820 rettende Entdeckung der Badvergiftung nicht ein¬
257 2752 855 2810 die Macht hat, triumphiert.
1270 2766 2286 2834 rat und Heuchelei und Trug. Und wenn er zu¬
2292 2785 3310 2852 mal ahnt welche furchtbaren Konsequenzen
276 2772 1265 2858 Der „Dolksfeind“ ist, wie alle Dramen Ibsens,
1263 2793 2294 2870 letzt ganz einsam dasteht, „der ist der stärkste
2292 2834 3304 2907 für seine Vaterstadt, für ihn selber diese Ent¬
247 2828 1274 2915 voller Symbolik. Das Gift, das in das Bad
1276 2849 2287 2917 Mann in der Welt, der allein dasteht.“ Ihn bin¬
2293 2860 3309 2936 deckung heraufbeschwören muß. Sein sonniger
261 2873 1273 2945 dringt, und das die kluge Gesellschaft nicht sehen
1279 2888 2282 2963 den keine Programm mehr und Verpflichtun¬
2290 2921 3309 2994 Idealismus hatte etwas Verträumtes, sein
259 2920 1270 2998 will, ist die Lüge, die jedes Gemeinwesen ver¬
1268 2936 2287 3012 gen, die Rücksichten ud feige Kompromisse auf¬
2307 2963 3318 3033 Glaube an die Menschen hätte töricht heißen
259 2965 1278 3054 giftet. Wer diese Symbolik bezweifelt, der lese
1270 2983 2297 3050 erlegen. Die selbständige freie Persönlichkeit
2295 3005 3314 3068 können, wäre er nicht so kindlich gewesen. Oft
267 3008 1274 3080 aufmerksam die große Rede, die Stockmann den
1267 3028 2294 3096 des einzelnen gegen den Egoismus und
2296 3051 3319 3122 hätte ich noch mehr Ruhe in Wort und Gebärde.
261 3058 1284 3122 versammelten Bürgern hielt. Dieser Stockmann,
1281 3066 2296 3136 die Unwahrhaftigkeit der Gesellschaft, das
258 3095 1288 3161 welcher der Wahrheit zum Siege verhelfen will,
1285 3094 3318 3180 ist das Problem dieses Dramas, das noch mehr Zurückhaltung, die Lichter noch dis¬
253 3135 1284 3207 geht den dornenvollen Leidensweg aller derer,
258 3115 3336 3271 1 deren Seele sich aufbäumt gegen die Heuchler der nicht, nur interessant, nicht nur er= kreter aufgesetzt, mehr noch übrig lassend. ia
