3484 4256
336 57 1245 141 See  ee e
322 125 1320 190 schwollenen und gekünstelten Prosa, die den grotesken Ein¬
318 174 902 238 druck des Ganzen noch erhöhte.
385 191 1321 268 Mar Halbe, der mit seiner historischen Renaissance¬
325 261 1330 317 tragödie „Der Eroberer“ noch ärgeren Schiffbruch erlitten
327 303 1329 377 hatte, suchte die Schlappe durch ein modernes Berliner
327 340 1335 400 Schauspiel, „Die Heimatlosen“, wieder auszuwetzen. In
328 382 1326 436 die Pension Beaulien, wo allerlei zerbrochene Eristenzen
321 428 1322 503 sich ein Stelldichein geben, schneit Lottchen, das Gänslein
315 478 1320 536 vom Lande, hinein. Sie ist der Mutter fortgelaufen, weil
324 513 1329 579 sie den ihr aufgedrungenen Bräutigam nicht mag, und
316 557 1327 619 rennt nun dem berühmten Muskelprotz, einem sehr nahen
320 603 1328 670 Verwandten des Sudermannschen Junkers Röcknitz, in die
319 641 1327 700 Arme. Der Uebermensch amüsiert sich acht Wochen lang
330 697 1322 745 mit ihr, dann treibt es ihn zu neuen Lovelacethaten, und
328 731 1326 787 Lottchen zückt in ihrer Verzweiflung den Dolch gegen ihn.
334 786 1322 854 Aber ein Blitz aus den Augen der blonden Bestie ent¬
332 816 1327 878 waffnet sie, und nun bleibt ihr nichts übrig, als zu
327 859 1333 923 sterben. Halbe verdankt den Stoff augenscheinlich dem
323 908 1331 962 lokalez. Teil der hauptstädtischen Presse, die vor zwei oder
332 949 1335 1017 drei Jahren einen ähnlichen „Fall“ mit liebevoll breiter
336 987 1329 1054 Ausführlichkeit behandelte. Aus poetischen Gründen
334 1034 1337 1095 hatte er jedoh den Vorgang, der sich damals zwischen
330 1084 1333 1141 einem unreisen Menschen und einer Klavierlehrerin mit
332 1135 1337 1178 reichlichem Vorleben abspielte, in höhere Sphäten über¬
333 1162 1328 1224 tragen, ohne zu bedenken, daß er dadurch allein nicht zu
337 1218 1334 1271 tragischer Wirkung gelangt. Sein Lottchen, das als Gaus
329 1255 1332 1337 von der Weichsel hergeflogen kam, bleibt auch in Berlin
336 1299 1324 1356 ein Gickgack. Wer wie sie mit offenen Augen ins Ver¬
335 1347 1330 1400 derben rennt, der verscherzt jeden Anspruch auf unser Mit¬
337 1388 1330 1458 leid, und sein Schicksal geht uns nicht nahe. Lottchens
340 1435 1328 1493 Selbstmord in fünf Akten berührt uns so viel oder so
334 1484 1329 1532 wenig wie jener Gerichtsfall, und alle Romantik, die daran
337 1518 1343 1582 herumbaumelt, ja sogar die hübsch erdachten Episoden aus
343 1559 1335 1619 dem Berliner Zigennerleben verleihen dem Bilde keine
343 1601 1341 1664 frischeren Farben. Es ist bedauerlich, daß Halbe auch mit
337 1654 1337 1720 dieser Arbeit unterwegs liegen blieb, um so bedauerlicher,
331 1689 1346 1749 als man ihr den kuirschenden Fleiß des Dichters anmerkt,
335 1735 1333 1812 sein angstvolles Bemühen, durch forsches Draufgängertum
338 1782 1348 1858 und verwegenes Spiel mit derben Bühneneffekten den halb
347 1839 1337 1901 verlorenen Anschluß an die Mitstrebenden wieder zu er¬
401 1893 1352 1975 In schrillem Gegensatz zu Halbes ehrlichem und ernstem
338 1953 1348 2029 Ringen, das Sympathie für den Dichter selbst dann noch
341 1998 1346 2055 auslöst, wenn er sein Ziel nicht erreichte, steht die immer
345 2040 1342 2118 salopper werdende Arbeitsweise des jungen Georg Hirsch¬
345 2065 1350 2151 feld. Man hat dem Unerfahrenen, den die Clique mit
338 2123 1344 2179 allzu lauten Posannenstößen auf den Schild erhob, glücklich
350 2173 1316 2230 eingeredet, daß jeder leicht hingeworsene Dialog von so
349 2219 1342 2269 und so vielen Seiten Umfang ein dramatischer Alt,
341 2260 1342 2317 jede dreiste Bemerkung ein wirksamer Aktschluß sei, und
343 2302 1338 2360 jetzt schafft Herr Hirschfeld unentwegt nach diesem Rezepte.
349 2344 1345 2404 Der junge Moderne, von dem man vor vier Jahren noch
353 2407 1356 2463 nicht wußte, zu welcher Schule er gehörte, da er damals
344 2431 1344 2495 gerade von der Schule abgegangen war, hat seine nähere
348 2476 1351 2532 Umgebung scharf beobachtet und diese allerdings wenig
353 2518 1356 2579 schmeichelhaften Beobachtungen in den „Müttern“, besonders
347 2563 1358 2622 aber in dem peinlich lebenswahren Einakter „Zu Hause“ gut
350 2602 1352 2668 wiederzugeben verstanden. Sobald er sich indes über den
351 2652 1347 2708 allerengsten Kreis hinauswagt, versagt er vollkommen.
353 2697 1353 2752 Seine „Pauline“ sollte, wie wir vorher in den Zeitungs¬
344 2746 1346 2816 blättern lasen, die erste echte Berliner Komödie darstellen;
353 2795 1358 2860 nachher ergab sich, daß auf alle vier Akte ein einziger Witz
341 2828 1351 2885 kam, und den hatte leider bereits der Theaterzettel vor¬
356 2861 1356 2925 weggenommen: er erzählt uns von vier „Liebhabern der
358 2912 1353 2971 Pauline". Es verlohnt sich nicht der Mühe, auf die
351 2958 1354 3008 Hudelei näher einzugehen. Die beispiellose Unsauberkeit der
353 2998 1353 3067 Hirschfeldschen Technik — man verzeihe dies Wort, das
356 3041 1352 3100 hier zur Ironie wird — erhellt unter anderm daraus,
361 3080 1356 3143 daß seine Heldin des versöhnlichen Schlusses halber im
370 3134 1318 3192 setzten Akte jählings ein sentimentales Geschöpf wird, neth
677 3175 1046 3239 hindurch den derben,
1225 3217 1332 3275 isüiite.
762 3222 934 3279 rüchlosen
1102 3259 1354 3319 die die Scene
956 3304 1363 3366 ndtung nur vier oder
547 3314 718 3367 sind für
564 3356 1352 3410 alle andern tauchen ebenso unvermittelt auf,
371 3352 569 3416 Mhif üölig:
418 3395 1356 3458 ## sie unvermittelt für immer wieder verschwinden. In
365 3435 1358 3491 jedem Akte werden neue Fäden angesponnen und so um¬
357 3491 1362 3538 ständlich schwerfällig entwickelt, daß man sie von höchster
359 3534 1357 3583 Bedeutung für die Struktur des Werkes glaubt; gleich
355 3567 1367 3632 darauf läßt der Verfasser sie achtlos fallen. Nichtsdesto¬
370 3617 1358 3670 weniger fand das Monstrum bei der Erstaufführung im
367 3657 1358 3712 Deutschen Theater den an dieser Stätte üblichen jauchzenden
366 3698 1354 3760 und einhelligen Beifall. Freilich scheint die Begeisterungs¬
356 3739 1358 3794 und Opferfähigkeit der Anhänger Hirschfelds nicht so weit
353 3792 1358 3845 gegangen zu sein, daß sie sich sein Stück wenigstens noch
367 3832 1370 3893 einmal ausahen; schon bei der ersten Wiederholung war
371 3877 756 3946 es einsam im Häuse.
434 3887 1366 3972 Max Dreyer hat rasch Verzicht geleistet auf den Ruhm,
369 3960 1367 4025 zu den Jüngsten und Allernensten zu gehören, die sich
368 4001 1358 4063 grenzenlos erdreusten. Mit Fleiß und Ausdauer eine ge¬
357 4044 1363 4123 achtete und beliebte Engrosfirma für fröhliche Theaterstücke
1378 46 1837 131 a n
1333 128 2328 174 Sein neues Schauspiel „Hans“ zeigt wieder echt Dreyersche
2349 152 3344 215 Häusung von Widerwärtigkeiten! Auf einen helleren,
1336 154 2334 209 Prägung. Auf einer stillen Nordsee=Insel liegt Haus, das
2339 194 3327 258 reineren Ton gestimmt, geistreicher in Entwurf und Aus¬
1332 212 2332 262 männlich tüchtige und gediegene Professorentöchterlein, mit
2334 226 3346 294 führung, steht der „Grüne Kaladn“ hoch über diesen Arm¬
1329 248 2339 305 dem verehrten Herrn Papa biologischen Forschungen ob.
2338 277 3345 339 seligkeiten. Freilich kommt, wer den Dichter hören will,
1334 295 2336 345 Es geht schweigsam und streng her in dem einsamen Ge¬
2343 323 3341 379 auch hier nicht auf seine Rechnung; solchen Ansprüchen
1331 330 2327 393 lehrtenhause, auch die paur Freunde und Familiengenossen
2343 370 3344 419 vermag Schnitzler überhaupt kaum zu genügen. Dafür
1337 376 2327 437 ändern nichts daran. Da bringt Anna Berndt, Hansens
2335 414 3342 477 ergötzt ein hübsch ersonnenes, mit nicht alltäglichem Wage¬
1335 419 2332 477 Jugendfreundin, neue, ungewohnte Klänge in das pedautisch
2342 445 3350 511 mut hingestrichenes, farbenbuntes Gemälde, und durch die
1331 470 2333 526 gediegene Arbeitsleben dieser Menschen. Der unwidersteh¬
2338 492 3341 553 merkwürdigen Beziehungen, die das Märchenspiel zur Wirk¬
1331 504 2335 560 liche Zauber weicher Weiblichkeit, den sie erwärmend aus¬
2343 542 3338 599 lichkeit unterhält, durch seinen reizvoll pikanten Doppelsinn
1332 549 2329 608 strahlt, berückt die Herzen der Herren, vom Großvater
2344 596 3347 641 packt es just den nachdenklichen Zuschauer. In einer jener
1332 600 2334 653 angefangen, der ihr seine schönsten, geizig gehüteten Georginen
2337 629 3340 685 fin de siécle-Kneipen, die Montmartre von heute zu
1330 641 2340 696 spendet, bis hinauf zum Professor selbst. Feindselig setzt
2345 672 3340 724 Dutzenden beherbergt, die aber das Paris der großen Re¬
1334 683 2331 732 Hans sich zur Wehr gegen den schönen Eindringling, der
2332 726 3349 774 volution zuversichtlich nicht gekannt hat, amüsiert sich ver¬
1342 717 2335 776 den vergötterten Vater völlig umstrickt. Es gelingt ihr,
2330 756 3352 813 lotterter Adel über die blutrünstigen Clowurenommistereien
1336 770 2331 827 hinter das Geheimnis Annas zu kommen, dasselbe Ge¬
2346 792 3351 869 einer genialischen Schauspielerbande. Die Komödianten
1331 808 2339 869 heimnis, dem sie ihren vornehmsten Reiz, die süße, fromme,
2334 852 3361 899 rühmen sich furchtbarer Verbrechen, die sie begangen haben
1337 853 2335 919 frauliche Melancholie ihres Wesens verdankt. Anna trauert
2335 887 3350 944 wollen, und stellen die angeblichen Schreckensthaten bis
1342 915 2342 954 nämlich um ihr verstorbenes Kind. Den verräterischen
2344 942 3363 1004 aufs t genau dar. Ihr Häuptling, der Gatte der schönen
1347 940 2340 1002 Vater hat die Betrogee längst aus dem Herzen gerissen,
2342 977 3357 1032 Léocadie, schildert mit entsetzlicher Anschaulichkeit, wie er
1348 985 2328 1042 aber das süße Klein kann sie nicht vergessen. Daß
2342 1026 3345 1078 in der Raserei der Leidenschaft einen jungen Herzog nieder¬
1342 1016 2343 1094 nach dieser Enthüllung an eine Verbindung des Professors
2340 1055 3350 1121 stieß, der ihm sein Weib verführt hat. Jubelnder Applaus
1336 1070 2339 1139 mit Anna nicht mehr gedacht werden darf, macht Hans der
2348 1109 3348 1161 lohnt die wilde Aufschneiderei — da erfährt Heuri, daß
1340 1114 2338 1169 Dulderin unumwunden klar. Fräulein Anna sieht es auch
2340 1143 3356 1210 Léocadie ihn wirklich mit dem gezierten Bengel hinterging,
1341 1152 2346 1216 seufzend ein. Sie erklärt, nicht zwischen Vater und Tochter
2338 1195 3356 1258 und als der ahnungslose Herzog nun vergnügt die Kneipe
1340 1203 2336 1259 treten zu wollen, spricht von Opfern und ähnlichen tragi¬
2341 1234 3347 1288 betritt, fällt er dem Rächerstahl des Eifersüchtigen. Mit
1345 1244 2338 1309 schen Sachen und macht sich reisefertig. Da will es das
2354 1297 3359 1339 einem Schlage ist grause Wahrheit aus dem tollen Spiel
1338 1292 2339 1366 gütige Geschick (Herrn Dreyers Bühnengeschick), daß un¬
2345 1327 3346 1374 geworden. Hingerissen von der neuen, unerhörten Sen¬
1343 1350 2335 1396 erwartet die Liebe auch an dem harten Haus ihre be¬
2348 1371 3348 1435 sation, die Heuri ihnet geboten hat, heulen die vornehmen
1337 1375 2337 1442 zwingende Macht erprobt. Und weil eine Glückliche gern
2352 1414 3347 1477 Gäste vor Vergnügen auf, und gleichzeitig braust von der
1346 1420 2339 1477 andre Glückliche macht, so verzeiht sie der Märtyrerin
2355 1457 3355 1519 Straße her das Triumphgeschrei des Pöbels in die Halle, der
1346 1467 2331 1522 Anna. Zwei Verlobungen krönen das Werk; Ende gut,
2345 1498 3360 1560 eben die Bastille gestürmt hat. So endet mit rasch auf¬
1335 1510 2340 1568 alles gut. Was wie ein ernstes Schauspiel begann, schließt
2354 1551 3347 1603 einanderfolgenden, wuchtig gesteigerten Effekten das selt¬
1340 1550 2346 1612 als flottes Lustspiel, und wenn die beiden Stücke auch
2358 1579 3356 1650 same Virtnosenstück, das so wenig naiv wie möglich, so
1349 1596 2347 1657 schlecht zu einander passen, so passen sie doch einzeln dem
2359 1625 3352 1695 ganz und gar ein Erzeugnis raffinierter Verstandesthätigkeit
1347 1635 2349 1701 Publikum um so besser. Den seineren Reiz der Arbeit
2357 1676 3209 1743 ist und dennoch unmittelbar auf die Nerven fällt.
1344 1698 2354 1736 macht, wie bei andern Schöpfungen Dreyers, das prächtig
2420 1709 3346 1765 Wenn sich schon die Gaben der privilegierten Theater¬
1345 1725 2343 1786 gelungene Lokalkolorit aus. Ebbe und Flut der Nordsee
2355 1768 3352 1826 männer im verflossenen Vierteljahr zumeist als Spreu er¬
1346 1764 2339 1821 hauchen ihren salzigen Odem in die Scene, und die treue
2352 1807 3355 1864 wiesen, wie durfte man dann Weizen von den Outsidern
1355 1809 2353 1874 Schilderung des Gelehrtenheims macht alle Mängel oder
2356 1850 3361 1904 erwarten? Der Kehraus hat sie und ihre Darbietungen
1344 1863 2344 1925 doch den mangelnden Reichtum der Charakteristik vergessen.
2345 1876 3359 1947 dereits wieder beiseite gesegt, und wir trauern einer langen
1417 1907 2341 1954 Wenn Dreyer sich seit seinen Erstlingsdramen immer
2357 1934 3349 1988 Reihe verlorener Abende nach. Die Wienerin A. Baum¬
1359 1943 2343 2001 weiter von den Grundsätzen des „konsequenten Naturalis¬
2345 1976 3360 2049 berg versuchte in ihrer „Liebesheirat“ ein Kompromiß zwischen
1358 1986 2351 2043 mus“ entfernt hat und ihm nur noch die notdürftigsten
2340 2025 3367 2090 Ibsen und dem Fräulein Marlitt zu schließen: selten ist
1346 2040 2348 2083 * Verbeugungen macht, so klammert sich der noch nicht zur
2356 2061 3368 2114 die niederdrückende Jämmerlichkeit eines auf nichts gestellten
1345 2074 2333 2128 Anerkennung gelangte Nichwuchs um so fester daran. Be¬
2352 2105 3354 2162 Ehelebens so unbarmherzig naturgetren in den Details ge¬
1349 2114 2345 2176 sonders in Wien ist des der Fall, der Stadt, die erst spät
2350 2145 3360 2207 schildert und seiten die strahlende Seelenschönheit einer
1352 2163 2350 2227 zu realistischer Kunstberhätigung erwachte und wo er des¬
2350 2192 3355 2254 gemarterten Frau so grell mit der leichtfertigen Büberei
1360 2209 2343 2258 halb zurzeit noch als letzte Mode gilt. Ein Wiener
2362 2235 3364 2292 ihres Mannes kontrastiert worden. Ein bübischer Schurke
1355 2247 2350 2315 Namensvetter des Berliner Hirschfeld, Leo heißt der Hoff¬
2350 2277 3360 2339 und ein unendlich guter Kerl ringen auch in Hans von Wentzels
1354 2296 2346 2363 nungsvolle, hat unter dem Titel „Lumpen“ eine Para¬
2351 2330 3366 2390 „Rosa Riedel“ um die Hand besagter Rosa. Sie neigte
1353 2336 2341 2400 ohrase von Wolzogens zu Unrecht vernachlässigtem „Lumpen¬
2356 2380 3358 2422 sich erst dem Schurken zu, und zwar in solchem Maße,
1359 2371 2344 2446 gesindel“ in die Welt flattern lassen. In der Komödie
2352 2410 3360 2478 daß thatsächlich ein sehr guter Kerl dazu gehörte, sie später
1352 2422 2343 2484 giebt es eine unausstehlich langweilige Figur: das ist ver¬
2360 2464 3365 2515 aus der Hand des Erbärmlichen entgegenzunehmen, der es
1355 2442 2357 2529 drießlicherweise der Held. Wir lernen in ihm zum Xeten
2362 2516 3367 2567 nur auf ihre stattliche Mitgift abgesehen hatte. Wenn der
1359 2518 2352 2570 Male den bewußten jungen Dichter kennen, der einen durch¬
2353 2544 3371 2604 glückliche Franz jedoch beide Augen zudrückt, warum sollen
1363 2557 2356 2614 schlagenden Erfolg dadurch erringt, daß er seine Ideale
2359 2593 3369 2643 wir's dann nicht auch? Spuren von Talent zeigt diese
1355 2611 2350 2655 verrät, sein Werk den Philistern zuliebe verstümmelt. So¬
2353 2630 3361 2688 Arbeit so gut wie Ernst Prunges düsterer „Kain“, das
1357 2635 2360 2693 bald ihm das Geld im Kasten klingt, bricht er mit der
2360 2670 3366 2733 aufregende Drama vom Brudermörder, der sich mit Abels
1356 2678 2351 2747 fidelen Vergangenheit, mit den Kameraden, die Entbehrung
2357 2721 3362 2785 Dichterruhm schmücken will. Die schaurige That geschah
1357 2728 2350 2779 und Leid mit ihm geteilt, mit der kleinen Schauspielerin.
2366 2761 3368 2822 umsonst, Kain bricht unter Gewissensbissen zusammen.
1357 2770 2360 2836 deren klugem Rat er sein Glück verdankt, und festigt die
2358 2808 3364 2859 Einem Teil des Publikums waren die Schlußscenen zu
1356 2810 2352 2867 neuerworbene Stellung durch eine gute Partie. Leo Hirschfeld
2359 2851 3360 2916 grauenvoll; man schrie und zischte wütend in sie hinein.
1357 2860 2353 2919 hat Witz, und der erste Akt, der im bekannten Café Griensteidl
2368 2892 3364 2943 Am Berliner Theater, dem das unverschuldete und un¬
1358 2915 2351 2958 der Wiener Stadt spielt, im dunstigen Hauptquartier der
2367 2931 3367 3007 verdiente Unglück mit „Kain“ begegnete, kam es auch sonst
1370 2941 2351 3001 Bohôme, verrät eine nicht gewöhnliche Fixigkeit der Mache.
2359 2973 3369 3040 zu allerhand bald linden, bald heftigen Durchsällen. Da
1368 2990 2351 3046 Indessen ordnet der Autor seinen Dinl#chlagern ohne Be¬
2367 3019 3368 3081 zeigte man uns ein Schauspiel „Vicky“ von Fuchs=Talab,
1361 3033 2359 3093 denken die gesamte Scenenführung un### seine Spaßchen
2362 3066 3367 3123 das erbaulich die Macht der Mutterliebe über sündige Ge¬
1360 3082 2358 3134 zünden am Ende nicht mehr, da er #ie zu deutlich erkenn¬
2366 3110 3371 3160 lüste demonstriert und eine durchgegangene Frau an das
1360 3121 2361 3181 har und umständlich vorbereitet, und das Undramatische
2373 3159 3363 3211 Krankenbett ihres Kindes, in die Arme des mild verzeihen¬
1359 3164 2360 3216 des Stoffes führt die Ernüchterung schon vor statt nach
2368 3199 3370 3253 den Gatten zurückführt — o, diese nachsichtigen Kulissen¬
1364 3205 2042 3284 dem ietzten Fallen der Cardine herbei.
2371 3245 3362 3309 gatten von heute! Ferner lernten unsre Damen aus dem
1434 3229 2353 3306 Der Entdecker der Wiener Schule, ihr Aesthetiker und
2367 3289 3374 3348 „Recht auf sich selbst“ des jugendlichen Fürsten Wrede,
1358 3297 2351 3349 Protektor, Hermann Bahr, scheiterte mit seinem Schanspiel
2372 3331 3369 3386 daß es nicht gut ist, wenn eine Frau ihrem Manne er¬
1369 3343 2352 3407 „Josefine", das Sardon parodieren oder übertrumpfen sollte,
2367 3379 3376 3446 littene Vorstrafen verheimlicht. Im vorliegenden Falle
1366 3380 2362 3439 an der Berliner Zensur. Glücklicher war sein Landsmann
2375 3420 3370 3483 ging die Sache ja leidlich aus, denn erstens hatte Madame
1359 3434 2354 3501 Arthur Schnitzler, dessen „Grüner Kakadn“ nach einigem
2371 3462 3363 3518 unschuldig im Kerker gesessen, und zweitens faßte den Ge¬
1370 3463 2360 3533 Hill und Her passieren durfte. Von den drei Einaktern
2374 3511 3376 3568 mahl am Ende gewaltige Rene — wie aber, wenn er die
1374 3513 2370 3571 Schnitzlers, die das Deutsche Theater als Kehranspremiere
2371 3553 3361 3606 selbstmordlustige Geliebte bereits als Leiche vorgesunden
1357 3557 2360 3612 gab, ist nür diese „Groteske“ beuchtenswert. Ein Vers¬
2370 3587 3373 3651 hätte? Neben den Tragödien ließ die fleißige Bühne in
1367 3593 2362 3664 spiel „Paracelsus“ tändelt mit Hypnose und Ehebruch und
2378 3631 3373 3684 der Charlottenstraße es an munteren Possen nicht sehlen,
1373 3649 2366 3704 giebt sich den Anschein des Tiefsinnigen. Doch der Schein
2369 3679 3367 3738 leider verunglückten alle drei, von denen heute zu berichten
1362 3686 2360 3755 trügt. Verfehlter noch ist die offenbar ernst gemeinte
2378 3716 3376 3784 ist: Brociners und Engels „Neue Richtung“, sowie Fedor
1370 3733 2365 3787 Studie „Die Gefährtin“. Kurz nach dem Tode seiner
2377 3763 3372 3828 von Zobeltitz' „Tam=Tam“ und Hennequin=Valabrégues
1374 3772 2359 3838 Gattin erfährt ein wackerer Ehemann, was er schon längst
2372 3807 3377 3863 „Platz den Frauen!“ Die beiden erstgenannten Schwänke
1367 3815 2363 3884 ahnte und was bei Schnitzler selbstverständlich ist: daß die
2382 3852 3375 3905 beschäftigen sich mit den unterschiedlichen Schwächen der
1367 3864 2374 3921 Dame ihn aufs ausdauerndste betrogen hat. Er tröstet
2378 3909 3366 3958 Moderne in Kunst, Wissenschaft und Litteratur, während
1369 3897 2365 3951 sich damit, daß der Hausfreund und die Hausfrau einander
2369 3944 3372 3999 die Franzosen die Emanzipationsbestrebungen der Frauen
1379 3950 2370 4008 wenigstens in slammender Liebe zugethau waren, muß aber
2369 3983 3370 4047 sozusagen geißeln. Schade um die vortreffliche Gesinnung
1373 3994 2371 4049 schließlich auch diesen Irrtum schaudernd erkennen. Des
1373 4029 3365 4101 Hausfreundes wirkliche Neigung galt längst einer andern, der der Antoren! Nach ihren Witzen zu urteilen, thun sie
