<?xml version="1.0" encoding="UTF-8" standalone="yes"?>
<PcGts xmlns="http://schema.primaresearch.org/PAGE/gts/pagecontent/2013-07-15" xmlns:xsi="http://www.w3.org/2001/XMLSchema-instance" xsi:schemaLocation="http://schema.primaresearch.org/PAGE/gts/pagecontent/2013-07-15 http://schema.primaresearch.org/PAGE/gts/pagecontent/2013-07-15/pagecontent.xsd">
    <Metadata>
        <Creator>prov=University of Rostock/Institute of Mathematics/CITlab/Gundram Leifert/gundram.leifert@uni-rostock.de:name=ONB_Newseye_GT_M1+(htr_id=10810)::::v=2.4.2
prov=University of Rostock/Institute of Mathematics/CITlab/Tobias Gruening/tobias.gruening@uni-rostock.de:name=de.uros.citlab.module.baseline2polygon.B2PSeamMultiOriented:v=2.4.2
prov=University of Rostock/Institute of Mathematics/CITlab/Tobias Gruening/tobias.gruening@uni-rostock.de:name=/mnt/transkribus/LA/DEA/URO/LA_news_onb_att.pb:de.uros.citlab.segmentation.CITlab_LA_ML:v=2.4.2
Transkribus</Creator>
        <Created>2019-10-07T11:43:43.907+02:00</Created>
        <LastChange>2019-10-08T22:52:51.805+02:00</LastChange>
        <TranskribusMetadata docId="223987" pageId="9504327" pageNr="602" tsid="16613253" status="IN_PROGRESS" userId="40391" imgUrl="https://files.transkribus.eu/Get?id=RDDGUVOEQPOSJLDDHOGDKWHA&amp;fileType=view" xmlUrl="https://files.transkribus.eu/Get?id=OMSUFDMCHWFTTQQEADRSMZGU" imageId="6194541"/>
    </Metadata>
    <Page imageFilename="223987_0602.jpeg" imageWidth="3436" imageHeight="4256">
        <ReadingOrder>
            <OrderedGroup id="ro_1711447553965" caption="Regions reading order">
                <RegionRefIndexed index="0" regionRef="r1"/>
            </OrderedGroup>
        </ReadingOrder>
        <TextRegion orientation="0.0" id="r1" custom="readingOrder {index:0;}">
            <Coords points="193,257 193,3748 3279,3748 3279,257"/>
            <TextLine id="r1l1" custom="readingOrder {index:0;}">
                <Coords points="2041,288 2142,300 2279,277 2307,297 2335,285 2398,303 2424,285 2505,284 2504,230 2480,238 2448,220 2260,237 2232,219 2155,241 2101,219 2069,239 2040,235"/>
                <Baseline points="2051,285 2077,283 2103,283 2129,282 2155,282 2181,282 2207,282 2233,283 2259,283 2286,284 2312,284 2338,284 2364,284 2390,284 2416,283 2442,282 2468,280 2495,277"/>
                <TextEquiv>
                    <Unicode>box 15//6</Unicode>
                </TextEquiv>
            </TextLine>
            <TextLine id="r1l2" custom="readingOrder {index:1;}">
                <Coords points="263,310 1895,315 1895,232 1579,228 1500,286 1236,224 263,250"/>
                <Baseline points="272,282 352,288 433,294 513,298 594,301 675,304 755,305 836,306 917,306 997,306 1078,306 1159,305 1239,304 1320,303 1401,302 1481,301 1562,301 1643,301 1723,301 1804,303 1885,305"/>
                <TextEquiv>
                    <Unicode>9.4. Der prnehe kakadn zvkIns</Unicode>
                </TextEquiv>
            </TextLine>
            <TextLine id="r1l3" custom="readingOrder {index:2;}">
                <Coords points="1218,660 1329,636 1787,674 1830,642 2253,640 2253,599 2197,585 1333,612 1219,573"/>
                <Baseline points="1228,635 1278,637 1329,639 1380,639 1431,641 1482,642 1532,642 1583,642 1634,643 1685,643 1736,642 1786,642 1837,642 1888,642 1939,642 1990,641 2040,641 2091,642 2142,642 2193,642 2244,643"/>
                <TextEquiv>
                    <Unicode>um als Dramaturg und Regisseur demselben! ##</Unicode>
                </TextEquiv>
            </TextLine>
            <TextLine id="r1l4" custom="readingOrder {index:3;}">
                <Coords points="2273,649 3266,645 3266,599 3197,589 3147,615 2838,576 2273,580"/>
                <Baseline points="2283,646 2331,645 2380,644 2428,643 2477,643 2526,643 2574,643 2623,643 2672,643 2720,644 2769,644 2818,645 2866,645 2915,645 2964,645 3012,645 3061,645 3110,645 3158,644 3207,643 3256,642"/>
                <TextEquiv>
                    <Unicode>nur ein Spiel mit ihr trieb, wirft er ihn, den</Unicode>
                </TextEquiv>
            </TextLine>
            <TextLine id="r1l5" custom="readingOrder {index:4;}">
                <Coords points="343,689 589,694 655,674 706,701 764,679 954,695 1053,671 1053,641 946,615 873,633 716,606 589,638 537,609 512,631 343,604"/>
                <Baseline points="353,673 387,673 421,673 456,673 490,674 525,674 559,675 594,675 628,676 663,677 697,677 731,677 766,678 800,678 835,677 869,677 904,677 938,676 973,675 1007,673 1042,671"/>
                <TextEquiv>
                    <Unicode>VBerliner Plaudereien</Unicode>
                </TextEquiv>
            </TextLine>
            <TextLine id="r1l6" custom="readingOrder {index:5;}">
                <Coords points="1226,696 2233,702 2252,651 1227,645"/>
                <Baseline points="1236,678 1286,680 1336,682 1386,683 1437,684 1487,685 1537,686 1587,687 1638,687 1688,688 1738,688 1788,688 1839,688 1889,688 1939,688 1989,688 2040,687 2090,687 2140,687 2190,686 2241,686"/>
                <TextEquiv>
                    <Unicode>Kräfte zu widmen. Sein Zoschiedsabend br####ie</Unicode>
                </TextEquiv>
            </TextLine>
            <TextLine id="r1l7" custom="readingOrder {index:6;}">
                <Coords points="2256,699 3247,695 3269,643 2256,665"/>
                <Baseline points="2267,686 2316,686 2366,687 2415,687 2465,687 2515,687 2564,687 2614,688 2663,688 2713,688 2763,689 2812,689 2862,689 2911,689 2961,689 3011,689 3060,689 3110,689 3159,688 3209,687 3259,687"/>
                <TextEquiv>
                    <Unicode>Mann der Todten opfernd, hinaus. Man muß</Unicode>
                </TextEquiv>
            </TextLine>
            <TextLine id="r1l8" custom="readingOrder {index:7;}">
                <Coords points="2258,731 3281,749 3265,685 2258,701"/>
                <Baseline points="2269,731 2319,730 2369,730 2419,730 2469,729 2519,729 2569,729 2619,730 2669,730 2719,730 2769,730 2819,731 2869,731 2919,731 2969,732 3019,732 3069,732 3119,731 3169,731 3219,731 3270,730"/>
                <TextEquiv>
                    <Unicode>zugeben, ein sonderbares Sujet, das auf schwachen</Unicode>
                </TextEquiv>
            </TextLine>
            <TextLine id="r1l9" custom="readingOrder {index:8;}">
                <Coords points="1235,737 2252,741 2252,699 2139,683 1235,695"/>
                <Baseline points="1245,725 1294,727 1344,728 1394,730 1444,731 1494,733 1544,733 1593,734 1643,735 1693,735 1743,736 1793,736 1843,736 1893,735 1942,735 1992,734 2042,733 2092,732 2142,730 2192,728 2242,726"/>
                <TextEquiv>
                    <Unicode>ihm freundlichste Ovationen. Anderen Tags</Unicode>
                </TextEquiv>
            </TextLine>
            <TextLine id="r1l10" custom="readingOrder {index:9;}">
                <Coords points="552,729 604,753 693,744 721,764 786,740 835,742 872,762 897,744 963,759 966,695 918,687 856,715 780,685 705,704 649,686 553,707"/>
                <Baseline points="562,734 588,733 614,733 640,732 666,732 692,732 718,732 744,732 770,734 796,735 822,736 848,738 874,741 900,744 926,747 953,751"/>
                <TextEquiv>
                    <Unicode>von. E. Belz. 2</Unicode>
                </TextEquiv>
            </TextLine>
            <TextLine id="r1l11" custom="readingOrder {index:10;}">
                <Coords points="2140,780 2154,780 2178,788 2186,782 2197,785 2202,779 2213,783 2217,779 2227,781 2233,775 2237,779 2249,779 2248,738 2226,741 2218,737 2190,745 2172,735 2164,742 2139,738"/>
                <Baseline points="2150,771 2179,771 2208,769 2238,771"/>
                <TextEquiv>
                    <Unicode>der</Unicode>
                </TextEquiv>
            </TextLine>
            <TextLine id="r1l12" custom="readingOrder {index:11;}">
                <Coords points="1232,766 1393,787 1660,763 1857,798 2031,759 2097,784 2098,735 1232,740"/>
                <Baseline points="1242,766 1284,767 1326,769 1368,770 1411,771 1453,772 1495,773 1538,773 1580,774 1622,774 1665,775 1707,775 1749,775 1791,775 1834,775 1876,775 1918,774 1961,774 2003,773 2045,772 2088,770"/>
                <TextEquiv>
                    <Unicode>zog der lustige Emil Thomas in</Unicode>
                </TextEquiv>
            </TextLine>
            <TextLine id="r1l13" custom="readingOrder {index:12;}">
                <Coords points="2256,796 2312,799 2332,783 2346,790 2518,787 2530,775 2550,775 2551,747 2523,752 2501,736 2458,743 2442,735 2420,742 2347,735 2333,743 2257,731"/>
                <Baseline points="2266,770 2293,772 2320,772 2348,773 2375,773 2403,773 2430,774 2457,774 2485,774 2512,776 2540,777"/>
                <TextEquiv>
                    <Unicode>Füßen steht.</Unicode>
                </TextEquiv>
            </TextLine>
            <TextLine id="r1l14" custom="readingOrder {index:13;}">
                <Coords points="190,796 1031,779 1106,809 1217,792 1217,722 969,763 190,747"/>
                <Baseline points="201,790 251,791 301,791 351,791 402,791 452,791 502,791 552,790 603,790 653,789 703,789 753,788 804,787 854,787 904,787 954,787 1005,786 1055,787 1105,787 1155,787 1206,788"/>
                <TextEquiv>
                    <Unicode>Sie transit gloria mundi — Aufaela</Unicode>
                </TextEquiv>
            </TextLine>
            <TextLine id="r1l15" custom="readingOrder {index:14;}">
                <Coords points="1236,814 2253,821 2253,779 2046,762 1862,801 1791,772 1692,794 1237,769"/>
                <Baseline points="1246,807 1295,808 1345,809 1395,811 1445,812 1495,813 1545,813 1595,814 1645,815 1695,815 1745,815 1794,815 1844,815 1894,815 1944,815 1994,815 2044,815 2094,815 2144,814 2194,813 2244,813"/>
                <TextEquiv>
                    <Unicode>alten Salingré'schen Posse „Pechschulze“ mit</Unicode>
                </TextEquiv>
            </TextLine>
            <TextLine id="r1l16" custom="readingOrder {index:15;}">
                <Coords points="2305,832 3278,849 3277,762 3185,754 3023,799 2809,792 2741,760 2686,788 2305,798"/>
                <Baseline points="2316,822 2363,825 2411,827 2458,829 2506,830 2553,831 2601,831 2648,831 2696,831 2743,830 2791,829 2839,828 2886,828 2934,827 2981,826 3029,825 3076,825 3124,825 3171,825 3219,825 3267,826"/>
                <TextEquiv>
                    <Unicode>Joigte der „Grüne Kakadu“. So heißt eine</Unicode>
                </TextEquiv>
            </TextLine>
            <TextLine id="r1l17" custom="readingOrder {index:16;}">
                <Coords points="189,839 493,866 1218,843 1181,793 188,798"/>
                <Baseline points="199,839 249,839 299,839 350,839 400,839 451,839 501,839 552,839 602,839 653,839 703,839 753,839 804,839 854,839 905,838 955,838 1006,837 1056,837 1107,836 1157,835 1208,834"/>
                <TextEquiv>
                    <Unicode>Dattini †1. — Georg Droescher. — Abschied von Otto</Unicode>
                </TextEquiv>
            </TextLine>
            <TextLine id="r1l18" custom="readingOrder {index:17;}">
                <Coords points="1233,859 1977,880 2254,856 2105,812 2056,836 1233,822"/>
                <Baseline points="1244,851 1294,852 1344,854 1394,855 1444,856 1494,858 1544,859 1594,860 1644,861 1694,862 1744,862 1794,863 1844,863 1894,863 1944,863 1994,863 2044,863 2094,862 2144,861 2194,860 2244,858"/>
                <TextEquiv>
                    <Unicode>lustigen Witzen ein und erntete reichen Applaus</Unicode>
                </TextEquiv>
            </TextLine>
            <TextLine id="r1l19" custom="readingOrder {index:18;}">
                <Coords points="2269,869 3284,878 3284,816 2794,852 2731,823 2269,831"/>
                <Baseline points="2280,867 2329,868 2379,869 2429,870 2478,870 2528,871 2578,871 2627,871 2677,871 2727,871 2777,871 2826,871 2876,871 2926,870 2975,870 3025,870 3075,870 3124,870 3174,870 3224,870 3274,870"/>
                <TextEquiv>
                    <Unicode>Verbrecherkneipe in Paris, die künstlich zu solcher</Unicode>
                </TextEquiv>
            </TextLine>
            <TextLine id="r1l20" custom="readingOrder {index:19;}">
                <Coords points="188,895 1149,900 1211,892 1211,842 188,853"/>
                <Baseline points="199,882 249,883 299,885 349,886 399,886 449,887 499,887 550,887 600,887 650,887 700,887 750,887 800,886 850,886 901,885 951,884 1001,884 1051,883 1101,882 1151,882 1202,881"/>
                <TextEquiv>
                    <Unicode>Sommerstorff und Teresina Geßzner vom Berliner</Unicode>
                </TextEquiv>
            </TextLine>
            <TextLine id="r1l21" custom="readingOrder {index:20;}">
                <Coords points="1237,894 2240,915 2240,873 2141,862 1237,876"/>
                <Baseline points="1247,898 1296,898 1345,899 1394,899 1443,900 1492,901 1541,902 1591,903 1640,904 1689,905 1738,906 1787,906 1836,907 1885,907 1935,907 1984,907 2033,907 2082,906 2131,905 2180,904 2230,902"/>
                <TextEquiv>
                    <Unicode>an derselben Stätte, wo Napoleon und Blücher</Unicode>
                </TextEquiv>
            </TextLine>
            <TextLine id="r1l22" custom="readingOrder {index:21;}">
                <Coords points="2265,917 3207,924 3284,899 3255,869 2525,895 2265,873"/>
                <Baseline points="2276,912 2325,914 2375,916 2425,918 2475,919 2525,919 2575,920 2625,920 2675,919 2725,919 2775,918 2824,917 2874,916 2924,916 2974,915 3024,914 3074,913 3124,912 3174,912 3224,912 3274,912"/>
                <TextEquiv>
                    <Unicode>formirt ist. Schauspieler markiren Verbrecher</Unicode>
                </TextEquiv>
            </TextLine>
            <TextLine id="r1l23" custom="readingOrder {index:22;}">
                <Coords points="277,948 771,932 807,963 1065,958 1148,911 1061,889 617,906 575,886 494,915 276,895"/>
                <Baseline points="287,935 329,935 372,935 414,935 457,935 499,935 542,935 584,935 627,935 669,935 712,936 754,936 797,936 839,936 882,936 924,935 967,935 1009,934 1052,933 1094,932 1137,930"/>
                <TextEquiv>
                    <Unicode>Theater. — Schnitzlers Premiérenabend.</Unicode>
                </TextEquiv>
            </TextLine>
            <TextLine id="r1l24" custom="readingOrder {index:23;}">
                <Coords points="1244,943 2249,963 2249,930 2151,909 1245,901"/>
                <Baseline points="1254,941 1303,941 1352,941 1401,942 1451,942 1500,943 1549,944 1599,944 1648,945 1697,946 1747,947 1796,948 1845,948 1894,949 1944,949 1993,949 2042,949 2092,949 2141,948 2190,947 2240,946"/>
                <TextEquiv>
                    <Unicode>ihre schwungvollen, jündenden Reden gehalten.</Unicode>
                </TextEquiv>
            </TextLine>
            <TextLine id="r1l25" custom="readingOrder {index:24;}">
                <Coords points="2248,961 3289,965 3289,896 3229,924 2248,919"/>
                <Baseline points="2259,952 2310,953 2361,955 2412,956 2463,957 2514,959 2565,959 2616,960 2667,961 2718,961 2769,961 2820,961 2871,961 2922,961 2973,960 3024,959 3075,958 3126,956 3177,954 3228,952 3279,949"/>
                <TextEquiv>
                    <Unicode>und blasirte Lebemänner freuen sich aus Nerven¬</Unicode>
                </TextEquiv>
            </TextLine>
            <TextLine id="r1l26" custom="readingOrder {index:25;}">
                <Coords points="230,994 1045,1005 1218,986 1218,940 804,964 268,939 229,964"/>
                <Baseline points="239,987 287,986 335,986 384,986 432,986 481,986 529,986 577,986 626,987 674,987 723,987 771,987 819,987 868,987 916,987 965,986 1013,986 1061,984 1110,983 1158,981 1207,979"/>
                <TextEquiv>
                    <Unicode>Vor mehr als zehn Jahren sprach ganz Berlin</Unicode>
                </TextEquiv>
            </TextLine>
            <TextLine id="r1l27" custom="readingOrder {index:26;}">
                <Coords points="1232,982 2241,995 2241,957 2195,952 1232,946"/>
                <Baseline points="1242,981 1291,982 1340,983 1390,984 1439,984 1489,985 1538,986 1587,987 1637,988 1686,988 1736,989 1785,990 1834,990 1884,991 1933,991 1983,991 2032,992 2081,992 2131,991 2180,991 2230,991"/>
                <TextEquiv>
                    <Unicode>Man freute sich, den beliebten „Emil“ so frisch</Unicode>
                </TextEquiv>
            </TextLine>
            <TextLine id="r1l28" custom="readingOrder {index:27;}">
                <Coords points="2258,1008 3113,996 3279,1028 3279,961 2258,970"/>
                <Baseline points="2268,995 2318,997 2368,999 2418,1000 2468,1001 2518,1002 2568,1002 2618,1003 2668,1003 2718,1003 2768,1003 2818,1002 2868,1002 2918,1001 2968,1001 3018,1000 3068,1000 3118,999 3168,999 3218,998 3268,998"/>
                <TextEquiv>
                    <Unicode>nitzel an dem Umgange mit angeblichen Dieben</Unicode>
                </TextEquiv>
            </TextLine>
            <TextLine id="r1l29" custom="readingOrder {index:28;}">
                <Coords points="183,1057 240,1032 1136,1049 1222,1033 1222,1002 357,985 183,1010"/>
                <Baseline points="193,1035 246,1033 300,1031 353,1030 407,1030 461,1030 514,1030 568,1030 622,1030 675,1031 729,1031 782,1032 836,1032 890,1032 943,1031 997,1031 1051,1030 1104,1028 1158,1026 1212,1023"/>
                <TextEquiv>
                    <Unicode>Eentzückt von der kleinen liebreizenden, sanges¬</Unicode>
                </TextEquiv>
            </TextLine>
            <TextLine id="r1l30" custom="readingOrder {index:29;}">
                <Coords points="1233,1043 2246,1029 2169,996 1508,1010 1233,983"/>
                <Baseline points="1244,1024 1293,1025 1343,1026 1392,1027 1442,1028 1492,1030 1541,1031 1591,1032 1640,1033 1690,1034 1740,1035 1789,1035 1839,1036 1888,1036 1938,1037 1988,1037 2037,1036 2087,1036 2136,1035 2186,1034 2236,1033"/>
                <TextEquiv>
                    <Unicode>und fröhlich und immer jung zu sehen. Der</Unicode>
                </TextEquiv>
            </TextLine>
            <TextLine id="r1l31" custom="readingOrder {index:30;}">
                <Coords points="2270,1055 3270,1061 3270,1007 3107,995 2711,1023 2270,1007"/>
                <Baseline points="2279,1042 2328,1042 2377,1042 2426,1042 2475,1043 2524,1043 2573,1043 2622,1044 2671,1044 2720,1045 2770,1045 2819,1045 2868,1045 2917,1045 2966,1045 3015,1045 3064,1044 3113,1043 3162,1042 3211,1040 3261,1039"/>
                <TextEquiv>
                    <Unicode>und Mordgesellen — darunter hinein schlüpfen</Unicode>
                </TextEquiv>
            </TextLine>
            <TextLine id="r1l32" custom="readingOrder {index:31;}">
                <Coords points="192,1096 1221,1084 1221,1031 192,1046"/>
                <Baseline points="203,1078 253,1077 303,1076 354,1075 404,1075 454,1074 505,1074 555,1074 605,1074 656,1074 706,1074 756,1073 807,1073 857,1073 907,1073 958,1072 1008,1071 1058,1071 1109,1069 1159,1068 1210,1066"/>
                <TextEquiv>
                    <Unicode>frohen Rafaela Pattini, die aus dem Süden ge¬</Unicode>
                </TextEquiv>
            </TextLine>
            <TextLine id="r1l33" custom="readingOrder {index:32;}">
                <Coords points="1231,1090 2238,1095 2238,1041 2115,1032 1231,1036"/>
                <Baseline points="1242,1071 1291,1072 1340,1072 1389,1073 1439,1074 1488,1075 1537,1075 1587,1076 1636,1076 1685,1077 1735,1078 1784,1078 1833,1078 1882,1078 1932,1079 1981,1079 2030,1079 2080,1078 2129,1078 2178,1077 2228,1077"/>
                <TextEquiv>
                    <Unicode>Historte stellt sich die Gegenwart, ihr Recht heischend,</Unicode>
                </TextEquiv>
            </TextLine>
            <TextLine id="r1l34" custom="readingOrder {index:33;}">
                <Coords points="2256,1088 3269,1089 3269,1063 3150,1047 2256,1043"/>
                <Baseline points="2267,1086 2316,1086 2366,1086 2415,1086 2465,1086 2515,1086 2564,1086 2614,1087 2663,1087 2713,1088 2763,1088 2812,1088 2862,1089 2911,1089 2961,1088 3011,1088 3060,1087 3110,1086 3159,1085 3209,1083 3259,1081"/>
                <TextEquiv>
                    <Unicode>auch wirkliche Mörder. Das Stück ist in die Revo¬</Unicode>
                </TextEquiv>
            </TextLine>
            <TextLine id="r1l35" custom="readingOrder {index:34;}">
                <Coords points="202,1123 1217,1119 1217,1081 1182,1077 202,1081"/>
                <Baseline points="213,1121 262,1120 312,1119 361,1118 411,1117 461,1116 510,1116 560,1116 610,1115 659,1115 709,1115 759,1115 808,1116 858,1116 908,1116 957,1116 1007,1116 1057,1116 1106,1115 1156,1115 1206,1114"/>
                <TextEquiv>
                    <Unicode>kommen, die Norddeutschen mit ihrem klaren</Unicode>
                </TextEquiv>
            </TextLine>
            <TextLine id="r1l36" custom="readingOrder {index:35;}">
                <Coords points="1230,1119 2239,1140 2239,1088 1231,1064"/>
                <Baseline points="1241,1116 1290,1116 1339,1115 1389,1115 1438,1116 1488,1116 1537,1117 1586,1117 1636,1118 1685,1119 1735,1119 1784,1120 1833,1121 1883,1121 1932,1122 1982,1122 2031,1122 2080,1121 2130,1121 2179,1120 2229,1119"/>
                <TextEquiv>
                    <Unicode>gegenüber — nach dem das Dolk sein Brod ver¬</Unicode>
                </TextEquiv>
            </TextLine>
            <TextLine id="r1l37" custom="readingOrder {index:36;}">
                <Coords points="2266,1146 2792,1144 2881,1116 2941,1148 3230,1140 3278,1122 3278,1071 3206,1096 2266,1092"/>
                <Baseline points="2276,1128 2325,1128 2375,1128 2424,1129 2474,1129 2524,1129 2573,1130 2623,1130 2672,1130 2722,1131 2772,1131 2821,1131 2871,1131 2920,1131 2970,1131 3020,1130 3069,1130 3119,1129 3168,1128 3218,1127 3268,1126"/>
                <TextEquiv>
                    <Unicode>lutionszeit von 1789 verlegt. Aber historisch ist</Unicode>
                </TextEquiv>
            </TextLine>
            <TextLine id="r1l38" custom="readingOrder {index:37;}">
                <Coords points="201,1157 1216,1165 1216,1122 1054,1111 201,1123"/>
                <Baseline points="211,1159 260,1160 310,1160 360,1161 409,1162 459,1162 509,1163 558,1163 608,1163 658,1163 708,1163 757,1163 807,1163 857,1163 906,1162 956,1162 1006,1161 1055,1159 1105,1158 1155,1156 1205,1155"/>
                <TextEquiv>
                    <Unicode>Coloraturgesang zu erfreuen und mit ihren</Unicode>
                </TextEquiv>
            </TextLine>
            <TextLine id="r1l39" custom="readingOrder {index:38;}">
                <Coords points="1232,1169 1745,1154 2199,1188 2239,1180 2240,1126 1233,1131"/>
                <Baseline points="1242,1157 1291,1158 1340,1159 1390,1160 1439,1160 1489,1161 1538,1162 1587,1162 1637,1163 1686,1163 1736,1164 1785,1164 1834,1165 1884,1165 1933,1165 1983,1165 2032,1165 2081,1165 2131,1164 2180,1164 2230,1163"/>
                <TextEquiv>
                    <Unicode>dient hat, will es seine Spiele — aber in den</Unicode>
                </TextEquiv>
            </TextLine>
            <TextLine id="r1l40" custom="readingOrder {index:39;}">
                <Coords points="2260,1181 3207,1181 3206,1129 2260,1143"/>
                <Baseline points="2271,1176 2317,1175 2363,1175 2409,1175 2456,1175 2502,1175 2548,1175 2595,1175 2641,1175 2687,1175 2734,1175 2780,1175 2826,1175 2872,1174 2919,1174 2965,1174 3011,1173 3058,1173 3104,1172 3150,1171 3197,1170"/>
                <TextEquiv>
                    <Unicode>Schnitzler dabei nicht zu Werke gegangen. I</Unicode>
                </TextEquiv>
            </TextLine>
            <TextLine id="r1l41" custom="readingOrder {index:40;}">
                <Coords points="1234,1208 1760,1221 1821,1216 1822,1178 1235,1170"/>
                <Baseline points="1244,1202 1272,1200 1300,1199 1329,1199 1357,1198 1386,1198 1414,1198 1442,1199 1471,1200 1499,1200 1528,1201 1556,1202 1584,1203 1613,1204 1641,1205 1670,1206 1698,1206 1726,1207 1755,1207 1783,1206 1812,1206"/>
                <TextEquiv>
                    <Unicode>seitensten Fällen sehr ernst.</Unicode>
                </TextEquiv>
            </TextLine>
            <TextLine id="r1l42" custom="readingOrder {index:41;}">
                <Coords points="190,1213 1221,1204 1221,1170 1172,1160 190,1163"/>
                <Baseline points="199,1203 249,1204 300,1204 350,1205 401,1205 452,1205 502,1205 553,1205 603,1205 654,1205 705,1205 755,1204 806,1204 856,1203 907,1202 958,1202 1008,1201 1059,1200 1109,1199 1160,1197 1211,1196"/>
                <TextEquiv>
                    <Unicode>schönen großen Augen zu bezaubern. Sie war</Unicode>
                </TextEquiv>
            </TextLine>
            <TextLine id="r1l43" custom="readingOrder {index:42;}">
                <Coords points="2255,1227 3264,1219 3263,1180 3177,1175 2255,1179"/>
                <Baseline points="2265,1221 2314,1220 2363,1219 2413,1219 2462,1218 2512,1218 2561,1217 2610,1217 2660,1217 2709,1216 2759,1216 2808,1216 2857,1216 2907,1216 2956,1216 3006,1216 3055,1216 3104,1216 3154,1216 3203,1216 3253,1215"/>
                <TextEquiv>
                    <Unicode>Menschen, welche sich da bewegen und sprechen,</Unicode>
                </TextEquiv>
            </TextLine>
            <TextLine id="r1l44" custom="readingOrder {index:43;}">
                <Coords points="197,1249 1008,1266 1226,1232 1225,1202 196,1217"/>
                <Baseline points="207,1248 257,1248 307,1249 358,1250 408,1250 459,1250 509,1250 560,1250 610,1250 661,1250 711,1250 761,1250 812,1249 862,1249 913,1248 963,1247 1014,1246 1064,1244 1115,1243 1165,1241 1216,1240"/>
                <TextEquiv>
                    <Unicode>am Opernhause engagirt. Als sie dasselbe ver¬</Unicode>
                </TextEquiv>
            </TextLine>
            <TextLine id="r1l45" custom="readingOrder {index:44;}">
                <Coords points="1269,1247 2056,1271 2209,1262 2240,1220 1269,1209"/>
                <Baseline points="1280,1241 1327,1243 1375,1245 1422,1246 1470,1247 1517,1249 1565,1250 1612,1251 1660,1252 1707,1253 1755,1254 1802,1254 1850,1255 1897,1255 1945,1255 1992,1254 2040,1254 2087,1253 2135,1252 2182,1250 2230,1248"/>
                <TextEquiv>
                    <Unicode>Wir sind seit Jahren gewohnt, daß unsere be¬</Unicode>
                </TextEquiv>
            </TextLine>
            <TextLine id="r1l46" custom="readingOrder {index:45;}">
                <Coords points="2271,1271 3272,1266 3272,1230 3229,1222 2271,1226"/>
                <Baseline points="2281,1264 2330,1263 2379,1262 2428,1261 2477,1260 2526,1260 2575,1260 2624,1259 2673,1259 2722,1259 2771,1260 2820,1260 2869,1260 2918,1260 2967,1260 3016,1260 3065,1260 3114,1260 3163,1259 3212,1259 3262,1258"/>
                <TextEquiv>
                    <Unicode>sind Wiener von heute, mit den Ansichten von</Unicode>
                </TextEquiv>
            </TextLine>
            <TextLine id="r1l47" custom="readingOrder {index:46;}">
                <Coords points="199,1304 1111,1305 1220,1296 1220,1244 199,1253"/>
                <Baseline points="209,1293 259,1293 309,1294 359,1294 409,1293 459,1293 509,1293 559,1293 609,1292 659,1292 710,1292 760,1291 810,1291 860,1290 910,1289 960,1289 1010,1288 1060,1287 1110,1286 1160,1285 1211,1285"/>
                <TextEquiv>
                    <Unicode>ließ, kam sie den Leuten aus dem Sinn — sie hatte</Unicode>
                </TextEquiv>
            </TextLine>
            <TextLine id="r1l48" custom="readingOrder {index:47;}">
                <Coords points="1235,1298 2246,1308 2247,1262 1236,1246"/>
                <Baseline points="1246,1287 1295,1287 1345,1288 1394,1289 1444,1290 1493,1291 1543,1292 1592,1293 1642,1294 1691,1295 1741,1297 1790,1297 1840,1298 1889,1299 1939,1299 1988,1299 2038,1299 2087,1298 2137,1297 2186,1296 2236,1294"/>
                <TextEquiv>
                    <Unicode>liebten Künstler in Berlin von einem Theater</Unicode>
                </TextEquiv>
            </TextLine>
            <TextLine id="r1l49" custom="readingOrder {index:48;}">
                <Coords points="2266,1310 3224,1316 3280,1292 3280,1258 2266,1273"/>
                <Baseline points="2275,1306 2324,1305 2374,1304 2424,1304 2474,1303 2523,1303 2573,1303 2623,1303 2673,1303 2722,1303 2772,1303 2822,1303 2872,1303 2921,1303 2971,1303 3021,1303 3071,1303 3120,1303 3170,1303 3220,1303 3270,1302"/>
                <TextEquiv>
                    <Unicode>heute, bloß in vorhundertjähriger Kleidung auf¬</Unicode>
                </TextEquiv>
            </TextLine>
            <TextLine id="r1l50" custom="readingOrder {index:49;}">
                <Coords points="203,1345 1177,1344 1215,1337 1215,1293 203,1304"/>
                <Baseline points="213,1334 262,1335 312,1336 361,1336 411,1337 461,1337 510,1338 560,1338 609,1338 659,1338 709,1338 758,1337 808,1337 857,1336 907,1336 957,1335 1006,1334 1056,1333 1105,1332 1155,1330 1205,1328"/>
                <TextEquiv>
                    <Unicode>dann in Rom geheirathet und damit schien ihre</Unicode>
                </TextEquiv>
            </TextLine>
            <TextLine id="r1l51" custom="readingOrder {index:50;}">
                <Coords points="1242,1345 2134,1356 2241,1343 2242,1307 1243,1299"/>
                <Baseline points="1253,1334 1301,1333 1350,1333 1399,1333 1448,1333 1497,1334 1546,1335 1595,1336 1644,1338 1693,1339 1742,1340 1790,1341 1839,1342 1888,1343 1937,1344 1986,1344 2035,1344 2084,1343 2133,1342 2182,1340 2231,1337"/>
                <TextEquiv>
                    <Unicode>zum anderen wandern. Otto Sommerstorff und</Unicode>
                </TextEquiv>
            </TextLine>
            <TextLine id="r1l52" custom="readingOrder {index:51;}">
                <Coords points="2910,1346 2944,1344 2960,1358 3134,1347 3239,1359 3281,1336 3281,1292 3227,1314 3160,1302 3128,1315 2964,1301 2910,1325"/>
                <Baseline points="2919,1347 2944,1346 2969,1346 2994,1346 3019,1346 3044,1346 3069,1346 3095,1347 3120,1347 3145,1347 3170,1347 3195,1347 3220,1346 3245,1344 3271,1342"/>
                <TextEquiv>
                    <Unicode>Nichthistorikers</Unicode>
                </TextEquiv>
            </TextLine>
            <TextLine id="r1l53" custom="readingOrder {index:52;}">
                <Coords points="2258,1359 2431,1360 2475,1344 2552,1360 2665,1350 2712,1368 2790,1348 2790,1313 2257,1314"/>
                <Baseline points="2268,1347 2293,1347 2319,1347 2344,1348 2370,1348 2396,1348 2421,1348 2447,1348 2472,1348 2498,1348 2524,1348 2549,1348 2575,1348 2600,1347 2626,1347 2652,1347 2677,1347 2703,1347 2728,1347 2754,1347 2780,1347"/>
                <TextEquiv>
                    <Unicode>tauchende Zeitgenossen</Unicode>
                </TextEquiv>
            </TextLine>
            <TextLine id="r1l54" custom="readingOrder {index:53;}">
                <Coords points="202,1387 1219,1379 1219,1349 1126,1337 202,1344"/>
                <Baseline points="213,1378 262,1379 312,1380 362,1380 412,1381 462,1381 511,1381 561,1381 611,1381 661,1381 711,1381 760,1380 810,1379 860,1379 910,1378 960,1377 1009,1376 1059,1375 1109,1374 1159,1372 1209,1371"/>
                <TextEquiv>
                    <Unicode>Bühnenlaufbahn abgeschlossen. Inzwischen tauchten</Unicode>
                </TextEquiv>
            </TextLine>
            <TextLine id="r1l55" custom="readingOrder {index:54;}">
                <Coords points="1241,1383 2242,1400 2242,1341 1241,1344"/>
                <Baseline points="1252,1375 1301,1376 1350,1377 1399,1377 1448,1378 1497,1379 1546,1379 1595,1380 1644,1381 1693,1382 1742,1382 1791,1383 1840,1383 1889,1383 1938,1383 1987,1383 2036,1383 2085,1383 2134,1382 2183,1381 2232,1380"/>
                <TextEquiv>
                    <Unicode>Teresina Geßner, das Künstlerpaar, schieden vom</Unicode>
                </TextEquiv>
            </TextLine>
            <TextLine id="r1l56" custom="readingOrder {index:55;}">
                <Coords points="2259,1396 3270,1393 3270,1363 3133,1347 2259,1356"/>
                <Baseline points="2270,1392 2319,1391 2368,1391 2418,1391 2467,1391 2517,1390 2566,1390 2616,1390 2665,1390 2715,1389 2764,1389 2813,1389 2863,1389 2912,1389 2962,1389 3011,1389 3061,1389 3110,1389 3160,1389 3209,1389 3259,1389"/>
                <TextEquiv>
                    <Unicode>Schnitzler. Am Ende wird der eine Schauspieler</Unicode>
                </TextEquiv>
            </TextLine>
            <TextLine id="r1l57" custom="readingOrder {index:56;}">
                <Coords points="204,1428 1076,1440 1225,1418 1225,1382 204,1388"/>
                <Baseline points="215,1423 267,1422 320,1421 372,1421 425,1421 477,1421 530,1422 583,1422 635,1423 688,1423 740,1423 793,1424 845,1424 898,1424 951,1424 1003,1423 1056,1422 1108,1421 1161,1419 1214,1417"/>
                <TextEquiv>
                    <Unicode>so viel andere Künstlerinnen auf. Erst jetzt ist</Unicode>
                </TextEquiv>
            </TextLine>
            <TextLine id="r1l58" custom="readingOrder {index:57;}">
                <Coords points="1233,1426 2240,1438 2240,1396 2159,1385 1233,1382"/>
                <Baseline points="1244,1417 1293,1418 1342,1420 1391,1421 1441,1422 1490,1423 1539,1424 1589,1424 1638,1425 1687,1426 1737,1426 1786,1427 1835,1427 1884,1427 1934,1427 1983,1428 2032,1428 2082,1428 2131,1427 2180,1427 2230,1427"/>
                <TextEquiv>
                    <Unicode>Berliner Theater, um wieder in nächster Saison</Unicode>
                </TextEquiv>
            </TextLine>
            <TextLine id="r1l59" custom="readingOrder {index:58;}">
                <Coords points="2253,1455 2332,1431 3252,1441 3272,1396 2253,1403"/>
                <Baseline points="2263,1439 2315,1438 2368,1436 2420,1435 2473,1434 2525,1434 2578,1434 2631,1433 2683,1433 2736,1433 2788,1434 2841,1434 2893,1434 2946,1434 2999,1434 3051,1434 3104,1434 3156,1434 3209,1434 3262,1434"/>
                <TextEquiv>
                    <Unicode>zu einem wirklichen Mörder, und man kann die</Unicode>
                </TextEquiv>
            </TextLine>
            <TextLine id="r1l60" custom="readingOrder {index:59;}">
                <Coords points="204,1476 1130,1462 1130,1434 1059,1426 204,1431"/>
                <Baseline points="215,1464 260,1464 305,1464 350,1465 396,1465 441,1465 486,1466 531,1466 577,1466 622,1466 667,1466 712,1466 758,1466 803,1465 848,1465 893,1464 939,1463 984,1462 1029,1460 1074,1458 1120,1456"/>
                <TextEquiv>
                    <Unicode>Berlin wieder an Rafaele Pattini erinnert —</Unicode>
                </TextEquiv>
            </TextLine>
            <TextLine id="r1l61" custom="readingOrder {index:60;}">
                <Coords points="1238,1459 1702,1490 2249,1476 2231,1432 1238,1427"/>
                <Baseline points="1248,1460 1297,1461 1347,1463 1396,1464 1446,1465 1495,1466 1545,1467 1594,1467 1644,1468 1693,1469 1743,1469 1792,1469 1842,1470 1891,1470 1941,1470 1990,1470 2040,1470 2089,1470 2139,1470 2188,1469 2238,1469"/>
                <TextEquiv>
                    <Unicode>am Deutschen zu wirken, der Geburtsstätte ihres</Unicode>
                </TextEquiv>
            </TextLine>
            <TextLine id="r1l62" custom="readingOrder {index:61;}">
                <Coords points="2265,1484 3237,1488 3275,1429 2265,1447"/>
                <Baseline points="2275,1477 2324,1477 2374,1477 2423,1476 2473,1476 2522,1476 2572,1477 2621,1477 2671,1477 2720,1477 2770,1478 2819,1478 2869,1478 2918,1478 2968,1479 3017,1479 3067,1479 3116,1478 3166,1478 3215,1477 3265,1477"/>
                <TextEquiv>
                    <Unicode>Moral anwenden: Siehst #r wohl, das kommt</Unicode>
                </TextEquiv>
            </TextLine>
            <TextLine id="r1l63" custom="readingOrder {index:62;}">
                <Coords points="203,1509 1168,1518 1218,1510 1218,1470 203,1476"/>
                <Baseline points="213,1508 262,1509 312,1509 362,1509 412,1509 461,1510 511,1510 561,1510 611,1511 660,1511 710,1511 760,1511 810,1511 859,1511 909,1510 959,1510 1009,1509 1058,1508 1108,1507 1158,1505 1208,1503"/>
                <TextEquiv>
                    <Unicode>ist hergekommen, um hier zu sterben, wo sie</Unicode>
                </TextEquiv>
            </TextLine>
            <TextLine id="r1l64" custom="readingOrder {index:63;}">
                <Coords points="1233,1515 2201,1528 2237,1516 2238,1474 1233,1472"/>
                <Baseline points="1242,1505 1291,1506 1340,1507 1389,1508 1439,1509 1488,1510 1537,1511 1587,1512 1636,1513 1685,1513 1735,1514 1784,1515 1833,1515 1882,1515 1932,1515 1981,1515 2030,1515 2080,1515 2129,1514 2178,1514 2228,1513"/>
                <TextEquiv>
                    <Unicode>künstlerischen Rufes, den ganz Berlin ein¬</Unicode>
                </TextEquiv>
            </TextLine>
            <TextLine id="r1l65" custom="readingOrder {index:64;}">
                <Coords points="2266,1532 3232,1530 3279,1520 3279,1463 3236,1489 2266,1485"/>
                <Baseline points="2275,1520 2324,1520 2374,1520 2423,1520 2473,1520 2523,1520 2572,1520 2622,1520 2672,1520 2721,1521 2771,1521 2821,1521 2870,1522 2920,1522 2970,1522 3019,1522 3069,1522 3119,1523 3168,1523 3218,1523 3268,1523"/>
                <TextEquiv>
                    <Unicode>davon! Natürlich war der Beifall groß wie die</Unicode>
                </TextEquiv>
            </TextLine>
            <TextLine id="r1l66" custom="readingOrder {index:65;}">
                <Coords points="203,1555 1220,1569 1220,1513 1145,1503 203,1518"/>
                <Baseline points="213,1552 262,1552 312,1552 362,1553 412,1553 462,1553 512,1553 562,1553 612,1553 662,1552 712,1552 761,1552 811,1552 861,1551 911,1551 961,1551 1011,1550 1061,1550 1111,1550 1161,1549 1211,1549"/>
                <TextEquiv>
                    <Unicode>wahrscheinlich die glücklichsten und ungetrübtesten</Unicode>
                </TextEquiv>
            </TextLine>
            <TextLine id="r1l67" custom="readingOrder {index:66;}">
                <Coords points="1235,1554 2241,1562 2241,1512 1235,1518"/>
                <Baseline points="1244,1553 1293,1553 1342,1554 1392,1554 1441,1554 1490,1555 1540,1555 1589,1555 1638,1555 1688,1555 1737,1555 1786,1555 1836,1556 1885,1556 1934,1556 1984,1556 2033,1556 2082,1557 2132,1557 2181,1557 2231,1558"/>
                <TextEquiv>
                    <Unicode>stimmig anerkannt. Ein seltener Fall bei</Unicode>
                </TextEquiv>
            </TextLine>
            <TextLine id="r1l68" custom="readingOrder {index:67;}">
                <Coords points="2254,1576 2999,1588 3279,1550 3190,1520 2823,1515 2628,1550 2254,1515"/>
                <Baseline points="2265,1564 2315,1564 2365,1565 2415,1565 2466,1565 2516,1566 2566,1566 2616,1566 2667,1566 2717,1566 2767,1567 2817,1567 2868,1567 2918,1567 2968,1566 3018,1566 3069,1566 3119,1566 3169,1565 3219,1565 3270,1564"/>
                <TextEquiv>
                    <Unicode>Spannung, was an gewagten Dingen da oben</Unicode>
                </TextEquiv>
            </TextLine>
            <TextLine id="r1l69" custom="readingOrder {index:68;}">
                <Coords points="200,1592 1216,1606 1216,1572 1170,1554 200,1551"/>
                <Baseline points="209,1598 258,1597 308,1596 358,1595 408,1595 458,1595 508,1595 558,1595 608,1595 658,1595 708,1596 757,1596 807,1596 857,1597 907,1597 957,1597 1007,1597 1057,1596 1107,1596 1157,1595 1207,1593"/>
                <TextEquiv>
                    <Unicode>Jahre ihres kurzen Künstlerlebens genossen. Zu</Unicode>
                </TextEquiv>
            </TextLine>
            <TextLine id="r1l70" custom="readingOrder {index:69;}">
                <Coords points="1234,1591 1484,1620 1567,1593 1679,1622 1732,1598 2141,1616 2224,1601 2225,1575 1234,1557"/>
                <Baseline points="1244,1593 1292,1594 1341,1594 1389,1595 1438,1596 1486,1597 1535,1597 1583,1598 1632,1599 1680,1600 1729,1600 1778,1601 1826,1601 1875,1602 1923,1602 1972,1602 2020,1602 2069,1602 2117,1602 2166,1601 2215,1600"/>
                <TextEquiv>
                    <Unicode>unseren vielen Köpfen und vielen Sinnen —</Unicode>
                </TextEquiv>
            </TextLine>
            <TextLine id="r1l71" custom="readingOrder {index:70;}">
                <Coords points="2263,1613 3217,1621 3274,1589 3274,1552 2997,1589 2263,1567"/>
                <Baseline points="2273,1607 2322,1606 2372,1606 2421,1606 2471,1606 2520,1607 2570,1608 2619,1608 2669,1609 2718,1610 2768,1610 2818,1610 2867,1611 2917,1610 2966,1610 3016,1609 3065,1608 3115,1606 3164,1604 3214,1601 3264,1597"/>
                <TextEquiv>
                    <Unicode>wohl gesagt würde. Endlich folgte der „Paracelsus“</Unicode>
                </TextEquiv>
            </TextLine>
            <TextLine id="r1l72" custom="readingOrder {index:71;}">
                <Coords points="201,1652 1189,1657 1222,1651 1222,1600 201,1605"/>
                <Baseline points="211,1642 261,1641 311,1641 361,1641 411,1640 461,1640 511,1640 561,1640 611,1640 661,1640 711,1640 761,1640 811,1640 861,1640 911,1640 961,1640 1011,1640 1061,1639 1111,1638 1161,1637 1211,1636"/>
                <TextEquiv>
                    <Unicode>sterben in sehr dürftigen Verhältnissen. Excellenz</Unicode>
                </TextEquiv>
            </TextLine>
            <TextLine id="r1l73" custom="readingOrder {index:72;}">
                <Coords points="1235,1636 1434,1653 1485,1625 1555,1660 1691,1628 1804,1657 2145,1633 2185,1657 2239,1649 2240,1611 1235,1594"/>
                <Baseline points="1244,1635 1293,1637 1342,1639 1391,1640 1441,1642 1490,1643 1539,1643 1588,1644 1638,1644 1687,1644 1736,1644 1785,1644 1835,1644 1884,1643 1933,1643 1982,1643 2032,1643 2081,1643 2130,1643 2179,1644 2229,1644"/>
                <TextEquiv>
                    <Unicode>und sehr scharfen Federn. — Beide die</Unicode>
                </TextEquiv>
            </TextLine>
            <TextLine id="r1l74" custom="readingOrder {index:73;}">
                <Coords points="2320,1662 2737,1644 3163,1670 3266,1652 3266,1615 2320,1618"/>
                <Baseline points="2330,1654 2376,1653 2422,1653 2468,1653 2515,1653 2561,1653 2607,1653 2654,1653 2700,1653 2746,1653 2793,1653 2839,1653 2885,1653 2931,1653 2978,1653 3024,1653 3070,1653 3117,1653 3163,1652 3209,1652 3256,1652"/>
                <TextEquiv>
                    <Unicode>der alte, berühmte — auch als historischer</Unicode>
                </TextEquiv>
            </TextLine>
            <TextLine id="r1l75" custom="readingOrder {index:74;}">
                <Coords points="204,1686 1221,1674 1144,1641 204,1647"/>
                <Baseline points="215,1687 264,1685 314,1684 364,1684 414,1683 463,1683 513,1683 563,1683 613,1683 662,1683 712,1683 762,1683 812,1683 861,1683 911,1683 961,1682 1011,1682 1060,1681 1110,1680 1160,1679 1210,1677"/>
                <TextEquiv>
                    <Unicode>v. Keudell, der ehemalige Staatsmann und Ge¬</Unicode>
                </TextEquiv>
            </TextLine>
            <TextLine id="r1l76" custom="readingOrder {index:75;}">
                <Coords points="1232,1681 2235,1693 2235,1653 2146,1642 1843,1668 1698,1637 1232,1644"/>
                <Baseline points="1242,1682 1291,1683 1340,1684 1389,1684 1438,1685 1487,1686 1536,1686 1586,1686 1635,1687 1684,1687 1733,1687 1782,1687 1831,1688 1880,1688 1930,1688 1979,1688 2028,1688 2077,1689 2126,1689 2175,1689 2225,1690"/>
                <TextEquiv>
                    <Unicode>Verkörperung Goethe'scher und Schiller'scher</Unicode>
                </TextEquiv>
            </TextLine>
            <TextLine id="r1l77" custom="readingOrder {index:76;}">
                <Coords points="2256,1696 3267,1708 3255,1657 2256,1666"/>
                <Baseline points="2267,1700 2316,1699 2365,1698 2415,1698 2464,1698 2514,1698 2563,1697 2613,1697 2662,1697 2712,1697 2761,1697 2810,1697 2860,1697 2909,1697 2959,1697 3008,1697 3058,1697 3107,1696 3157,1696 3206,1696 3256,1695"/>
                <TextEquiv>
                    <Unicode>Anachronismus, und das war kein Erfolg. Den</Unicode>
                </TextEquiv>
            </TextLine>
            <TextLine id="r1l78" custom="readingOrder {index:77;}">
                <Coords points="200,1748 1167,1739 1211,1733 1211,1680 1146,1705 200,1686"/>
                <Baseline points="211,1730 260,1729 309,1728 359,1728 408,1727 458,1727 507,1727 557,1727 606,1727 656,1727 705,1727 754,1727 804,1727 853,1727 903,1727 952,1727 1002,1726 1051,1726 1101,1725 1150,1724 1200,1723"/>
                <TextEquiv>
                    <Unicode>sandte in Rom, der große Pianist noch heute, so</Unicode>
                </TextEquiv>
            </TextLine>
            <TextLine id="r1l79" custom="readingOrder {index:78;}">
                <Coords points="1234,1725 2241,1740 2241,1696 2203,1693 1235,1679"/>
                <Baseline points="1244,1727 1293,1727 1342,1728 1392,1728 1441,1728 1491,1729 1540,1729 1589,1729 1639,1729 1688,1729 1738,1730 1787,1730 1836,1730 1886,1730 1935,1730 1985,1730 2034,1731 2083,1731 2133,1732 2182,1732 2232,1733"/>
                <TextEquiv>
                    <Unicode>Gestalten, haben am Berliner Theater von dem</Unicode>
                </TextEquiv>
            </TextLine>
            <TextLine id="r1l80" custom="readingOrder {index:79;}">
                <Coords points="2255,1756 3095,1757 3266,1730 3266,1706 3157,1693 2255,1701"/>
                <Baseline points="2265,1744 2314,1743 2364,1742 2413,1741 2463,1741 2512,1740 2562,1740 2611,1740 2661,1740 2710,1740 2760,1740 2810,1740 2859,1740 2909,1740 2958,1740 3008,1740 3057,1740 3107,1740 3156,1739 3206,1739 3256,1737"/>
                <TextEquiv>
                    <Unicode>früheren siegreichen, einwandsfreien Schnitzler¬</Unicode>
                </TextEquiv>
            </TextLine>
            <TextLine id="r1l81" custom="readingOrder {index:80;}">
                <Coords points="208,1776 1225,1780 1225,1740 1151,1726 209,1745"/>
                <Baseline points="218,1770 267,1770 317,1770 367,1770 417,1771 467,1771 517,1771 567,1772 617,1772 667,1772 717,1772 766,1772 816,1772 866,1772 916,1772 966,1772 1016,1772 1066,1771 1116,1771 1166,1770 1216,1769"/>
                <TextEquiv>
                    <Unicode>erjählt man sich, habe die Vergrämte ermuthigt,</Unicode>
                </TextEquiv>
            </TextLine>
            <TextLine id="r1l82" custom="readingOrder {index:81;}">
                <Coords points="1239,1771 2201,1792 2241,1780 2242,1739 1239,1725"/>
                <Baseline points="1248,1770 1297,1771 1346,1771 1395,1771 1444,1772 1494,1772 1543,1772 1592,1772 1641,1773 1690,1773 1740,1773 1789,1773 1838,1774 1887,1774 1936,1774 1986,1774 2035,1774 2084,1774 2133,1775 2182,1775 2232,1775"/>
                <TextEquiv>
                    <Unicode>Publikum reiche Beweise erhalten, wie leid ihm</Unicode>
                </TextEquiv>
            </TextLine>
            <TextLine id="r1l83" custom="readingOrder {index:82;}">
                <Coords points="2261,1781 3135,1803 3266,1787 3266,1731 3113,1758 2261,1745"/>
                <Baseline points="2271,1780 2320,1781 2369,1781 2418,1781 2468,1782 2517,1782 2566,1782 2615,1782 2665,1782 2714,1783 2763,1783 2812,1783 2862,1783 2911,1783 2960,1783 3009,1783 3059,1784 3108,1784 3157,1784 3206,1784 3256,1784"/>
                <TextEquiv>
                    <Unicode>Abenden kann sich dieser nicht anschließen, gar zu</Unicode>
                </TextEquiv>
            </TextLine>
            <TextLine id="r1l84" custom="readingOrder {index:83;}">
                <Coords points="204,1818 1170,1826 1217,1818 1217,1775 204,1780"/>
                <Baseline points="213,1812 262,1812 312,1812 362,1813 411,1813 461,1813 511,1814 560,1814 610,1815 660,1815 710,1816 759,1816 809,1816 859,1816 908,1816 958,1816 1008,1816 1057,1815 1107,1815 1157,1814 1207,1813"/>
                <TextEquiv>
                    <Unicode>es bei uns noch einmal als Concertsängerin zu</Unicode>
                </TextEquiv>
            </TextLine>
            <TextLine id="r1l85" custom="readingOrder {index:84;}">
                <Coords points="1236,1820 2235,1830 2235,1780 1236,1776"/>
                <Baseline points="1246,1812 1294,1813 1343,1814 1392,1815 1441,1816 1490,1817 1539,1817 1588,1818 1637,1818 1686,1819 1735,1819 1783,1819 1832,1819 1881,1819 1930,1819 1979,1819 2028,1818 2077,1818 2126,1817 2175,1816 2224,1815"/>
                <TextEquiv>
                    <Unicode>das Scheiden thut. Eine Unmenge von Lorbeer</Unicode>
                </TextEquiv>
            </TextLine>
            <TextLine id="r1l86" custom="readingOrder {index:85;}">
                <Coords points="2260,1826 2895,1819 3129,1857 3262,1847 3263,1787 3141,1811 3103,1785 2260,1798"/>
                <Baseline points="2269,1826 2318,1826 2367,1826 2416,1826 2465,1826 2515,1826 2564,1826 2613,1827 2662,1827 2711,1828 2761,1828 2810,1829 2859,1829 2908,1829 2957,1829 3007,1829 3056,1828 3105,1827 3154,1826 3203,1825 3253,1823"/>
                <TextEquiv>
                    <Unicode>lange werden diese Einacter wohl nicht neu¬</Unicode>
                </TextEquiv>
            </TextLine>
            <TextLine id="r1l87" custom="readingOrder {index:86;}">
                <Coords points="200,1866 1219,1869 1219,1817 200,1825"/>
                <Baseline points="211,1859 260,1859 310,1858 360,1858 410,1858 460,1858 510,1858 560,1859 610,1859 660,1859 710,1860 759,1860 809,1860 859,1860 909,1860 959,1859 1009,1858 1059,1858 1109,1856 1159,1854 1209,1852"/>
                <TextEquiv>
                    <Unicode>versuchen, gestühzt auf die einstigen Sympathien</Unicode>
                </TextEquiv>
            </TextLine>
            <TextLine id="r1l88" custom="readingOrder {index:87;}">
                <Coords points="1237,1868 2235,1869 2235,1832 2147,1822 1237,1821"/>
                <Baseline points="1247,1857 1298,1858 1350,1859 1401,1859 1453,1860 1504,1860 1556,1860 1607,1860 1659,1860 1710,1860 1762,1860 1813,1860 1865,1860 1916,1860 1968,1860 2019,1860 2071,1860 2122,1860 2174,1859 2226,1859"/>
                <TextEquiv>
                    <Unicode>und Blumen, ein nicht enden wollender Applaus</Unicode>
                </TextEquiv>
            </TextLine>
            <TextLine id="r1l89" custom="readingOrder {index:88;}">
                <Coords points="2258,1889 2624,1879 2678,1900 3070,1875 3070,1855 2961,1832 2259,1843"/>
                <Baseline points="2269,1872 2308,1871 2348,1870 2387,1870 2427,1869 2466,1869 2506,1869 2545,1869 2585,1869 2624,1869 2664,1870 2703,1870 2743,1871 2782,1871 2822,1872 2861,1872 2901,1873 2940,1873 2980,1873 3019,1873 3059,1873"/>
                <TextEquiv>
                    <Unicode>gieriges Publikum ins Theater locken.</Unicode>
                </TextEquiv>
            </TextLine>
            <TextLine id="r1l90" custom="readingOrder {index:89;}">
                <Coords points="207,1896 491,1926 939,1893 1201,1915 1213,1862 206,1860"/>
                <Baseline points="217,1900 266,1900 315,1900 364,1901 414,1901 463,1901 512,1902 562,1902 611,1903 660,1903 710,1903 759,1904 808,1903 857,1903 907,1903 956,1902 1005,1902 1055,1900 1104,1899 1153,1897 1203,1895"/>
                <TextEquiv>
                    <Unicode>der Kaiserstadt. Ehe sich dieselben aber auf die</Unicode>
                </TextEquiv>
            </TextLine>
            <TextLine id="r1l91" custom="readingOrder {index:90;}">
                <Coords points="1244,1902 2238,1913 2238,1868 1244,1866"/>
                <Baseline points="1253,1902 1301,1902 1350,1903 1399,1903 1448,1903 1497,1903 1545,1903 1594,1903 1643,1903 1692,1903 1741,1903 1789,1903 1838,1903 1887,1904 1936,1904 1985,1904 2033,1904 2082,1904 2131,1905 2180,1905 2229,1906"/>
                <TextEquiv>
                    <Unicode>am letzten Abend, wo Otto Sommersiorff den</Unicode>
                </TextEquiv>
            </TextLine>
            <TextLine id="r1l92" custom="readingOrder {index:91;}">
                <Coords points="2297,1932 3144,1943 3271,1919 3271,1860 3166,1881 3126,1858 3025,1895 2908,1878 2866,1909 2799,1878 2297,1882"/>
                <Baseline points="2307,1923 2354,1922 2402,1921 2450,1921 2497,1921 2545,1922 2593,1922 2640,1923 2688,1923 2736,1924 2784,1924 2831,1925 2879,1925 2927,1925 2974,1925 3022,1925 3070,1924 3117,1923 3165,1921 3213,1920 3261,1917"/>
                <TextEquiv>
                    <Unicode>Im Thaliatheater kam in „Berlin ist Berlin“</Unicode>
                </TextEquiv>
            </TextLine>
            <TextLine id="r1l93" custom="readingOrder {index:92;}">
                <Coords points="200,1955 1211,1950 1210,1912 1142,1896 805,1921 200,1900"/>
                <Baseline points="209,1946 258,1946 308,1946 357,1946 407,1945 457,1945 506,1945 556,1945 605,1945 655,1945 705,1945 754,1945 804,1945 853,1945 903,1945 953,1945 1002,1944 1052,1944 1101,1944 1151,1944 1201,1943"/>
                <TextEquiv>
                    <Unicode>Probe stellen lassen konnten, kam in Folge der</Unicode>
                </TextEquiv>
            </TextLine>
            <TextLine id="r1l94" custom="readingOrder {index:93;}">
                <Coords points="1234,1956 2244,1953 2244,1913 2196,1909 1234,1903"/>
                <Baseline points="1244,1945 1293,1945 1343,1945 1392,1946 1442,1946 1491,1947 1541,1947 1590,1948 1640,1948 1689,1949 1739,1949 1788,1949 1838,1950 1887,1950 1937,1950 1986,1950 2036,1949 2085,1949 2135,1948 2184,1947 2234,1946"/>
                <TextEquiv>
                    <Unicode>Pfarrer von Kirchfeld und Teresina Geßner die</Unicode>
                </TextEquiv>
            </TextLine>
            <TextLine id="r1l95" custom="readingOrder {index:94;}">
                <Coords points="2261,1977 3235,1982 3259,1922 2261,1936"/>
                <Baseline points="2271,1968 2322,1968 2374,1968 2425,1968 2477,1968 2528,1968 2580,1968 2631,1968 2683,1968 2734,1968 2786,1969 2837,1969 2889,1969 2940,1969 2992,1969 3043,1969 3095,1969 3146,1969 3198,1969 3250,1969"/>
                <TextEquiv>
                    <Unicode>von Guthery und von Hoxar, Musik von Fritz</Unicode>
                </TextEquiv>
            </TextLine>
            <TextLine id="r1l96" custom="readingOrder {index:95;}">
                <Coords points="199,1991 1100,2005 1215,1992 1215,1952 198,1961"/>
                <Baseline points="209,1991 258,1990 308,1990 358,1989 408,1988 458,1988 508,1988 557,1988 607,1988 657,1988 707,1988 757,1989 807,1989 857,1989 906,1989 956,1989 1006,1988 1056,1988 1106,1987 1156,1986 1206,1985"/>
                <TextEquiv>
                    <Unicode>Influenza der Tod und schloß den Singemund</Unicode>
                </TextEquiv>
            </TextLine>
            <TextLine id="r1l97" custom="readingOrder {index:96;}">
                <Coords points="1237,1985 2191,2007 2235,1996 2236,1957 1237,1954"/>
                <Baseline points="1246,1987 1295,1987 1344,1987 1393,1988 1442,1988 1491,1989 1540,1990 1589,1991 1638,1992 1687,1993 1736,1994 1785,1995 1834,1996 1883,1996 1932,1997 1981,1996 2030,1996 2079,1995 2128,1994 2177,1992 2226,1990"/>
                <TextEquiv>
                    <Unicode>Anna Birkmeier spielte. Daß auch ihnen das</Unicode>
                </TextEquiv>
            </TextLine>
            <TextLine id="r1l98" custom="readingOrder {index:97;}">
                <Coords points="2257,2028 3262,2026 3262,1978 3143,1961 2784,1991 2665,1962 2258,1978"/>
                <Baseline points="2268,2012 2317,2011 2366,2011 2415,2011 2464,2011 2514,2011 2563,2011 2612,2012 2661,2012 2710,2013 2760,2013 2809,2014 2858,2014 2907,2014 2956,2014 3006,2014 3055,2014 3104,2013 3153,2012 3202,2011 3252,2010"/>
                <TextEquiv>
                    <Unicode>Krause, eine jener Berlin verherrlichenden Possen</Unicode>
                </TextEquiv>
            </TextLine>
            <TextLine id="r1l99" custom="readingOrder {index:98;}">
                <Coords points="208,2041 1225,2034 1225,1996 208,1995"/>
                <Baseline points="219,2035 268,2034 318,2033 368,2033 418,2032 468,2032 517,2032 567,2032 617,2033 667,2033 717,2033 766,2033 816,2033 866,2033 916,2033 966,2033 1015,2033 1065,2033 1115,2032 1165,2031 1215,2030"/>
                <TextEquiv>
                    <Unicode>für immer. Da ist es denn Graf Hochberg, der</Unicode>
                </TextEquiv>
            </TextLine>
            <TextLine id="r1l100" custom="readingOrder {index:99;}">
                <Coords points="1242,2040 2241,2051 2241,2001 2148,1994 1242,2004"/>
                <Baseline points="1252,2031 1300,2032 1349,2033 1398,2033 1447,2034 1496,2034 1545,2035 1594,2035 1643,2035 1692,2035 1741,2035 1789,2035 1838,2035 1887,2035 1936,2035 1985,2035 2034,2035 2083,2035 2132,2036 2181,2036 2230,2036"/>
                <TextEquiv>
                    <Unicode>Abschiednehmen nicht leicht wurde, glaubte man</Unicode>
                </TextEquiv>
            </TextLine>
            <TextLine id="r1l101" custom="readingOrder {index:100;}">
                <Coords points="2261,2061 3266,2065 3266,2029 3173,2015 2261,2025"/>
                <Baseline points="2271,2054 2320,2054 2369,2054 2418,2055 2467,2055 2517,2056 2566,2056 2615,2057 2664,2057 2713,2058 2763,2058 2812,2058 2861,2059 2910,2059 2959,2059 3009,2058 3058,2058 3107,2057 3156,2056 3205,2054 3255,2053"/>
                <TextEquiv>
                    <Unicode>zur Aufführung, wie sie ab und an nach alten</Unicode>
                </TextEquiv>
            </TextLine>
            <TextLine id="r1l102" custom="readingOrder {index:101;}">
                <Coords points="200,2074 1190,2089 1222,2036 200,2044"/>
                <Baseline points="209,2077 259,2076 309,2075 359,2074 409,2074 459,2074 509,2074 560,2074 610,2075 660,2075 710,2076 760,2076 810,2077 860,2077 911,2077 961,2078 1011,2077 1061,2077 1111,2076 1161,2075 1212,2074"/>
                <TextEquiv>
                    <Unicode>Leiier ünserer königlichen Kunstinstitute, gewesen,</Unicode>
                </TextEquiv>
            </TextLine>
            <TextLine id="r1l103" custom="readingOrder {index:102;}">
                <Coords points="1243,2094 1469,2070 2199,2090 2230,2046 1243,2047"/>
                <Baseline points="1252,2079 1300,2078 1348,2078 1397,2078 1445,2078 1494,2078 1542,2079 1590,2079 1639,2079 1687,2080 1736,2080 1784,2081 1832,2081 1881,2081 1929,2081 1978,2081 2026,2081 2074,2081 2123,2080 2171,2079 2220,2078"/>
                <TextEquiv>
                    <Unicode>zu fühlen. Otto Sommerstorff gab dem in be¬</Unicode>
                </TextEquiv>
            </TextLine>
            <TextLine id="r1l104" custom="readingOrder {index:103;}">
                <Coords points="2257,2102 3231,2108 3274,2106 3274,2060 2257,2068"/>
                <Baseline points="2267,2097 2316,2096 2366,2096 2416,2096 2466,2096 2516,2097 2565,2097 2615,2098 2665,2099 2715,2099 2765,2100 2814,2101 2864,2101 2914,2102 2964,2102 3014,2102 3063,2102 3113,2101 3163,2101 3213,2099 3263,2098"/>
                <TextEquiv>
                    <Unicode>Mustern neu aufgefrischt werden. Fast immer</Unicode>
                </TextEquiv>
            </TextLine>
            <TextLine id="r1l105" custom="readingOrder {index:104;}">
                <Coords points="208,2122 1219,2127 1219,2081 208,2086"/>
                <Baseline points="217,2119 266,2119 316,2119 365,2118 415,2118 464,2119 514,2119 563,2119 613,2120 662,2120 712,2120 762,2121 811,2121 861,2121 910,2121 960,2120 1009,2119 1059,2119 1108,2117 1158,2116 1208,2114"/>
                <TextEquiv>
                    <Unicode>welcher für ein wurdiges Begräbniß des einsti¬</Unicode>
                </TextEquiv>
            </TextLine>
            <TextLine id="r1l106" custom="readingOrder {index:105;}">
                <Coords points="1237,2126 2240,2131 2214,2086 2107,2112 1966,2077 1889,2105 1237,2090"/>
                <Baseline points="1247,2118 1296,2119 1345,2119 1394,2119 1443,2120 1492,2120 1541,2121 1591,2121 1640,2122 1689,2122 1738,2122 1787,2123 1836,2123 1885,2123 1935,2123 1984,2123 2033,2123 2082,2123 2131,2122 2180,2122 2230,2122"/>
                <TextEquiv>
                    <Unicode>wegten und dankbaren Worten Ausbruck. Das</Unicode>
                </TextEquiv>
            </TextLine>
            <TextLine id="r1l107" custom="readingOrder {index:106;}">
                <Coords points="2257,2148 3257,2154 3257,2102 2257,2101"/>
                <Baseline points="2267,2141 2316,2141 2365,2141 2414,2142 2463,2142 2512,2143 2561,2143 2610,2144 2659,2144 2708,2144 2757,2145 2806,2145 2855,2145 2904,2145 2953,2145 3002,2145 3051,2144 3100,2144 3149,2143 3198,2142 3247,2141"/>
                <TextEquiv>
                    <Unicode>haben sie die Chance, zu gefallen. Denn wenn</Unicode>
                </TextEquiv>
            </TextLine>
            <TextLine id="r1l108" custom="readingOrder {index:107;}">
                <Coords points="203,2177 1226,2178 1226,2126 203,2127"/>
                <Baseline points="213,2165 263,2163 313,2163 363,2162 413,2162 464,2162 514,2162 564,2162 614,2163 664,2163 715,2164 765,2164 815,2164 865,2165 915,2165 966,2165 1016,2165 1066,2164 1116,2163 1166,2162 1217,2160"/>
                <TextEquiv>
                    <Unicode>gen Mitgliedes der Oper gesorgt hat und das so</Unicode>
                </TextEquiv>
            </TextLine>
            <TextLine id="r1l109" custom="readingOrder {index:108;}">
                <Coords points="1232,2180 2239,2168 2239,2131 2134,2125 1232,2126"/>
                <Baseline points="1243,2162 1292,2163 1341,2165 1390,2166 1440,2167 1489,2168 1538,2168 1588,2168 1637,2169 1686,2169 1736,2168 1785,2168 1834,2168 1883,2168 1933,2167 1982,2167 2031,2167 2081,2166 2130,2166 2179,2166 2229,2166"/>
                <TextEquiv>
                    <Unicode>Künstlerpaar bleibt ja in Berlin — aber jedes</Unicode>
                </TextEquiv>
            </TextLine>
            <TextLine id="r1l110" custom="readingOrder {index:109;}">
                <Coords points="2252,2181 3226,2200 3258,2197 3259,2154 2252,2151"/>
                <Baseline points="2261,2182 2310,2182 2359,2183 2409,2183 2458,2184 2508,2185 2557,2185 2606,2186 2656,2186 2705,2187 2755,2187 2804,2188 2853,2188 2903,2189 2952,2189 3002,2189 3051,2189 3100,2189 3150,2188 3199,2188 3249,2187"/>
                <TextEquiv>
                    <Unicode>der Spree-Athener sein „Berlin“ preisen hört,</Unicode>
                </TextEquiv>
            </TextLine>
            <TextLine id="r1l111" custom="readingOrder {index:110;}">
                <Coords points="206,2209 1072,2220 1229,2212 1229,2163 206,2177"/>
                <Baseline points="217,2210 267,2209 317,2208 367,2208 417,2207 467,2207 517,2207 567,2207 617,2208 667,2208 718,2208 768,2208 818,2208 868,2209 918,2209 968,2208 1018,2208 1068,2208 1118,2207 1168,2206 1219,2205"/>
                <TextEquiv>
                    <Unicode>gefeiert gelbesene Kind des Südens ruht nun</Unicode>
                </TextEquiv>
            </TextLine>
            <TextLine id="r1l112" custom="readingOrder {index:111;}">
                <Coords points="1233,2219 2242,2223 2230,2175 1233,2177"/>
                <Baseline points="1244,2209 1293,2210 1342,2211 1392,2211 1441,2212 1491,2213 1540,2213 1589,2213 1639,2213 1688,2213 1738,2213 1787,2213 1836,2213 1886,2213 1935,2213 1985,2212 2034,2212 2083,2211 2133,2211 2182,2210 2232,2209"/>
                <TextEquiv>
                    <Unicode>Theater hat sein Publikum, seine Kunst- und</Unicode>
                </TextEquiv>
            </TextLine>
            <TextLine id="r1l113" custom="readingOrder {index:112;}">
                <Coords points="2259,2238 3266,2229 3266,2199 3193,2186 2630,2210 2259,2188"/>
                <Baseline points="2270,2226 2319,2227 2368,2228 2417,2228 2467,2229 2516,2229 2565,2230 2614,2230 2664,2230 2713,2231 2762,2231 2811,2231 2861,2231 2910,2231 2959,2231 3008,2231 3058,2231 3107,2231 3156,2232 3205,2232 3255,2232"/>
                <TextEquiv>
                    <Unicode>thut er gern mit. So auch diesmal. Zeitgemäße</Unicode>
                </TextEquiv>
            </TextLine>
            <TextLine id="r1l114" custom="readingOrder {index:113;}">
                <Coords points="209,2254 1216,2255 1198,2213 209,2217"/>
                <Baseline points="219,2251 268,2250 317,2250 367,2249 416,2249 465,2249 515,2250 564,2250 613,2250 663,2251 712,2251 761,2251 811,2252 860,2252 909,2252 959,2252 1008,2252 1057,2251 1107,2250 1156,2249 1206,2248"/>
                <TextEquiv>
                    <Unicode>im märkischen Sande aus von einem Leben, das</Unicode>
                </TextEquiv>
            </TextLine>
            <TextLine id="r1l115" custom="readingOrder {index:114;}">
                <Coords points="1240,2258 2241,2268 2241,2224 2157,2217 1241,2218"/>
                <Baseline points="1250,2252 1299,2251 1348,2252 1397,2252 1446,2253 1495,2253 1544,2254 1593,2255 1642,2256 1691,2256 1740,2257 1789,2258 1838,2259 1887,2259 1936,2260 1985,2260 2034,2259 2083,2259 2132,2258 2181,2256 2230,2255"/>
                <TextEquiv>
                    <Unicode>Geschmacksrichtung. Man geht wohl aus dem</Unicode>
                </TextEquiv>
            </TextLine>
            <TextLine id="r1l116" custom="readingOrder {index:115;}">
                <Coords points="2255,2285 3132,2271 3273,2307 3274,2227 2255,2240"/>
                <Baseline points="2265,2276 2314,2275 2364,2275 2414,2274 2464,2274 2514,2274 2564,2274 2614,2274 2664,2274 2714,2274 2764,2274 2813,2274 2863,2274 2913,2274 2963,2274 3013,2274 3063,2275 3113,2275 3163,2275 3213,2275 3263,2276"/>
                <TextEquiv>
                    <Unicode>ganz nette Einfälle in Couplets wirkten auch</Unicode>
                </TextEquiv>
            </TextLine>
            <TextLine id="r1l117" custom="readingOrder {index:116;}">
                <Coords points="202,2290 1213,2297 1213,2258 1171,2254 202,2263"/>
                <Baseline points="213,2295 262,2294 312,2294 361,2294 411,2293 460,2293 510,2293 559,2293 609,2293 658,2293 708,2293 757,2293 807,2293 856,2293 906,2293 955,2293 1005,2293 1054,2293 1104,2293 1153,2293 1203,2292"/>
                <TextEquiv>
                    <Unicode>ihm kurzen Glanz und Schimmer und dann viel Leid</Unicode>
                </TextEquiv>
            </TextLine>
            <TextLine id="r1l118" custom="readingOrder {index:117;}">
                <Coords points="1242,2310 2240,2303 2240,2269 2184,2262 1242,2260"/>
                <Baseline points="1252,2294 1300,2294 1349,2295 1398,2296 1447,2296 1496,2296 1545,2297 1594,2297 1643,2297 1692,2297 1741,2297 1789,2298 1838,2298 1887,2298 1936,2298 1985,2298 2034,2298 2083,2299 2132,2299 2181,2299 2230,2300"/>
                <TextEquiv>
                    <Unicode>einen Hause in das andere — aber die treuen</Unicode>
                </TextEquiv>
            </TextLine>
            <TextLine id="r1l119" custom="readingOrder {index:118;}">
                <Coords points="2260,2320 3261,2325 3261,2287 3131,2271 2260,2282"/>
                <Baseline points="2269,2315 2318,2316 2367,2317 2416,2317 2465,2318 2514,2318 2563,2318 2612,2319 2661,2319 2710,2319 2760,2319 2809,2318 2858,2318 2907,2318 2956,2318 3005,2317 3054,2317 3103,2316 3152,2316 3201,2316 3251,2315"/>
                <TextEquiv>
                    <Unicode>noch zu dem Erfolge mit, der sich in tüchtigem</Unicode>
                </TextEquiv>
            </TextLine>
            <TextLine id="r1l120" custom="readingOrder {index:119;}">
                <Coords points="204,2340 1216,2336 1120,2298 204,2300"/>
                <Baseline points="214,2337 263,2338 313,2338 362,2339 412,2339 462,2339 511,2340 561,2340 610,2340 660,2341 710,2341 759,2341 809,2341 858,2341 908,2340 958,2340 1007,2340 1057,2339 1106,2338 1156,2337 1206,2336"/>
                <TextEquiv>
                    <Unicode>und Enttäuschung gebracht hat. Das Publikum,</Unicode>
                </TextEquiv>
            </TextLine>
            <TextLine id="r1l121" custom="readingOrder {index:120;}">
                <Coords points="1248,2347 2239,2355 2239,2310 2211,2306 1995,2299 1924,2327 1832,2298 1248,2301"/>
                <Baseline points="1258,2336 1306,2338 1355,2340 1403,2341 1452,2342 1500,2343 1549,2344 1597,2344 1646,2344 1694,2345 1743,2345 1791,2344 1840,2344 1888,2344 1937,2344 1985,2344 2034,2344 2082,2344 2131,2344 2179,2345 2228,2345"/>
                <TextEquiv>
                    <Unicode>Stammgäste sind an sie gewöhnt. So scheint es</Unicode>
                </TextEquiv>
            </TextLine>
            <TextLine id="r1l122" custom="readingOrder {index:121;}">
                <Coords points="2255,2359 3266,2376 3266,2331 3218,2321 2255,2320"/>
                <Baseline points="2265,2358 2314,2358 2364,2359 2413,2359 2463,2359 2513,2360 2562,2360 2612,2360 2661,2361 2711,2361 2761,2361 2810,2361 2860,2362 2909,2362 2959,2361 3009,2361 3058,2361 3108,2360 3157,2359 3207,2358 3257,2357"/>
                <TextEquiv>
                    <Unicode>Beifall sonnen konnte. — Noch weht kein Mai¬</Unicode>
                </TextEquiv>
            </TextLine>
            <TextLine id="r1l123" custom="readingOrder {index:122;}">
                <Coords points="203,2385 1218,2404 1218,2344 203,2353"/>
                <Baseline points="213,2381 262,2381 312,2382 362,2382 411,2382 461,2382 511,2383 560,2383 610,2383 660,2383 710,2383 759,2383 809,2383 859,2383 908,2383 958,2383 1008,2383 1057,2383 1107,2383 1157,2382 1207,2382"/>
                <TextEquiv>
                    <Unicode>welches die Pattini einst gefeiert, entsinnt sich</Unicode>
                </TextEquiv>
            </TextLine>
            <TextLine id="r1l124" custom="readingOrder {index:123;}">
                <Coords points="1231,2392 2239,2407 2239,2354 2179,2346 1231,2356"/>
                <Baseline points="1241,2386 1290,2386 1339,2385 1389,2385 1438,2386 1488,2386 1537,2386 1586,2386 1636,2387 1685,2387 1735,2387 1784,2388 1833,2388 1883,2388 1932,2388 1982,2388 2031,2388 2080,2388 2130,2387 2179,2387 2229,2386"/>
                <TextEquiv>
                    <Unicode>fast doch, als liegen Reisemeilen zwischen einigen</Unicode>
                </TextEquiv>
            </TextLine>
            <TextLine id="r1l125" custom="readingOrder {index:124;}">
                <Coords points="2257,2412 2737,2408 2795,2434 3274,2403 3274,2370 3237,2366 2257,2363"/>
                <Baseline points="2266,2402 2315,2403 2365,2404 2415,2405 2465,2406 2515,2406 2565,2406 2614,2406 2664,2406 2714,2406 2764,2406 2814,2406 2864,2406 2914,2406 2963,2405 3013,2405 3063,2405 3113,2405 3163,2405 3213,2406 3263,2406"/>
                <TextEquiv>
                    <Unicode>lüfterl und doch haben wir die Kunst-Ausstellung</Unicode>
                </TextEquiv>
            </TextLine>
            <TextLine id="r1l126" custom="readingOrder {index:125;}">
                <Coords points="207,2432 1214,2437 1214,2405 1109,2383 207,2385"/>
                <Baseline points="218,2424 267,2424 316,2424 365,2425 415,2425 464,2425 513,2426 562,2426 612,2426 661,2427 710,2427 759,2427 809,2428 858,2428 907,2428 956,2428 1006,2428 1055,2427 1104,2427 1153,2426 1203,2426"/>
                <TextEquiv>
                    <Unicode>beim Lesen des Namens wohl der Erscheinung,</Unicode>
                </TextEquiv>
            </TextLine>
            <TextLine id="r1l127" custom="readingOrder {index:126;}">
                <Coords points="1244,2438 1327,2433 1343,2443 1387,2431 1407,2440 1476,2432 1524,2441 1577,2431 1577,2407 1547,2415 1523,2392 1464,2396 1442,2386 1386,2395 1337,2386 1299,2400 1275,2390 1244,2396"/>
                <Baseline points="1254,2428 1280,2427 1306,2426 1332,2426 1358,2426 1384,2426 1410,2427 1436,2427 1462,2428 1488,2428 1514,2429 1540,2429 1566,2430"/>
                <TextEquiv>
                    <Unicode>Kunstinstituten.</Unicode>
                </TextEquiv>
            </TextLine>
            <TextLine id="r1l128" custom="readingOrder {index:127;}">
                <Coords points="2780,2452 2860,2444 2935,2467 2967,2447 3100,2462 3157,2448 3266,2467 3280,2465 3280,2398 3248,2416 2780,2417"/>
                <Baseline points="2790,2444 2815,2444 2840,2445 2865,2445 2891,2445 2916,2446 2941,2446 2966,2447 2992,2447 3017,2447 3042,2448 3067,2448 3093,2448 3118,2448 3143,2448 3168,2448 3194,2447 3219,2447 3244,2446 3270,2445"/>
                <TextEquiv>
                    <Unicode>— und da ist's das</Unicode>
                </TextEquiv>
            </TextLine>
            <TextLine id="r1l129" custom="readingOrder {index:128;}">
                <Coords points="2257,2447 2394,2460 2455,2446 2558,2469 2596,2453 2640,2465 2786,2451 2786,2415 2737,2409 2671,2421 2257,2411"/>
                <Baseline points="2268,2449 2293,2448 2318,2447 2344,2447 2369,2446 2394,2447 2420,2447 2445,2447 2470,2448 2496,2448 2521,2449 2546,2450 2572,2450 2597,2450 2622,2451 2648,2451 2673,2450 2698,2450 2724,2448 2749,2447 2775,2445"/>
                <TextEquiv>
                    <Unicode>bald der Eröffnung nahe</Unicode>
                </TextEquiv>
            </TextLine>
            <TextLine id="r1l130" custom="readingOrder {index:129;}">
                <Coords points="195,2484 1083,2488 1220,2472 1220,2429 195,2435"/>
                <Baseline points="206,2467 256,2468 306,2468 356,2468 406,2469 457,2469 507,2469 557,2470 607,2470 657,2470 708,2470 758,2470 808,2470 858,2470 908,2470 959,2469 1009,2469 1059,2469 1109,2468 1159,2468 1210,2467"/>
                <TextEquiv>
                    <Unicode>die Collegen denken mit Wehmuth des wechselnden</Unicode>
                </TextEquiv>
            </TextLine>
            <TextLine id="r1l131" custom="readingOrder {index:130;}">
                <Coords points="1272,2479 2236,2482 2236,2436 2180,2423 1272,2437"/>
                <Baseline points="1281,2468 1328,2470 1375,2471 1422,2472 1470,2473 1517,2475 1564,2476 1612,2476 1659,2477 1706,2477 1754,2477 1801,2477 1848,2477 1895,2477 1943,2477 1990,2476 2037,2475 2085,2475 2132,2473 2179,2472 2227,2471"/>
                <TextEquiv>
                    <Unicode>Im Deutschen Theater brachte Arthur Schnitzler,</Unicode>
                </TextEquiv>
            </TextLine>
            <TextLine id="r1l132" custom="readingOrder {index:131;}">
                <Coords points="2254,2487 3277,2508 3277,2466 3156,2447 2254,2456"/>
                <Baseline points="2264,2490 2314,2491 2364,2492 2414,2492 2464,2493 2515,2493 2565,2494 2615,2494 2665,2494 2715,2495 2766,2495 2816,2495 2866,2495 2916,2495 2966,2494 3017,2494 3067,2494 3117,2493 3167,2493 3217,2492 3268,2491"/>
                <TextEquiv>
                    <Unicode>Frühjahr uns eigentlich schuldig, den Park um</Unicode>
                </TextEquiv>
            </TextLine>
            <TextLine id="r1l133" custom="readingOrder {index:132;}">
                <Coords points="196,2512 1221,2525 1221,2483 1157,2475 196,2486"/>
                <Baseline points="207,2514 257,2513 307,2512 357,2511 407,2510 458,2510 508,2511 558,2511 608,2511 658,2512 709,2513 759,2514 809,2514 859,2515 909,2515 960,2515 1010,2515 1060,2514 1110,2514 1160,2512 1211,2510"/>
                <TextEquiv>
                    <Unicode>Schicksals und voll Dankbarkeit der ihn selber</Unicode>
                </TextEquiv>
            </TextLine>
            <TextLine id="r1l134" custom="readingOrder {index:133;}">
                <Coords points="1234,2518 2237,2519 2237,2485 2197,2482 1234,2486"/>
                <Baseline points="1244,2518 1293,2517 1342,2517 1391,2516 1440,2517 1489,2517 1538,2517 1588,2518 1637,2519 1686,2519 1735,2520 1784,2521 1833,2521 1882,2522 1932,2522 1981,2522 2030,2522 2079,2521 2128,2520 2177,2519 2227,2517"/>
                <TextEquiv>
                    <Unicode>der Wiener, welcher hier sehr beliebt ist, eine</Unicode>
                </TextEquiv>
            </TextLine>
            <TextLine id="r1l135" custom="readingOrder {index:134;}">
                <Coords points="2255,2535 3262,2538 3262,2489 2256,2486"/>
                <Baseline points="2266,2530 2315,2531 2364,2533 2414,2534 2463,2535 2512,2536 2562,2537 2611,2537 2660,2537 2710,2538 2759,2538 2808,2538 2858,2538 2907,2537 2956,2537 3006,2537 3055,2537 3104,2537 3154,2537 3203,2537 3253,2537"/>
                <TextEquiv>
                    <Unicode>den Glaspalast am Lehrter Bahnhof mit Grün</Unicode>
                </TextEquiv>
            </TextLine>
            <TextLine id="r1l136" custom="readingOrder {index:135;}">
                <Coords points="194,2566 1219,2559 1219,2525 1074,2511 194,2512"/>
                <Baseline points="205,2556 255,2556 305,2557 355,2557 405,2557 456,2557 506,2557 556,2557 606,2557 656,2557 707,2557 757,2557 807,2556 857,2556 907,2556 958,2556 1008,2556 1058,2556 1108,2556 1158,2556 1209,2556"/>
                <TextEquiv>
                    <Unicode>so ehrenden warmherzigen Handlung des Grafen</Unicode>
                </TextEquiv>
            </TextLine>
            <TextLine id="r1l137" custom="readingOrder {index:136;}">
                <Coords points="1232,2565 2239,2569 2227,2518 2102,2544 1232,2515"/>
                <Baseline points="1242,2558 1291,2559 1340,2559 1389,2560 1439,2561 1488,2562 1537,2563 1587,2564 1636,2565 1685,2565 1735,2566 1784,2566 1833,2567 1882,2567 1932,2567 1981,2567 2030,2566 2080,2565 2129,2563 2178,2562 2228,2560"/>
                <TextEquiv>
                    <Unicode>Einacter-Abend. Der Autor ist derjenige unter</Unicode>
                </TextEquiv>
            </TextLine>
            <TextLine id="r1l138" custom="readingOrder {index:137;}">
                <Coords points="2259,2588 2943,2574 3274,2608 3274,2549 3173,2537 2259,2543"/>
                <Baseline points="2270,2577 2319,2578 2369,2578 2419,2578 2468,2578 2518,2579 2568,2579 2617,2579 2667,2579 2717,2580 2767,2580 2816,2580 2866,2580 2916,2581 2965,2581 3015,2581 3065,2581 3114,2581 3164,2581 3214,2581 3264,2581"/>
                <TextEquiv>
                    <Unicode>und Blumenschmuch auszustatten und ein wenig</Unicode>
                </TextEquiv>
            </TextLine>
            <TextLine id="r1l139" custom="readingOrder {index:138;}">
                <Coords points="204,2599 1120,2620 1223,2600 1223,2560 204,2565"/>
                <Baseline points="215,2603 264,2602 314,2600 364,2599 414,2599 464,2599 514,2598 563,2598 613,2598 663,2599 713,2599 763,2599 813,2600 863,2600 912,2601 962,2601 1012,2601 1062,2601 1112,2601 1162,2601 1212,2601"/>
                <TextEquiv>
                    <Unicode>Hochberg, die Zeugniß ablegt von seinem menschen¬</Unicode>
                </TextEquiv>
            </TextLine>
            <TextLine id="r1l140" custom="readingOrder {index:139;}">
                <Coords points="1233,2612 2186,2617 2240,2603 2240,2571 1233,2572"/>
                <Baseline points="1244,2602 1293,2602 1342,2603 1391,2603 1441,2604 1490,2605 1539,2605 1589,2606 1638,2606 1687,2607 1737,2607 1786,2607 1835,2608 1884,2608 1934,2607 1983,2607 2032,2606 2082,2606 2131,2605 2180,2604 2230,2602"/>
                <TextEquiv>
                    <Unicode>den jungen Männern, der uns nicht nur einmal</Unicode>
                </TextEquiv>
            </TextLine>
            <TextLine id="r1l141" custom="readingOrder {index:140;}">
                <Coords points="2259,2635 3032,2623 3282,2652 3282,2571 2259,2587"/>
                <Baseline points="2270,2619 2320,2620 2370,2621 2420,2621 2470,2622 2520,2622 2570,2622 2620,2622 2670,2622 2720,2622 2771,2622 2821,2622 2871,2622 2921,2621 2971,2621 3021,2621 3071,2621 3121,2621 3171,2621 3221,2621 3272,2622"/>
                <TextEquiv>
                    <Unicode>Sonnenlicht über das Ganze, auch in die Räume</Unicode>
                </TextEquiv>
            </TextLine>
            <TextLine id="r1l142" custom="readingOrder {index:141;}">
                <Coords points="205,2639 1218,2651 1218,2607 205,2599"/>
                <Baseline points="215,2642 264,2642 314,2642 363,2642 413,2643 463,2643 512,2643 562,2644 611,2644 661,2645 711,2645 760,2645 810,2645 859,2646 909,2645 959,2645 1008,2645 1058,2644 1107,2644 1157,2642 1207,2641"/>
                <TextEquiv>
                    <Unicode>freundlichen und künstlerischen Empfinden. — Es</Unicode>
                </TextEquiv>
            </TextLine>
            <TextLine id="r1l143" custom="readingOrder {index:142;}">
                <Coords points="1232,2675 1305,2644 2229,2654 2203,2610 1232,2612"/>
                <Baseline points="1243,2649 1291,2649 1340,2649 1389,2649 1438,2649 1487,2649 1535,2649 1584,2650 1633,2650 1682,2650 1731,2650 1779,2650 1828,2650 1877,2650 1926,2649 1975,2649 2023,2649 2072,2648 2121,2647 2170,2646 2219,2645"/>
                <TextEquiv>
                    <Unicode>so vorübergehend vorgesetzt wird und dann</Unicode>
                </TextEquiv>
            </TextLine>
            <TextLine id="r1l144" custom="readingOrder {index:143;}">
                <Coords points="2250,2668 3277,2663 3239,2631 3031,2622 2250,2640"/>
                <Baseline points="2261,2666 2311,2666 2361,2666 2411,2666 2462,2666 2512,2666 2562,2667 2613,2667 2663,2667 2713,2667 2764,2668 2814,2668 2864,2668 2914,2668 2965,2668 3015,2668 3065,2668 3116,2667 3166,2667 3216,2666 3267,2665"/>
                <TextEquiv>
                    <Unicode>zu gießen. Das macht gleich eine ganz andere</Unicode>
                </TextEquiv>
            </TextLine>
            <TextLine id="r1l145" custom="readingOrder {index:144;}">
                <Coords points="205,2687 1218,2700 1218,2651 205,2641"/>
                <Baseline points="215,2687 264,2686 314,2686 363,2686 413,2686 463,2686 512,2686 562,2687 611,2687 661,2687 711,2687 760,2688 810,2688 859,2688 909,2688 959,2687 1008,2687 1058,2687 1107,2686 1157,2685 1207,2684"/>
                <TextEquiv>
                    <Unicode>hat immer etwas Wehmüthiges, ein solch meteor¬</Unicode>
                </TextEquiv>
            </TextLine>
            <TextLine id="r1l146" custom="readingOrder {index:145;}">
                <Coords points="1237,2703 2240,2704 2240,2652 2107,2642 1237,2653"/>
                <Baseline points="1248,2691 1297,2691 1346,2692 1395,2692 1444,2692 1493,2692 1542,2692 1591,2692 1640,2692 1689,2692 1739,2692 1788,2692 1837,2692 1886,2692 1935,2692 1984,2692 2033,2692 2082,2692 2131,2693 2180,2693 2230,2694"/>
                <TextEquiv>
                    <Unicode>wieder vom Spielplan verschwindet, weil sich</Unicode>
                </TextEquiv>
            </TextLine>
            <TextLine id="r1l147" custom="readingOrder {index:146;}">
                <Coords points="2269,2707 3274,2735 3260,2661 2270,2674"/>
                <Baseline points="2280,2707 2329,2709 2378,2710 2427,2711 2477,2711 2526,2711 2575,2711 2624,2711 2674,2711 2723,2710 2772,2710 2821,2709 2871,2709 2920,2709 2969,2709 3018,2709 3068,2710 3117,2711 3166,2712 3215,2714 3265,2717"/>
                <TextEquiv>
                    <Unicode>Stimmung, die Künstler, die Mäcene, die Kritiker,</Unicode>
                </TextEquiv>
            </TextLine>
            <TextLine id="r1l148" custom="readingOrder {index:147;}">
                <Coords points="205,2751 1222,2745 1222,2700 205,2708"/>
                <Baseline points="215,2733 264,2732 314,2731 364,2731 414,2731 464,2731 513,2731 563,2731 613,2731 663,2732 713,2732 762,2733 812,2733 862,2734 912,2734 962,2734 1011,2734 1061,2735 1111,2734 1161,2734 1211,2734"/>
                <TextEquiv>
                    <Unicode>gleiches Auftauchen und dann ein Versinken in</Unicode>
                </TextEquiv>
            </TextLine>
            <TextLine id="r1l149" custom="readingOrder {index:148;}">
                <Coords points="1242,2745 2236,2746 2236,2706 2200,2698 1242,2700"/>
                <Baseline points="1252,2735 1300,2736 1349,2736 1398,2736 1446,2736 1495,2736 1544,2736 1592,2735 1641,2735 1690,2735 1739,2734 1787,2734 1836,2734 1885,2734 1933,2733 1982,2733 2031,2734 2079,2734 2128,2734 2177,2735 2226,2735"/>
                <TextEquiv>
                    <Unicode>niemand, als das literarische Publikum dafür</Unicode>
                </TextEquiv>
            </TextLine>
            <TextLine id="r1l150" custom="readingOrder {index:149;}">
                <Coords points="2254,2767 2334,2775 2383,2750 2546,2774 2639,2760 2661,2778 2690,2760 2718,2776 2903,2760 2903,2719 2873,2715 2254,2714"/>
                <Baseline points="2264,2756 2295,2756 2326,2756 2358,2756 2389,2756 2421,2756 2452,2756 2484,2756 2515,2756 2547,2757 2578,2757 2609,2757 2641,2757 2672,2757 2704,2757 2735,2756 2767,2756 2798,2756 2830,2755 2861,2754 2893,2753"/>
                <TextEquiv>
                    <Unicode>jeder braucht sie auf seine Art.</Unicode>
                </TextEquiv>
            </TextLine>
            <TextLine id="r1l151" custom="readingOrder {index:150;}">
                <Coords points="204,2777 1215,2790 1215,2736 204,2731"/>
                <Baseline points="214,2774 263,2773 313,2773 362,2773 412,2773 461,2774 511,2774 560,2774 610,2775 659,2775 709,2776 759,2776 808,2777 858,2777 907,2777 957,2778 1006,2778 1056,2778 1105,2778 1155,2778 1205,2778"/>
                <TextEquiv>
                    <Unicode>dunkle Nacht — der armen Rafaela Pattini hat</Unicode>
                </TextEquiv>
            </TextLine>
            <TextLine id="r1l152" custom="readingOrder {index:151;}">
                <Coords points="1234,2798 1686,2774 2239,2796 2239,2745 1234,2748"/>
                <Baseline points="1245,2783 1294,2782 1343,2780 1392,2780 1441,2779 1490,2778 1539,2778 1589,2778 1638,2778 1687,2778 1736,2778 1785,2778 1834,2778 1883,2778 1933,2778 1982,2778 2031,2778 2080,2777 2129,2776 2178,2776 2228,2774"/>
                <TextEquiv>
                    <Unicode>interessirt, sondern er hat wirklich und verdienter¬</Unicode>
                </TextEquiv>
            </TextLine>
            <TextLine id="r1l153" custom="readingOrder {index:152;}">
                <Coords points="204,2821 875,2814 909,2841 1142,2809 1182,2833 1218,2828 1219,2781 204,2787"/>
                <Baseline points="214,2818 263,2816 313,2814 363,2813 412,2813 462,2813 512,2814 561,2814 611,2815 661,2817 711,2818 760,2819 810,2821 860,2822 909,2822 959,2823 1009,2823 1058,2823 1108,2822 1158,2821 1208,2818"/>
                <TextEquiv>
                    <Unicode>sich das wechseinde Künstlerloos gezeigt, wie es</Unicode>
                </TextEquiv>
            </TextLine>
            <TextLine id="r1l154" custom="readingOrder {index:153;}">
                <Coords points="1239,2833 2242,2836 2242,2792 2167,2784 1239,2793"/>
                <Baseline points="1249,2825 1298,2825 1347,2824 1396,2824 1445,2824 1494,2824 1543,2824 1592,2824 1641,2824 1690,2824 1740,2824 1789,2824 1838,2824 1887,2824 1936,2823 1985,2823 2034,2823 2083,2823 2132,2822 2181,2821 2231,2820"/>
                <TextEquiv>
                    <Unicode>maßen Boden bei uns gefaßt. Man schätzt seine</Unicode>
                </TextEquiv>
            </TextLine>
            <TextLine id="r1l155" custom="readingOrder {index:154;}">
                <Coords points="207,2862 1222,2876 1222,2830 1138,2821 207,2831"/>
                <Baseline points="218,2857 267,2858 317,2859 367,2859 416,2860 466,2860 516,2861 565,2862 615,2862 665,2863 715,2863 764,2863 814,2863 864,2864 913,2864 963,2863 1013,2863 1062,2863 1112,2862 1162,2861 1212,2860"/>
                <TextEquiv>
                    <Unicode>Goethe schildert: sie hat „durch der Menschen</Unicode>
                </TextEquiv>
            </TextLine>
            <TextLine id="r1l156" custom="readingOrder {index:155;}">
                <Coords points="1243,2876 2216,2881 2250,2871 2250,2831 1392,2823 1243,2848"/>
                <Baseline points="1253,2871 1302,2870 1351,2870 1401,2869 1450,2868 1499,2868 1549,2867 1598,2867 1647,2866 1697,2866 1746,2865 1795,2865 1845,2864 1894,2864 1943,2864 1993,2864 2042,2864 2091,2864 2141,2864 2190,2864 2240,2865"/>
                <TextEquiv>
                    <Unicode>„Liebelei“, sein „Freiwild“, seine geistreichen</Unicode>
                </TextEquiv>
            </TextLine>
            <TextLine id="r1l157" custom="readingOrder {index:156;}">
                <Coords points="202,2907 1211,2916 1211,2872 937,2859 202,2879"/>
                <Baseline points="212,2901 261,2901 310,2901 360,2901 409,2901 459,2902 508,2902 557,2903 607,2904 656,2905 706,2905 755,2906 804,2907 854,2908 903,2908 953,2908 1002,2908 1051,2908 1101,2908 1150,2907 1200,2905"/>
                <TextEquiv>
                    <Unicode>Gunst beglückt, In Herrlichkeit der Welt die Welt</Unicode>
                </TextEquiv>
            </TextLine>
            <TextLine id="r1l158" custom="readingOrder {index:157;}">
                <Coords points="1232,2908 2176,2927 2247,2907 2247,2870 1232,2880"/>
                <Baseline points="1243,2912 1292,2911 1342,2911 1391,2910 1441,2910 1491,2909 1540,2909 1590,2909 1640,2909 1689,2909 1739,2909 1789,2909 1838,2909 1888,2909 1938,2909 1987,2909 2037,2909 2087,2909 2136,2910 2186,2910 2236,2910"/>
                <TextEquiv>
                    <Unicode>kleinen Sachen, die das Wiener Leben so wahr¬</Unicode>
                </TextEquiv>
            </TextLine>
            <TextLine id="r1l159" custom="readingOrder {index:158;}">
                <Coords points="191,2962 1215,2958 1215,2919 1034,2905 191,2910"/>
                <Baseline points="201,2946 251,2946 301,2946 351,2946 402,2946 452,2947 502,2947 552,2948 603,2948 653,2948 703,2949 753,2949 804,2949 854,2949 904,2949 954,2949 1005,2949 1055,2948 1105,2947 1155,2946 1206,2945"/>
                <TextEquiv>
                    <Unicode>entzückt“ und ist dann „vor Hunger kaum be¬</Unicode>
                </TextEquiv>
            </TextLine>
            <TextLine id="r1l160" custom="readingOrder {index:159;}">
                <Coords points="1233,2963 2246,2967 2246,2906 1233,2921"/>
                <Baseline points="1243,2957 1292,2956 1342,2956 1391,2955 1441,2955 1491,2955 1540,2954 1590,2954 1639,2954 1689,2954 1739,2954 1788,2954 1838,2954 1887,2954 1937,2954 1987,2954 2036,2954 2086,2954 2135,2954 2185,2954 2235,2953"/>
                <TextEquiv>
                    <Unicode>haft getreu abconterfeien und, wie man sagt,</Unicode>
                </TextEquiv>
            </TextLine>
            <TextLine id="r1l161" custom="readingOrder {index:160;}">
                <Coords points="205,2992 1228,3006 1216,2957 205,2958"/>
                <Baseline points="216,2989 266,2987 316,2987 366,2986 416,2986 466,2987 516,2987 566,2988 616,2989 666,2990 717,2992 767,2993 817,2993 867,2994 917,2995 967,2995 1017,2995 1067,2995 1117,2994 1167,2992 1218,2990"/>
                <TextEquiv>
                    <Unicode>wahrt“ geblieben. Mehr als für jede undere</Unicode>
                </TextEquiv>
            </TextLine>
            <TextLine id="r1l162" custom="readingOrder {index:161;}">
                <Coords points="1233,3002 1913,2990 2264,3018 2222,2964 2121,2954 1233,2962"/>
                <Baseline points="1244,2994 1294,2996 1345,2997 1395,2998 1446,2998 1496,2998 1547,2997 1597,2997 1648,2996 1698,2996 1749,2995 1799,2995 1850,2994 1900,2994 1951,2994 2001,2995 2052,2996 2102,2997 2153,2999 2203,3002 2254,3005"/>
                <TextEquiv>
                    <Unicode>neben Erdachtem so viel Erlebtes bringen. Hinler</Unicode>
                </TextEquiv>
            </TextLine>
            <TextLine id="r1l163" custom="readingOrder {index:162;}">
                <Coords points="203,3043 1028,3062 1222,3037 1182,2996 203,2991"/>
                <Baseline points="214,3031 263,3032 313,3032 363,3033 413,3033 463,3034 513,3034 563,3034 613,3034 663,3034 713,3034 762,3034 812,3034 862,3034 912,3034 962,3035 1012,3035 1062,3035 1112,3035 1162,3036 1212,3036"/>
                <TextEquiv>
                    <Unicode>Lebensstellung gilt der Künstlerlaufbahn das Wort:</Unicode>
                </TextEquiv>
            </TextLine>
            <TextLine id="r1l164" custom="readingOrder {index:163;}">
                <Coords points="1240,3054 2245,3047 2245,3020 2094,2998 1241,3003"/>
                <Baseline points="1250,3038 1299,3038 1348,3038 1397,3038 1447,3038 1496,3038 1545,3038 1595,3038 1644,3038 1693,3038 1743,3038 1792,3039 1841,3039 1890,3039 1940,3039 1989,3039 2038,3040 2088,3040 2137,3040 2186,3040 2236,3041"/>
                <TextEquiv>
                    <Unicode>diesem Könnenden Arthur Schnitzler bleiben de</Unicode>
                </TextEquiv>
            </TextLine>
            <TextLine id="r1l165" custom="readingOrder {index:164;}">
                <Coords points="197,3090 738,3094 850,3069 850,3045 293,3036 197,3055"/>
                <Baseline points="206,3084 237,3081 269,3079 301,3078 332,3077 364,3077 396,3077 427,3077 459,3078 491,3078 523,3079 554,3079 586,3080 618,3080 649,3080 681,3080 713,3079 744,3077 776,3075 808,3072 840,3068"/>
                <TextEquiv>
                    <Unicode>„Hic transit gloria mundi!“</Unicode>
                </TextEquiv>
            </TextLine>
            <TextLine id="r1l166" custom="readingOrder {index:165;}">
                <Coords points="1245,3087 2179,3106 2245,3092 2246,3046 1245,3048"/>
                <Baseline points="1254,3082 1303,3082 1352,3082 1401,3082 1450,3082 1499,3082 1548,3083 1597,3083 1646,3083 1695,3083 1744,3083 1793,3083 1842,3083 1891,3083 1940,3083 1989,3084 2038,3084 2087,3084 2136,3085 2185,3085 2235,3086"/>
                <TextEquiv>
                    <Unicode>die anderen Wollenden von der Donau um</Unicode>
                </TextEquiv>
            </TextLine>
            <TextLine id="r1l167" custom="readingOrder {index:166;}">
                <Coords points="245,3128 1213,3128 1213,3093 1110,3076 245,3086"/>
                <Baseline points="255,3119 302,3120 349,3121 397,3121 444,3122 492,3122 539,3122 587,3122 634,3122 682,3121 729,3121 776,3121 824,3120 871,3120 919,3120 966,3119 1014,3119 1061,3119 1109,3119 1156,3119 1204,3119"/>
                <TextEquiv>
                    <Unicode>Don seiners Directionsposten am Belle-Alliance¬</Unicode>
                </TextEquiv>
            </TextLine>
            <TextLine id="r1l168" custom="readingOrder {index:167;}">
                <Coords points="1232,3152 1319,3130 1452,3142 1587,3129 1611,3145 1694,3125 1694,3109 1662,3090 1605,3084 1553,3096 1347,3083 1232,3093"/>
                <Baseline points="1243,3129 1269,3126 1295,3125 1321,3123 1347,3122 1373,3122 1399,3122 1425,3123 1451,3124 1477,3124 1503,3125 1529,3125 1555,3126 1581,3126 1607,3126 1633,3126 1659,3125 1685,3124"/>
                <TextEquiv>
                    <Unicode>Pferdelängen zurück.</Unicode>
                </TextEquiv>
            </TextLine>
            <TextLine id="r1l169" custom="readingOrder {index:168;}">
                <Coords points="200,3164 1227,3185 1201,3128 200,3124"/>
                <Baseline points="210,3163 260,3163 310,3164 361,3164 411,3165 461,3165 512,3166 562,3166 612,3167 663,3167 713,3167 763,3167 814,3168 864,3168 914,3168 965,3168 1015,3168 1065,3167 1116,3167 1166,3167 1217,3166"/>
                <TextEquiv>
                    <Unicode>Theater nahm Herr Georg Droescher mit seiner</Unicode>
                </TextEquiv>
            </TextLine>
            <TextLine id="r1l170" custom="readingOrder {index:169;}">
                <Coords points="1272,3169 2257,3189 2257,3153 2196,3124 1272,3145"/>
                <Baseline points="1282,3166 1330,3168 1378,3169 1426,3170 1474,3170 1523,3171 1571,3171 1619,3171 1667,3171 1715,3171 1764,3171 1812,3170 1860,3170 1908,3170 1956,3170 2005,3169 2053,3169 2101,3169 2149,3169 2197,3169 2246,3169"/>
                <TextEquiv>
                    <Unicode>Man war auf den Einacter-Abend gespannt,</Unicode>
                </TextEquiv>
            </TextLine>
            <TextLine id="r1l171" custom="readingOrder {index:170;}">
                <Coords points="202,3202 1218,3219 1218,3175 1162,3172 202,3170"/>
                <Baseline points="211,3207 260,3207 310,3207 360,3208 410,3208 460,3208 510,3208 559,3209 609,3209 659,3210 709,3210 759,3210 809,3210 859,3211 908,3211 958,3211 1008,3210 1058,3210 1108,3209 1158,3208 1208,3207"/>
                <TextEquiv>
                    <Unicode>Gattin in den „Journalisten“ Abschied. Mit wirk¬</Unicode>
                </TextEquiv>
            </TextLine>
            <TextLine id="r1l172" custom="readingOrder {index:171;}">
                <Coords points="1238,3226 2249,3210 2144,3172 1238,3176"/>
                <Baseline points="1248,3215 1297,3215 1347,3215 1396,3215 1446,3215 1495,3215 1545,3214 1594,3214 1644,3214 1693,3214 1743,3214 1792,3214 1842,3214 1891,3214 1941,3214 1990,3214 2040,3214 2089,3215 2139,3215 2188,3216 2238,3217"/>
                <TextEquiv>
                    <Unicode>weil sich Censurbedenken gegen das eine Stüch,</Unicode>
                </TextEquiv>
            </TextLine>
            <TextLine id="r1l173" custom="readingOrder {index:172;}">
                <Coords points="205,3261 1214,3260 1214,3218 1091,3211 205,3206"/>
                <Baseline points="215,3250 264,3250 313,3250 363,3251 412,3251 462,3251 511,3252 560,3252 610,3253 659,3253 709,3253 758,3254 807,3254 857,3254 906,3254 956,3253 1005,3253 1054,3252 1104,3251 1153,3250 1203,3249"/>
                <TextEquiv>
                    <Unicode>lich künstlerischem Bestreben suchte er während</Unicode>
                </TextEquiv>
            </TextLine>
            <TextLine id="r1l174" custom="readingOrder {index:173;}">
                <Coords points="1239,3269 1693,3257 1824,3285 1875,3259 2010,3262 2041,3229 1240,3224"/>
                <Baseline points="1249,3257 1288,3256 1327,3254 1366,3254 1405,3254 1444,3254 1483,3255 1522,3255 1561,3256 1600,3257 1639,3258 1678,3259 1717,3260 1756,3260 1795,3261 1834,3261 1873,3260 1912,3260 1951,3258 1990,3256 2030,3253"/>
                <TextEquiv>
                    <Unicode>den „Grünen Kakadu“, gezeigt hatten.</Unicode>
                </TextEquiv>
            </TextLine>
            <TextLine id="r1l175" custom="readingOrder {index:174;}">
                <Coords points="209,3304 1231,3310 1231,3263 1203,3259 209,3260"/>
                <Baseline points="218,3294 268,3295 318,3296 368,3296 418,3297 469,3297 519,3297 569,3297 619,3297 669,3297 720,3297 770,3297 820,3297 870,3296 920,3296 971,3296 1021,3296 1071,3295 1121,3295 1171,3295 1222,3295"/>
                <TextEquiv>
                    <Unicode>seiner Thätigkeit an dem kleinen Theater am</Unicode>
                </TextEquiv>
            </TextLine>
            <TextLine id="r1l176" custom="readingOrder {index:175;}">
                <Coords points="1271,3293 1511,3319 2246,3306 2246,3265 2161,3239 1830,3282 1271,3267"/>
                <Baseline points="1282,3295 1329,3297 1377,3300 1425,3301 1472,3303 1520,3303 1568,3304 1615,3304 1663,3304 1711,3304 1759,3304 1806,3303 1854,3302 1902,3302 1949,3301 1997,3300 2045,3300 2092,3299 2140,3299 2188,3299 2236,3299"/>
                <TextEquiv>
                    <Unicode>Zuerst kam mit Erfolg „Die Gefährtin“ zur</Unicode>
                </TextEquiv>
            </TextLine>
            <TextLine id="r1l177" custom="readingOrder {index:176;}">
                <Coords points="201,3343 1222,3355 1222,3304 201,3311"/>
                <Baseline points="211,3341 261,3340 311,3339 361,3339 411,3339 461,3339 511,3339 561,3339 611,3340 661,3340 711,3341 761,3341 811,3341 861,3341 911,3341 961,3341 1011,3341 1061,3340 1111,3339 1161,3337 1211,3335"/>
                <TextEquiv>
                    <Unicode>Halleschen Thor dasselbe zu heben, verschiedene</Unicode>
                </TextEquiv>
            </TextLine>
            <TextLine id="r1l178" custom="readingOrder {index:177;}">
                <Coords points="1235,3359 1463,3364 1542,3334 1592,3362 2254,3365 2254,3301 1235,3311"/>
                <Baseline points="1244,3348 1296,3347 1349,3346 1401,3345 1454,3344 1506,3344 1559,3344 1612,3344 1664,3344 1717,3344 1769,3345 1822,3345 1874,3345 1927,3346 1980,3346 2032,3347 2085,3347 2137,3347 2190,3347 2243,3347"/>
                <TextEquiv>
                    <Unicode>Darstellung — echt Schnitzlerisch, auf Stimmung</Unicode>
                </TextEquiv>
            </TextLine>
            <TextLine id="r1l179" custom="readingOrder {index:178;}">
                <Coords points="201,3396 1232,3385 1174,3346 201,3362"/>
                <Baseline points="212,3381 262,3382 313,3382 363,3382 414,3383 464,3383 515,3384 565,3384 616,3384 666,3385 717,3385 767,3385 818,3386 868,3386 919,3386 969,3386 1020,3386 1070,3386 1121,3385 1171,3385 1222,3384"/>
                <TextEquiv>
                    <Unicode>Einstudirungen und Gaben, die er brachte, wie</Unicode>
                </TextEquiv>
            </TextLine>
            <TextLine id="r1l180" custom="readingOrder {index:179;}">
                <Coords points="1232,3393 2202,3403 2242,3401 2242,3346 1232,3359"/>
                <Baseline points="1242,3387 1291,3388 1341,3389 1390,3389 1440,3390 1489,3390 1539,3390 1588,3390 1638,3390 1687,3389 1737,3389 1786,3389 1836,3388 1885,3388 1935,3388 1984,3388 2034,3388 2083,3388 2133,3389 2182,3390 2232,3391"/>
                <TextEquiv>
                    <Unicode>berechnet. Man kann aber nicht sagen, daß</Unicode>
                </TextEquiv>
            </TextLine>
            <TextLine id="r1l181" custom="readingOrder {index:180;}">
                <Coords points="203,3430 1196,3443 1230,3396 203,3405"/>
                <Baseline points="213,3431 263,3429 313,3428 363,3427 414,3427 464,3426 514,3426 565,3426 615,3426 665,3427 716,3427 766,3427 816,3427 866,3428 917,3428 967,3428 1017,3428 1068,3427 1118,3427 1168,3426 1219,3425"/>
                <TextEquiv>
                    <Unicode>„Der Grabbe'sche Napoleon“ u. s. w. waren</Unicode>
                </TextEquiv>
            </TextLine>
            <TextLine id="r1l182" custom="readingOrder {index:181;}">
                <Coords points="1243,3431 2246,3450 2234,3394 1243,3401"/>
                <Baseline points="1254,3429 1303,3430 1352,3431 1401,3431 1450,3431 1499,3432 1548,3432 1597,3432 1646,3431 1695,3431 1745,3431 1794,3431 1843,3431 1892,3430 1941,3430 1990,3430 2039,3430 2088,3430 2137,3430 2186,3431 2236,3431"/>
                <TextEquiv>
                    <Unicode>dieselbe eine angenehme, wenn auch das</Unicode>
                </TextEquiv>
            </TextLine>
            <TextLine id="r1l183" custom="readingOrder {index:182;}">
                <Coords points="198,3476 1205,3485 1221,3438 198,3450"/>
                <Baseline points="207,3472 257,3472 307,3471 357,3471 407,3471 458,3471 508,3471 558,3472 608,3472 658,3472 709,3472 759,3472 809,3472 859,3472 909,3472 960,3472 1010,3472 1060,3471 1110,3470 1160,3469 1211,3468"/>
                <TextEquiv>
                    <Unicode>künstlerische Thaten. Aber das Publikum da</Unicode>
                </TextEquiv>
            </TextLine>
            <TextLine id="r1l184" custom="readingOrder {index:183;}">
                <Coords points="1244,3485 2245,3496 2212,3436 1244,3431"/>
                <Baseline points="1255,3477 1304,3476 1353,3476 1402,3475 1451,3475 1500,3475 1549,3474 1598,3474 1647,3474 1696,3473 1745,3473 1794,3473 1843,3473 1892,3473 1941,3472 1990,3472 2039,3472 2088,3472 2137,3471 2186,3471 2235,3471"/>
                <TextEquiv>
                    <Unicode>Publikum des Deutschen Theaters stets ohne alle</Unicode>
                </TextEquiv>
            </TextLine>
            <TextLine id="r1l185" custom="readingOrder {index:184;}">
                <Coords points="199,3515 1224,3518 1206,3477 199,3476"/>
                <Baseline points="209,3514 259,3514 309,3514 359,3515 409,3515 460,3515 510,3516 560,3516 610,3517 660,3517 711,3517 761,3517 811,3517 861,3517 911,3517 962,3517 1012,3516 1062,3516 1112,3515 1162,3514 1213,3512"/>
                <TextEquiv>
                    <Unicode>draußen bezeugte doch keinen Geschmack für ernste</Unicode>
                </TextEquiv>
            </TextLine>
            <TextLine id="r1l186" custom="readingOrder {index:185;}">
                <Coords points="1242,3522 2251,3522 2251,3491 2152,3475 1242,3484"/>
                <Baseline points="1251,3518 1300,3518 1350,3518 1399,3518 1449,3519 1498,3519 1548,3519 1597,3520 1647,3520 1696,3520 1746,3521 1795,3521 1845,3521 1894,3521 1944,3521 1993,3521 2043,3520 2092,3520 2142,3519 2191,3518 2241,3517"/>
                <TextEquiv>
                    <Unicode>Prüdigkeit über der Sache stehen will. Die Heldin</Unicode>
                </TextEquiv>
            </TextLine>
            <TextLine id="r1l187" custom="readingOrder {index:186;}">
                <Coords points="199,3558 1135,3576 1228,3559 1228,3510 199,3515"/>
                <Baseline points="210,3557 260,3556 310,3556 361,3556 411,3556 462,3557 512,3557 562,3558 613,3559 663,3560 714,3560 764,3561 814,3562 865,3562 915,3562 966,3562 1016,3562 1066,3561 1117,3559 1167,3557 1218,3555"/>
                <TextEquiv>
                    <Unicode>künstlerische Darbietungen, es will sich amüsiren</Unicode>
                </TextEquiv>
            </TextLine>
            <TextLine id="r1l188" custom="readingOrder {index:187;}">
                <Coords points="1233,3569 2206,3577 2258,3567 2258,3522 1233,3524"/>
                <Baseline points="1243,3559 1293,3560 1343,3561 1393,3562 1443,3562 1494,3563 1544,3563 1594,3563 1644,3563 1694,3563 1745,3563 1795,3562 1845,3562 1895,3562 1945,3561 1996,3561 2046,3561 2096,3561 2146,3561 2196,3562 2247,3562"/>
                <TextEquiv>
                    <Unicode>des Einacters ist eine Todte, von deren Begräbniß</Unicode>
                </TextEquiv>
            </TextLine>
            <TextLine id="r1l189" custom="readingOrder {index:188;}">
                <Coords points="194,3612 1199,3616 1217,3572 194,3579"/>
                <Baseline points="205,3600 255,3600 305,3600 355,3601 405,3601 455,3602 505,3602 555,3602 605,3603 655,3603 706,3603 756,3604 806,3604 856,3604 906,3604 956,3603 1006,3603 1056,3603 1106,3602 1156,3601 1207,3600"/>
                <TextEquiv>
                    <Unicode>nach des Tages verschiedener Arbeit, und das aus</Unicode>
                </TextEquiv>
            </TextLine>
            <TextLine id="r1l190" custom="readingOrder {index:189;}">
                <Coords points="1232,3605 2254,3620 2255,3570 1232,3568"/>
                <Baseline points="1242,3604 1292,3604 1342,3604 1392,3604 1442,3604 1492,3605 1542,3605 1593,3605 1643,3606 1693,3606 1743,3607 1793,3607 1843,3608 1893,3608 1944,3609 1994,3609 2044,3609 2094,3610 2144,3610 2194,3610 2245,3610"/>
                <TextEquiv>
                    <Unicode>der Ehemann heimkehrt. Er weiß, daß ihr Herz</Unicode>
                </TextEquiv>
            </TextLine>
            <TextLine id="r1l191" custom="readingOrder {index:190;}">
                <Coords points="202,3648 1231,3649 1231,3615 1043,3598 202,3610"/>
                <Baseline points="212,3642 262,3643 312,3644 363,3644 413,3645 464,3645 514,3645 564,3646 615,3646 665,3646 716,3646 766,3646 816,3646 867,3646 917,3646 968,3646 1018,3646 1068,3646 1119,3646 1169,3646 1220,3646"/>
                <TextEquiv>
                    <Unicode>Berlin W. kam nur selten. So tritt Georg</Unicode>
                </TextEquiv>
            </TextLine>
            <TextLine id="r1l192" custom="readingOrder {index:191;}">
                <Coords points="1233,3659 2102,3672 2248,3656 2248,3616 1233,3617"/>
                <Baseline points="1243,3654 1292,3653 1342,3651 1392,3650 1441,3650 1491,3649 1541,3649 1590,3649 1640,3650 1690,3650 1740,3651 1789,3651 1839,3651 1889,3652 1938,3652 1988,3652 2038,3652 2087,3652 2137,3652 2187,3651 2237,3650"/>
                <TextEquiv>
                    <Unicode>ihm seit zehn Jahren nicht mehr gehört hat, er</Unicode>
                </TextEquiv>
            </TextLine>
            <TextLine id="r1l193" custom="readingOrder {index:192;}">
                <Coords points="204,3686 1225,3693 1225,3652 204,3648"/>
                <Baseline points="214,3686 264,3687 314,3687 364,3688 414,3688 464,3688 514,3688 564,3688 614,3688 664,3688 714,3688 764,3688 814,3687 864,3687 914,3687 964,3687 1014,3688 1064,3688 1114,3688 1164,3688 1214,3689"/>
                <TextEquiv>
                    <Unicode>Droescher, der sich viele Sympathien hier erworben,</Unicode>
                </TextEquiv>
            </TextLine>
            <TextLine id="r1l194" custom="readingOrder {index:193;}">
                <Coords points="1231,3705 1921,3714 2036,3687 2260,3713 2240,3652 1231,3657"/>
                <Baseline points="1241,3695 1291,3694 1342,3694 1392,3694 1443,3694 1493,3695 1544,3695 1594,3695 1645,3695 1695,3695 1746,3695 1796,3695 1847,3695 1897,3695 1948,3695 1998,3694 2049,3694 2099,3693 2150,3692 2200,3691 2251,3690"/>
                <TextEquiv>
                    <Unicode>kennt den, dem es sich zugeneigt hat — als er</Unicode>
                </TextEquiv>
            </TextLine>
            <TextLine id="r1l195" custom="readingOrder {index:194;}">
                <Coords points="198,3729 266,3763 696,3765 1223,3730 1223,3701 1146,3691 198,3685"/>
                <Baseline points="208,3731 258,3732 308,3732 358,3732 408,3732 459,3732 509,3731 559,3731 609,3731 659,3731 710,3731 760,3731 810,3732 860,3732 910,3732 961,3732 1011,3733 1061,3733 1111,3734 1161,3735 1212,3736"/>
                <TextEquiv>
                    <Unicode>Ein den Verband des Königlichen Schauspielhauses,</Unicode>
                </TextEquiv>
            </TextLine>
            <TextLine id="r1l196" custom="readingOrder {index:195;}">
                <Coords points="1240,3747 2277,3756 2277,3707 2218,3699 1240,3709"/>
                <Baseline points="1249,3736 1299,3736 1350,3737 1401,3738 1452,3738 1503,3738 1554,3738 1605,3738 1656,3738 1707,3738 1758,3737 1808,3737 1859,3737 1910,3737 1961,3736 2012,3736 2063,3736 2114,3736 2165,3736 2216,3737 2267,3737"/>
                <TextEquiv>
                    <Unicode>von diesem nun aber nachträglich erfährt, daß er.</Unicode>
                </TextEquiv>
            </TextLine>
            <TextEquiv>
                <Unicode>box 15//6
9.4. Der prnehe kakadn zvkIns
um als Dramaturg und Regisseur demselben! ##
nur ein Spiel mit ihr trieb, wirft er ihn, den
VBerliner Plaudereien
Kräfte zu widmen. Sein Zoschiedsabend br####ie
Mann der Todten opfernd, hinaus. Man muß
zugeben, ein sonderbares Sujet, das auf schwachen
ihm freundlichste Ovationen. Anderen Tags
von. E. Belz. 2
der
zog der lustige Emil Thomas in
Füßen steht.
Sie transit gloria mundi — Aufaela
alten Salingré'schen Posse „Pechschulze“ mit
Joigte der „Grüne Kakadu“. So heißt eine
Dattini †1. — Georg Droescher. — Abschied von Otto
lustigen Witzen ein und erntete reichen Applaus
Verbrecherkneipe in Paris, die künstlich zu solcher
Sommerstorff und Teresina Geßzner vom Berliner
an derselben Stätte, wo Napoleon und Blücher
formirt ist. Schauspieler markiren Verbrecher
Theater. — Schnitzlers Premiérenabend.
ihre schwungvollen, jündenden Reden gehalten.
und blasirte Lebemänner freuen sich aus Nerven¬
Vor mehr als zehn Jahren sprach ganz Berlin
Man freute sich, den beliebten „Emil“ so frisch
nitzel an dem Umgange mit angeblichen Dieben
Eentzückt von der kleinen liebreizenden, sanges¬
und fröhlich und immer jung zu sehen. Der
und Mordgesellen — darunter hinein schlüpfen
frohen Rafaela Pattini, die aus dem Süden ge¬
Historte stellt sich die Gegenwart, ihr Recht heischend,
auch wirkliche Mörder. Das Stück ist in die Revo¬
kommen, die Norddeutschen mit ihrem klaren
gegenüber — nach dem das Dolk sein Brod ver¬
lutionszeit von 1789 verlegt. Aber historisch ist
Coloraturgesang zu erfreuen und mit ihren
dient hat, will es seine Spiele — aber in den
Schnitzler dabei nicht zu Werke gegangen. I
seitensten Fällen sehr ernst.
schönen großen Augen zu bezaubern. Sie war
Menschen, welche sich da bewegen und sprechen,
am Opernhause engagirt. Als sie dasselbe ver¬
Wir sind seit Jahren gewohnt, daß unsere be¬
sind Wiener von heute, mit den Ansichten von
ließ, kam sie den Leuten aus dem Sinn — sie hatte
liebten Künstler in Berlin von einem Theater
heute, bloß in vorhundertjähriger Kleidung auf¬
dann in Rom geheirathet und damit schien ihre
zum anderen wandern. Otto Sommerstorff und
Nichthistorikers
tauchende Zeitgenossen
Bühnenlaufbahn abgeschlossen. Inzwischen tauchten
Teresina Geßner, das Künstlerpaar, schieden vom
Schnitzler. Am Ende wird der eine Schauspieler
so viel andere Künstlerinnen auf. Erst jetzt ist
Berliner Theater, um wieder in nächster Saison
zu einem wirklichen Mörder, und man kann die
Berlin wieder an Rafaele Pattini erinnert —
am Deutschen zu wirken, der Geburtsstätte ihres
Moral anwenden: Siehst #r wohl, das kommt
ist hergekommen, um hier zu sterben, wo sie
künstlerischen Rufes, den ganz Berlin ein¬
davon! Natürlich war der Beifall groß wie die
wahrscheinlich die glücklichsten und ungetrübtesten
stimmig anerkannt. Ein seltener Fall bei
Spannung, was an gewagten Dingen da oben
Jahre ihres kurzen Künstlerlebens genossen. Zu
unseren vielen Köpfen und vielen Sinnen —
wohl gesagt würde. Endlich folgte der „Paracelsus“
sterben in sehr dürftigen Verhältnissen. Excellenz
und sehr scharfen Federn. — Beide die
der alte, berühmte — auch als historischer
v. Keudell, der ehemalige Staatsmann und Ge¬
Verkörperung Goethe'scher und Schiller'scher
Anachronismus, und das war kein Erfolg. Den
sandte in Rom, der große Pianist noch heute, so
Gestalten, haben am Berliner Theater von dem
früheren siegreichen, einwandsfreien Schnitzler¬
erjählt man sich, habe die Vergrämte ermuthigt,
Publikum reiche Beweise erhalten, wie leid ihm
Abenden kann sich dieser nicht anschließen, gar zu
es bei uns noch einmal als Concertsängerin zu
das Scheiden thut. Eine Unmenge von Lorbeer
lange werden diese Einacter wohl nicht neu¬
versuchen, gestühzt auf die einstigen Sympathien
und Blumen, ein nicht enden wollender Applaus
gieriges Publikum ins Theater locken.
der Kaiserstadt. Ehe sich dieselben aber auf die
am letzten Abend, wo Otto Sommersiorff den
Im Thaliatheater kam in „Berlin ist Berlin“
Probe stellen lassen konnten, kam in Folge der
Pfarrer von Kirchfeld und Teresina Geßner die
von Guthery und von Hoxar, Musik von Fritz
Influenza der Tod und schloß den Singemund
Anna Birkmeier spielte. Daß auch ihnen das
Krause, eine jener Berlin verherrlichenden Possen
für immer. Da ist es denn Graf Hochberg, der
Abschiednehmen nicht leicht wurde, glaubte man
zur Aufführung, wie sie ab und an nach alten
Leiier ünserer königlichen Kunstinstitute, gewesen,
zu fühlen. Otto Sommerstorff gab dem in be¬
Mustern neu aufgefrischt werden. Fast immer
welcher für ein wurdiges Begräbniß des einsti¬
wegten und dankbaren Worten Ausbruck. Das
haben sie die Chance, zu gefallen. Denn wenn
gen Mitgliedes der Oper gesorgt hat und das so
Künstlerpaar bleibt ja in Berlin — aber jedes
der Spree-Athener sein „Berlin“ preisen hört,
gefeiert gelbesene Kind des Südens ruht nun
Theater hat sein Publikum, seine Kunst- und
thut er gern mit. So auch diesmal. Zeitgemäße
im märkischen Sande aus von einem Leben, das
Geschmacksrichtung. Man geht wohl aus dem
ganz nette Einfälle in Couplets wirkten auch
ihm kurzen Glanz und Schimmer und dann viel Leid
einen Hause in das andere — aber die treuen
noch zu dem Erfolge mit, der sich in tüchtigem
und Enttäuschung gebracht hat. Das Publikum,
Stammgäste sind an sie gewöhnt. So scheint es
Beifall sonnen konnte. — Noch weht kein Mai¬
welches die Pattini einst gefeiert, entsinnt sich
fast doch, als liegen Reisemeilen zwischen einigen
lüfterl und doch haben wir die Kunst-Ausstellung
beim Lesen des Namens wohl der Erscheinung,
Kunstinstituten.
— und da ist's das
bald der Eröffnung nahe
die Collegen denken mit Wehmuth des wechselnden
Im Deutschen Theater brachte Arthur Schnitzler,
Frühjahr uns eigentlich schuldig, den Park um
Schicksals und voll Dankbarkeit der ihn selber
der Wiener, welcher hier sehr beliebt ist, eine
den Glaspalast am Lehrter Bahnhof mit Grün
so ehrenden warmherzigen Handlung des Grafen
Einacter-Abend. Der Autor ist derjenige unter
und Blumenschmuch auszustatten und ein wenig
Hochberg, die Zeugniß ablegt von seinem menschen¬
den jungen Männern, der uns nicht nur einmal
Sonnenlicht über das Ganze, auch in die Räume
freundlichen und künstlerischen Empfinden. — Es
so vorübergehend vorgesetzt wird und dann
zu gießen. Das macht gleich eine ganz andere
hat immer etwas Wehmüthiges, ein solch meteor¬
wieder vom Spielplan verschwindet, weil sich
Stimmung, die Künstler, die Mäcene, die Kritiker,
gleiches Auftauchen und dann ein Versinken in
niemand, als das literarische Publikum dafür
jeder braucht sie auf seine Art.
dunkle Nacht — der armen Rafaela Pattini hat
interessirt, sondern er hat wirklich und verdienter¬
sich das wechseinde Künstlerloos gezeigt, wie es
maßen Boden bei uns gefaßt. Man schätzt seine
Goethe schildert: sie hat „durch der Menschen
„Liebelei“, sein „Freiwild“, seine geistreichen
Gunst beglückt, In Herrlichkeit der Welt die Welt
kleinen Sachen, die das Wiener Leben so wahr¬
entzückt“ und ist dann „vor Hunger kaum be¬
haft getreu abconterfeien und, wie man sagt,
wahrt“ geblieben. Mehr als für jede undere
neben Erdachtem so viel Erlebtes bringen. Hinler
Lebensstellung gilt der Künstlerlaufbahn das Wort:
diesem Könnenden Arthur Schnitzler bleiben de
„Hic transit gloria mundi!“
die anderen Wollenden von der Donau um
Don seiners Directionsposten am Belle-Alliance¬
Pferdelängen zurück.
Theater nahm Herr Georg Droescher mit seiner
Man war auf den Einacter-Abend gespannt,
Gattin in den „Journalisten“ Abschied. Mit wirk¬
weil sich Censurbedenken gegen das eine Stüch,
lich künstlerischem Bestreben suchte er während
den „Grünen Kakadu“, gezeigt hatten.
seiner Thätigkeit an dem kleinen Theater am
Zuerst kam mit Erfolg „Die Gefährtin“ zur
Halleschen Thor dasselbe zu heben, verschiedene
Darstellung — echt Schnitzlerisch, auf Stimmung
Einstudirungen und Gaben, die er brachte, wie
berechnet. Man kann aber nicht sagen, daß
„Der Grabbe'sche Napoleon“ u. s. w. waren
dieselbe eine angenehme, wenn auch das
künstlerische Thaten. Aber das Publikum da
Publikum des Deutschen Theaters stets ohne alle
draußen bezeugte doch keinen Geschmack für ernste
Prüdigkeit über der Sache stehen will. Die Heldin
künstlerische Darbietungen, es will sich amüsiren
des Einacters ist eine Todte, von deren Begräbniß
nach des Tages verschiedener Arbeit, und das aus
der Ehemann heimkehrt. Er weiß, daß ihr Herz
Berlin W. kam nur selten. So tritt Georg
ihm seit zehn Jahren nicht mehr gehört hat, er
Droescher, der sich viele Sympathien hier erworben,
kennt den, dem es sich zugeneigt hat — als er
Ein den Verband des Königlichen Schauspielhauses,
von diesem nun aber nachträglich erfährt, daß er.</Unicode>
            </TextEquiv>
        </TextRegion>
    </Page>
</PcGts>
