3484 4256
233 160 469 254 9.3.
1444 144 1906 242 box 15/3
778 151 1329 230 uene Kakadu
460 177 1311 266 Der grüchernanaaa
660 1474 3044 1570 ziehungen und die abgeklärte Weisheit des Sechzigjährigen! Grün war ein schlichter Henry, Edith Penner sein verteufel¬
1856 1524 3042 1594 tes Frauchen. Erich Weingärtner stand als prahlender
663 1540 1861 1603 besondere Bedeutung erhält. Ohne eigentlich dramatisch zu
1844 1576 3039 1634 Scerevola wuchtig neben dem abgefeimten Prospére Ferdi¬
666 1590 1858 1658 sein, und trotz erheblicher Längen, fesselt das Stück durch die
1859 1631 3051 1684 nand Ahnelts. Willie Schmitt gab einen blasierten Vicomte,
661 1635 1859 1695 starken Reize feinfühliger Menschengestaltung und durch die
1863 1658 3052 1720 Heinrich Kastner den Milchbart Albin. Ueber all dem hohlen
661 1683 1856 1737 innere Spannung, die von aller Opferbereitschaft ausgeht.
1860 1708 3058 1774 Plunder einer sterbenden Zeit, die der Marquis von Walter
730 1716 1858 1777 Die Aufführung, die von Woldemar Jürgens geleitet
1848 1745 3045 1814 Thomaß leibhaft verkörperte, schwebte die fleischliche Weib¬
660 1753 1858 1820 wurde, gab dem Stück einen merkwürdig heiteren Rahmen, da¬
1856 1773 3060 1861 lichkeit Severines in Marianne Mierschs geschmeidiger Ge¬
658 1801 1857 1870 zu einen fröhlichen Garten und einen, auch am späten Abend
1867 1852 1985 1920 stalt.
668 1843 1851 1917 noch ganz lichtseligen Himmel, also alles das, was man ge¬
1939 1871 3052 1947 Das Haus spendete beiden Werken starken Beifall. Wir
667 1889 1850 1952 rade hier nicht erwartet, weil diese Menschen nicht nur in
1855 1914 3062 1984 ber verhüllen trauernd das Haupt, daß erst ein Franzose
670 1930 1856 1989 ihre lastende Not sondern auch in die hohen Häusermauern
1870 1956 3074 2036 kommen muß, um uns einen Menschen zu zeigen, der sittliche
664 1977 1851 2033 des unendlichen Paris eingeschlossen sind. Das verschob zu¬
1855 1996 3032 2079 Größe hat, während unsere jungen deutschen Stückeschreibe
661 2019 1857 2085 nächst den Blickpunkt auf die schweren Ereignisse, und diese
218 2016 366 2101 eater.
2783 2058 2848 2113 1
1865 2056 2490 2141 ihr Brünstchen brennen lassen.
668 2050 1860 2134 schleppten dann in einem so verzögerten Tempo über die
462 2078 594 2149 ler.
664 2103 1862 2167 Bühne, daß der Eindruck der Darstellung weit hinter dem
544 2140 1869 2208 ehrte lodes Buches zurückblieb. Von dem Sturm dieser ungeheuren
567 2198 663 2254 hter
664 2188 1848 2264 Zeit vernahm man nichts, als das matte Klingen einer schücht
585 2240 659 2293 ier
666 2232 1858 2298 ternen Marseillaise. Das drückte auch auf die einzelnen Dar¬
676 2269 1861 2336 steller. Hans Gerlach blieb als Herr von Courvoisier reich¬
609 2283 671 2348 er
675 2309 1870 2386 lich trocken, war mehr ein würdiger Prediger als ein Mit¬
674 2379 1872 2447 glied des Konvents. Willie Schmitt, behindert im Tempo,
676 2398 1874 2477 legte seine Angst in schmelzende Töne und machte so einen
682 2450 1878 2514 anderen Romeo. Bleibt noch Marianne Miersch, der die
671 2492 1877 2560 strahlende Hoheit weit besser gelang als die hingebungsvolle
683 2537 1872 2602 Liebe, die aber trotzdem ein schönes, tapferes und erhabenes
682 2575 1880 2652 Frauenbild schuf. Aus dem gedämpften Hoftheaterton der
672 2620 1870 2700 Uebrigen trat nur noch Walter Gußmanns derb angefaßter
676 2663 1872 2733 Crapart und Karl Tröndles subalterner Carnot wesentlich
607 2719 672 2771 eit
678 2730 864 2793 hervor.
755 2740 1868 2808 An demselben Uebel litt die Darstellung des Grünen
197 2759 680 2845 enkt hat. So auch die
683 2787 1875 2866 Kakadu, der zu den wirkungsvollsten Theaterkunststückchen
682 2827 1871 2907 unserer Zeit gehört. Greller Widerschein des Theaters im
199 2834 674 2909 im großen Akt den Tag,
677 2860 1881 2945 Theater, uberspitze Technik in überhitzter Atmosphäre. — Hier
219 2890 676 2958 seinem Abglanz in der
683 2923 1867 3005 ging es sehr gemütlich zu, so gemütlich, daß statt des stür¬
210 2935 673 3006 Zwischen ihn und seine
680 2964 1861 3030 menden Fackelzugs nur zwei Theaterfunzelchen sinnlos an
184 2986 680 3042 ermutet ein Dritter, der
689 3002 1863 3079 dem Fenster hin und her geführt wurden, immer vor und
188 3030 681 3080 hn die reine Frau fesselt.
679 3042 1877 3132 zurück, vor und zurück, damit man ja nicht vergäße, daß man
192 3067 673 3136 ht, rettet den Liebhaber,
680 3084 1878 3171 im Theater wäre. Atemlos springende Ereignisse, denen der
190 3117 676 3180 perläßt. Sie aber bleibt,
679 3125 1874 3213 Atem so sehr fehlte, daß man nicht im entferntesten an etwas
194 3156 691 3225 und läßt den unmänn¬
685 3186 1697 3268 Böses dachte, bis plötzlich die Revolution ausbricht.
201 3202 678 3274 Gatten das Schaffot zu
772 3213 1879 3284 In der Darstellung einiges sehr wirkungsvoll. Herbert
744 3261 1884 3332 oehme gab einen heißeren Crasset von starken Maßen.
175 3276 688 3355 deutschen Literatur nicht
201 3318 1881 3416 tiefen menschlichen Be= Philipp Orlemann einen sehr vornehmen Herzog. Hans
