3484 4256
797 197 1374 292 uene Kakadu
1466 196 1900 294 box 15/1
268 192 588 305 9.3. D
517 217 1336 310 LLF ATLEAEEEAEE
1459 1064 1970 1170 un Aee
236 1161 2302 1273 hien qu'ils ne voulaient pas autre chose et qu'à nos neveux; mais ilira loin sous les yeux
247 1237 1280 1295 qu'üne piéce du Chätelet n’est jamais, ou pres¬
1280 1240 2091 1328 de nos garçonnets et de nos üillettes.
235 1285 1291 1353 que jamais, depuis ie Tour du monde en 80
245 1332 1286 1402 Jours, qu'une course aux clochers, à tous les
1308 1308 2308 1402 Je vous ai dit dans son temps tout le bien
252 1380 1272 1451 clochers de Lurivers, sous un prétexte quel¬
1280 1395 2298 1448 que je pensais de Abandon de Psyché, comédie
250 1421 465 1485 conque.
1275 1428 2301 1504 en un acte en vers, de M. G. de Primefeu, jouée
272 1444 1264 1534 Et c’est ainsi qu'on nous mène à Brighton et
1282 1482 2305 1564 l’année dernière aux Bouffes-Parisiens; mais
246 1524 1274 1573 en Hollande et à Venise et en Amérique et en
1273 1535 2296 1591 je mavais pas pu, contre mon habitude, pour ce
250 1562 1262 1626 quelques autres lieux cireonvoisins ou éloi¬
1275 1581 2295 1636 qui est des pièces en vers, vous en citer quel¬
238 1618 1266 1685 gnés, pour le plaisir de nos yeux et aussi de
1276 1625 2302 1702 ques couplets. Jele puis maintenant, ayant recu
251 1666 1274 1728 nos oreilles, car, souvent, la musique est trés
1277 1671 2122 1732 la brochure, guce sera lamen respewit.
238 1721 1274 1777 iolie, soih qu’elle soit inédite, coit qu’elle seit
1317 1720 2309 1789 Vous vous souvenez peut-étre de la fable de
241 1756 1277 1838 anciennes mélodies arrangées peur la circon¬
1272 1766 2295 1843 cette petite pièce. Psyché aété punie pouravoir
250 1805 447 1863 Stance.
1270 1825 2290 1879 voulu voir Eros desses yeux, à ne plus le voir
264 1833 1261 1926 Ifaut citer comme clous, c’est-à-dire comme
1266 1867 2302 1930 jamais. Elle languit, triste et solitaire, dans le.
241 1900 1259 1968 tableaux, la plage de Brighton, la féte du pati¬
1268 1920 2296 1970 lieux, charmants jadis, funebres aujourd’hul, ou
239 1957 1264 2028 räge à Amsterdam, le carnaval de Venise, New¬
1278 1959 2298 2029 elle a été aimée. Mais voici que nous apprenons
249 1998 844 2068 York et enfin l’apothéose.
1264 2015 2287 2073 et qulelle apprend qu'elle a été punie, mais non
267 2031 1588 2107 Je n'ai pas besoin de vous dire, si tant est pas oubliée.
253 2076 1268 2160 que voustenez à le savoic, que Maud finit, après
1297 2084 2277 2170 Car Eros revient. Ihrevient, invisible, comme
238 2144 1264 2223 toütes ces traverser, par épouser l’élu de son
1257 2146 2275 2222 autrefois, comme avant la nuit fatale, protégé
244 2184 402 2250 echur.
1264 2210 2282 2271 par les ténèbres, de la nuit. Et il aime encore
271 2210 1263 2300 Lé Chätelet s’est mis en très grands frais, en
1270 2254 2283 2315 Psyché et il la berce de douces et enivrantes
244 2288 1264 2357 plus grands frais qu’à Pordinaire, pour cette
1266 2296 2284 2359 paroles. Au moment méme ou Psyché exhale la
239 2333 1251 2393 piece à grands spectacles et à prodigalités fas¬
1265 2355 2282 2419 plainte de son cceur dans un thrène touchant et
248 2389 1251 2451 tueuses et à défilés et hallets élégants et écla¬
1266 2390 1503 2464 élégant:
236 2426 1261 2504 tants, on ne saurait souhaiter ni mienx, ni
1285 2459 2277 2528 O mes nuits dautrefois et mes scmmeils tranquilles !
245 2476 383 2545 plus.
1293 2497 2122 2573 Mes réves qui riaient à mes pensers fragiles,
260 2496 1260 2582 Einterprétation est tout à fait digne de louan¬
1293 2540 2076 2583 Et mes naifs désirs, que sont-ils devenus?
1297 2563 2258 2627 Tous ces simples bonheurs ne me reviendront plus;
225 2579 1268 2628 ges. M. Paul Fugère, que vous connaissez assez,
1306 2612 2222 2673 Car l’Amour, en m’aimant, m’a révélé mon üme
239 2620 1262 2676 #eté extrémement plaisant, à son ordinaire.
1286 2661 2184 2716 Los baisers de l’Amour brülent comme la flamme
238 2660 1271 2734 M. Frances est le merveilleux bouffon, copieux,
1286 2696 2105 2747 Etla trace qulils font rien ne peut l’effacer.
237 2723 1257 2784 tranquille et solennel que vous savez et qui,
1290 2725 2130 2791 Pourquoi l'ai-je connu säldevait me laisser?
1280 2775 2074 2827 Hélas! Jen’aurai donc entrevu son image.
241 2767 1263 2817 dlün geste ou d’un mouvement lent de sa téte
1287 2813 2047 2860 Que pour le regretter encore davantage,
243 2813 1265 2870 epique met toute une salle en joie. M. Pougaud
1280 2836 2206 2903 Et, serrant vainement uneromhre entre mes bras,
239 2859 1254 2924 aété plein d’entrain, de brio et de bonne hu¬
1291 2892 2163 2953 Ayant en coqwiliest, pieurer qu'il ne soit pas!
235 2907 402 2969 meur.
1258 2946 2274 3009 Ace moment-la méme, Eros, dans l’ombre pro¬
239 2949 1259 3018 Hfäut compli.lenter encore, et tres chaude¬
1268 2987 2271 3065 fonder etdouce, vient chanter à l’oreille de la
232 2994 1259 3070 ment, Mme Renée Bussy, tres franchement et
1269 3034 1699 3104 Sulamite grecque.:
234 3053 1260 3119 puissamment comique, ce quiest sirare chez
1282 3080 2047 3138 Ma douleur ente quiltant fut telle
231 3105 1257 3178 une femme et Mlles Gril et Crisafully, très ex¬
1281 3118 2090 3187 Que l’échorésonna de ma plainte cruelle,
236 3145 914 3213 pertes et aisées dans leur jeu.
1288 3187 2099 3238 Et sans me détourner j'ai repris les chemins
256 3213 2087 3294 F'Oncte dAmerigse wira peut-étre pas jus- Qui menent au séjour ignoré des humains:
2316 1177 3160 1254 Les bords en sont flcuris, et la siche légere.
2327 1243 3212 1305 Sans craindre du chasser la fleche meurtriere.
2321 1286 3148 1338 Mire son front ramenx 9# miroir des étangs.
2330 1325 3177 1371 Sous le tranquille ciel Tun fidele printemps.
2319 1365 3245 1416 Bien des couples divers marchent dans la prairie,
2326 1403 3232 1457 Röpandant sur leur pas des parfums d’ambroisie.
2324 1436 3301 1497 Et, quand dans l’air plus pur, au soleil plus brillant,
2315 1461 3160 1531 Près des dieux onlacés je passc an seuriant,
2322 1484 3322 1569 Les oiseaux sont plus gais ehles feurs sont plus belles
2321 1550 3324 1612 Et lamour luit plus tendre aux yeux des immertelles.
2348 1595 3170 1647 — Mais lorsqucton regard agant trahi ma foi,
2331 1627 3135 1665 Sur l’ordre du destin j'ai da fuir toin de toi,
2324 1659 3253 1733 Vainement dans l’espoir de mes regards propices,
2317 1696 3236 1758 Les frémissantes fleurs m'ont offert laurs calices,
2326 1733 3295 1800 En vain les cerfs bramants, les oiscaux et les dieuz
2329 1779 3176 1825 Pour y puiser l’amour ont regardé mesyenx;
2327 1818 3220 1878 Jaistenu sur mes pleurs mes paupidres baissées.
2326 1854 3211 1921 Et les dieux se sont tus, les mains désenlacées,
2318 1892 3058 1944 Les roses inclinaient un front décoloré,
2325 1916 3227 2003 Et, voyant ma douleur, les nymphes ont pleuré:
2336 1984 3331 2073 Je ne sais si vous vous rappelez la lin de
2287 2029 3328 2120 Thistoire. Pour la seconde fois, Psyché céde à
2296 2099 3329 2153 sa curiosité qui est, après tout, simplement une
2292 2148 3320 2209 forme de son amour. Elle ne prend plus la
2282 2183 3328 2251 lampe; mais elle laisse venir le jour pour ne¬
2283 2242 2916 2298 garder Eros et pour le voir.
2314 2282 3337 2371 Eros résiste, essaye de fuir avant le joun, et.
2295 2340 2971 2407 par faiblesse lui aussi, il reste.
2325 2387 3340 2444 Quand le jour s’est fait et que Psyché ne¬
2280 2444 3328 2521 garde, elle ne voit qu’un satyre odieux et abe¬
2288 2485 2505 2556 minable.
2316 2513 3339 2609 Les dieux l’ont punie une secende lois et
2292 2585 3336 2653 ont puni Eros lui-méme. II est dans P’ordre di
2288 2639 3331 2705 destin qu'un morte! ou une mortelle ne verra
2282 2689 3328 2738 jamais l’amour pleinement, et que ce queneus
2289 2736 3335 2794 en connaissons n’en est qu’une vaine appa¬
2285 2783 3334 2848 rence. On ne voit pas l’amour, on entendesenle¬
2280 2829 3316 2905 ment sa chanson et l’on respire seulement se.)
2277 2874 2918 2935 parfum. C’est bien possible.
2316 2915 3330 3001 Lidée de ce poème est jolie et les versten
2284 2971 3322 3047 sont quelquefois agréables. Il est regrettabl
2286 3018 3334 3095 soulement que l’auteur écrive preitnen que.
2280 3076 3315 3135 J'aimerais mienx qu'il employät un autre tour.
2273 3122 3336 3204 Mais, enfin, il a de Pimagination et à l’ordinaire.
2268 3162 2577 3236 il écrit bien.
2832 3202 3231 3305 EMILE FAGUET.
