3484 4256
874 182 1377 259 iene Kakadu
580 203 679 263 e
305 197 1353 285 9. 3  nstenetene
1512 164 1943 259 box 15/3
2361 303 2486 386 1
2355 387 2871 482 CeeriG
2309 559 3070 670 RENS OR THB THEATRES
2312 675 3059 758 THE LFCEUM BECOMES ATEM¬
2416 735 2960 808 PORARY CHAMBER 0F.
2561 783 2799 848 HORRORS.
2322 853 3063 932 Between Schultzler’s The Green
2380 915 3066 979 Cockatoo“ and Hauptmann’s
2409 957 3062 1022 Hannele,“ Mrs. Fiske Presente..
2380 1004 3068 1068 Deuble Bill of Unmitlgated Gloon—
2383 1049 3093 1114 As a 12-Fear-old Child the Great
2382 1082 3080 1153 Actress Lacks Convietion, and Though
2397 1140 3072 1205 Hannele's“ Production Is Most
2404 1188 3065 1246 Elaborate, Its Effeets Are Spollen
2402 1239 3076 1295 by Too High Lighting—A Performn¬
2393 1271 3071 1342 ance of the Hauptmann Play Which
2393 1323 3081 1384 Misses Every Appealing Note.
2362 1369 3072 1432 If you are looking fora fit ofthe horrors
2337 1428 3068 1483 this week, go tothe Lyceum Theatre, and
2334 1463 3069 1519 Mrs. Fiske and her company in The
2333 1490 3080 1556 Green Cockatoo“ and Hauptmann’s“ Hän¬
2335 1542 3081 1602 nele’ will supply yon with twofits forthe
2337 1571 3084 1640 one price of admission. For Mrs. Fiske
2330 1612 3085 1684 individually it was by no mannor of meang
2326 1656 3083 1711 anight of triumph, forthesystem of seif¬
2328 1690 3075 1747 effacement which she has adopted lately
2331 1727 3090 1793 kept her out of The Green Cockatoo“
2343 1759 3085 1832 altogether, and in the title röle of
2341 1814 3092 1858 Hannele the spectacle of seeing her
2344 1847 3082 1912 playing a 12-year-old child was al¬
2344 1881 3092 1944 most too severe a strain upon the
2332 1916 3094 1974 imagination. In the dim half light of
2345 1962 3089 2007 the beggar’s den, lying on the cot bed,
2349 2007 3097 2053 carefully draped with her rags and the
2334 2038 3097 2097 blanket, Mrs, Fiske’s volce carriedthe rôle
2344 2076 3091 2133 for a eingle scene, but oven here vocally
2340 2126 3094 2177 her performance was by no mears
2341 2155 3092 2214 childish. Later, when in the courée ofher
2341 2192 3098 2246 dreams she assumes the white celostial
2346 2240 3044 2295 robes of Hannele and prepares to ent
2340 2281 2970 2325 her golden coffin, and later, whien wi
2342 2313 2970 2366 calciums blazing full upon her sb
2348 2353 2979 2403 pares to mount the golden stair
2344 2389 3000 2443 reminded you only of a partion
2347 2424 3102 2480 buxom and precocious little Fva, who
2364 2465 3031 2521 was not by any mears so littlo at that.
2827 2495 3103 2563 a step from
2380 2507 2811 2561 After all, it is only
2349 2535 3100 2595 the sublime to the Uncle Tom’s Cabin
2359 2594 3094 2642 point of view and last night the light
2356 2620 3105 2671 effects were in nearly every instance
2359 2662 3097 2712 pointed so high that all illusion was lest.
2348 2699 3105 2750 Never from an electrical and mechanical
2349 2738 3103 2798 point of view has  Hannole' beon 80
2362 2775 3100 2828 elaborately monnted, but never before
2363 2821 3102 2876 have we seen a performance of it which
2356 2847 3115 2915 carried so little conviction. Forthis, it i8
2353 2890 3108 2944 true, the overlighting was partlytoblame,
2352 2931 3113 2988 but at the same time Mrs. Fiske's own
2367 2970 3103 3027 portrayal was most serionsly at fault.
2372 3008 3121 3069 Throughout there was an overelaboration
2366 3049 2923 3106 which seriously hurt the play.
2389 3078 3115 3135 As a matter of fact, Hannele“ ie a
2364 3119 3118 3186 play to be read rather than acted. It
2374 3164 3123 3221 deals with such sacred and celestial things
2369 3207 3116 3270 that no stage inanagement in the world
2368 3249 3119 3302 can present it littingly; besides, the pres¬
2371 3278 3120 3329 ence of the figure of the Saviour on the
2374 3326 3115 3369 stage in the full glare of the lime¬
2360 3352 3112 3408 light is just as objectionable to many
2368 3397 3118 3469 thousands of theatregoers as it was
2378 3447 3115 3495 when first shown here sixteen years ago.
2374 3466 3124 3543 It’s all very well to say that thie figure is
2366 3525 3121 3571 merely Hannele’s friend, Dr. Gottwaid,
2364 3564 3112 3614 glorified by thechild’s fervid imagination,
2381 3589 3124 3648 but the intent and the result is to present
2366 3624 3120 3681 an actunl flgure of the Christ. Gottwald
2375 3669 3114 3724 is, of churse, the most important röle
2362 3701 3114 3765 in“ Hannele,“ and here again there was a
2360 3741 3117 3798 disappointment in Mr. Holbrook Blinn's
2376 3783 3116 3829 Interpretation of it. That wonderful
2375 3822 3119 3876 speech in the second scene he rendered
2364 3856 3115 3927 in a monotonous way, which had no real
2376 3894 3118 3956 trace of tenderness. Miss Allee John
2372 3929 3126 3993 played the nun beautifully, and Wilfred
2384 3970 3130 4032 Buckland’s makeup as the Tall Dark
2381 4014 3116 4071 Angel was singularly impressive. But
2375 4054 3120 4106 for all that there was not one moment
2376 4090 3122 4151 when the play really caught and heid
