3436 4192
1150 258 1383 341 Kaka
2086 261 2568 359 hox 15/5
324 254 1966 384 9. 4. Der Bruene Kanaan7VkInS
2132 1661 2271 1738 —.—
2202 1691 3293 1787 dige. Von vormherein hastet dem Stosse selbst eine
173 1697 1159 1785 eiamne Site den „Leben ein Prann anting.
1149 1697 2213 1787 muit einen in sihon unge denen Madesen mnide.
172 1769 1155 1832 gewiß gewandt und zierlich in Versen ausge¬
2218 1767 3289 1843 starke Grausamkeit an, die schon in der ganzen,
1151 1774 2210 1837 Diese Lüge empört ihn, ei ruft ihm zu: „Ich hätte
2205 1810 3296 1887 eigemlih unnöthigen Erklärung beinahe „praesente
176 1821 1155 1887 kt, aber man fühlt zu sehr die Nähe der ge¬
1153 1818 2213 1888 Dich vom Bode aufgehoben, wenn Dich der Schmerz
2211 1855 3278 1933 cadarere“ liegt. Das befremdet etwas, kann aber
167 1866 1161 1946 stisch dem Gatten drohenden Hörner, die nicht viel
1151 1875 1502 1943 gebrochen hätte
1479 1882 2211 1940 — an ihr Grab wär ich mit Dir
2207 1899 3282 1983 den großen Eindruck nicht beeinträchtigen. Hier kam
162 1915 1152 1978 er wie wirkliche sind, Jedenfalls hätte das
1146 1921 2213 1979 gegangen — wenn es Deine Geliebte wäre, die da
2213 1965 3285 2034 noch die musterhafte Darstellung durch Herrn Son¬
166 1952 1160 2046 ck unendlich viel gewonnen, wenn die Darstellung
1140 1953 2211 2044 draußen läge — aber Du hast sie zu Deiner Dirne
163 2016 1158 2091 veniger schwer und pathetisch genommen und als
2199 2013 3278 2075 nenthal und Frl. Bleibtreu zu Hilfe. Herr
1148 2008 2212 2079 gemacht — und dieses Haus hast Du bis an die
2218 2055 3274 2129 Sonnenthal hat selten rührender und erschütternder
172 2066 1151 2124 spiel gegeben hätte, was als Lustspiel gedacht
1160 2065 2208 2134 Decke mit Schmutz und Lüge so angefüllt, daß mich
2210 2100 3270 2181 gesprochen, Frl. Bleibtren nie vornehmer geschwiegen.
188 2117 1151 2179 Ich möchte glauben, dieses in seinem Problem
1152 2109 2216 2195 ekelt — und darum — darum, ja darum jage ich
2218 2153 3293 2238 Herr Zeska bot sein Bestes in einer nach Herrne
1151 2162 1475 2240 Dich hinaus“.
180 2166 1148 2235 n etwas preciense Werk gehört noch in jene Zeit
2212 2213 3064 2276 Devrient gebieterisch verlangenden Rolle.
185 2218 936 2283 Dichters, der „Anatol“ entstammt.
1254 2187 2217 2279 Doch nicht nur er, der Freund, hat freventlich
189 2236 1145 2325 Ganz aus der Stimmung des Novellencyelus
2308 2232 3275 2316 Nach dem Adagio==Ausklange der „Gefährtin“.
1146 2245 2210 2318 gespielt, aus dem Munde einer Frau muß er ver¬
175 2297 1142 2382 sie Frau des Weisen“ dagegen ist „Die Gefährtin“,
2218 2283 3274 2363 setzt das rauschende Brio des „grünen Kakadu“ um
1140 2308 2207 2377 nehmen, daß auch seine Gattin dieses Verhältniß nur
176 2346 1151 2435 Stück unmittelbarster Gegenwart, entsprungen.
2217 2349 3280 2426 so kräftiger ein. Schnitzler hat mit ihm eine ganz
1141 2353 2212 2422 als Zerstreuung betrachtete und ruhig bewußt dem
192 2406 1151 2469 man möchte sogar speciell auf die Erzählung
2214 2384 3270 2465 eigenartige Specialität geschaffen, für die er mit
1145 2414 2213 2479 anderweitig gebundenen Manne angehörte. Jetzt treunt
2207 2452 3267 2526 Recht auch die ungewöhnliche Bezeichnung „Groteske“
165 2436 1160 2525 er Abschied“ verweisen, von der aus sich der
1153 2460 2217 2525 ihn erst eine Welt von ihr, die nur zufällig sein
2216 2500 3272 2566 wählte. Schein und Wirklichkeit, Komödie und Leben,
165 2487 1159 2571 wurf des Stückes weiter gesponnen. Da trauert
1142 2499 2209 2563 gewesen; indem er das Haus verschließt, und vor
2213 2544 3276 2617 Zusammenbruch des Staats und Schauspielerei der
178 2555 1157 2618 Liebhaber an der Leiche des Weibes, das sein
1146 2558 2213 2620 dem Scheiden den Kranz des Geliebten auf ihren
2209 2589 3273 2666 Kneipe huscht in contrastirenden Momentbildern
198 2604 1161 2673 ohne daß es Jemand ahnte, er drückt dem
1160 2602 2212 2664 Schreibtisch legt, befreit er sich von der Vergangen¬
166 2639 1145 2712 Bweifelten Gatten die Hand, während er selbst
2205 2640 3284 2710 vor unseren Augen durcheinander. Der Kern der
1150 2649 2209 2711 heit. Die letzte Illusion ist begraben. Mit einer
183 2695 1154 2762 wird im Angesicht des Todes. Diesen „dürren
2211 2692 3279 2764 Handlung ähnelt der Tabarin= oder Bajazzo=Geschichte:
1156 2707 2204 2775 nervenaufrührenden Kunst der Stimmung wird der
2215 2741 3287 2814 Theater wird Wahrheit vor entsetzten Zuschauern. Der
197 2753 1157 2817 wesenlosen Schmerz“, fühlt hier Professor
1153 2759 2209 2829 einfache Vorgang verinnerlicht und nach außen hin
166 2801 1145 2863 gram, dessen Gattin eben zur letzten Ruhe hinaus¬
2218 2797 3282 2847 Schauspieler Heuri spielt eine Scene, in der er den
1144 2796 2222 2866 durchgesprochen, zum großen Theile in verhaltenen
162 2851 1152 2909 kagen worden. Aber sie hat nur neben ihm ge¬
1151 2850 2222 2913 tiefen Tönen, gegen die sich der starke Ausbruch um
2215 2845 3279 2913 Liebhaber seines Weibes ermordet, so daß der Di¬
202 2901 1150 2962 seine Gefährtin war sie nie; er hat ihr gerne
1146 2899 2209 2965 so schöner abhebt. Das Werk zwingt den Hörer,
2203 2884 3282 2958 rector, der um ihre Treulosigkeit weiß, die Komödie für
203 2948 1158 3006 Liebesglück, das ihr durch seinen jungen
2203 2939 3274 3006 Wahrheit nimmt und durch seine Reden deren Verräth
1147 2952 2219 3010 auch, wo er widerstreben möchte; und das ist der
169 2996 1152 3066 istenten erblüht, gegönnt, von Tag zu Tag einer
2211 2996 3278 3055 enthüllt, den Heuri nun erst wirklich an dem Ver¬
1152 2991 2220 3064 Fall im zweiten Theile, wo die Charakteristik der
165 3048 1144 3102 knen Erklärung entgegenharrend. Daß diese aus¬
2215 3042 3275 3115 führer rächt. Dieser Verführer aber ist Herzog von
1157 3041 2209 3114 unwürdigen Gattin allzu gewaltsam uns überfällt;
165 3097 1159 3151 b, macht ihm die Mittheilung des rückkehrenden
1154 3083 2209 3156 nachdem wir uns schon gewöhnt haben, sie als Opfer
2210 3093 3278 3165 Cadignan, und dieser Vorgang ereignet sich in einer
167 3146 3288 3227 bhabers klar, der ihm sei#e officielle Verlobung zu betrachten, sehen wir sie plötzlich als Mitschul= Spelunke, in der sich nervenmüde Aristokraten neuen
