3484 4224
574 136 740 208 Der
810 141 1398 216 ruene Kakadu
1525 144 1983 246 box 15/4
317 129 1391 270 9.3nmat
1535 623 1775 710 E2 45
768 682 1700 750 JOSSLRVER
759 751 1764 804 I. österr. behördl. konzessioniertes Unternehmen für
1067 791 1478 836 Zeitungs-Ausschnitte
914 819 1632 902 WIEN, I., WOLLZEILE 11
1062 890 1487 936 TELEPHON R 23-0-43
759 908 833 976 50
765 983 1108 1062 Ausschnitt aus;
926 1101 1645 1223 Prger Prusse, Pras
776 1176 994 1284 rome e
1221 1282 1684 1391 —2 SEP. 1936
782 1492 1496 1564 BUHNE UND MUSIK
902 1593 1730 1658 Aktionsprogramm des Reichenberger
789 1612 1726 1709 Stadttheaters. Oper: Mozart: „Die Entfüh¬
792 1681 1712 1758 Frung aus dem Serail“ Beethoven: „Fidelio“,
801 1712 1710 1796 Weber: „Euryanthe“ und „Der Freischütz“
783 1767 1732 1839 Lortzing: „Zar und Zimmermann“, Wagner:
785 1828 1725 1898 „Lohengrin“ Kienzl: „Der Evangelimann“,
786 1862 1722 1940 Richard Strauß: „Ariadne auf Naxos“ Ros¬
1977 1865 2951 1933 gab in zwei Einaktern zwei Schauspieler. Zu¬
780 1915 1722 1982 sini: „Der Barbier von Sevilla“, Auber: „Die
1983 1915 2962 1967 erst in der geistvollen Skizze „Talmas Ende“ von
772 1931 1716 2034 Stumme von Portici“, Verdi: „Macbeth“,
1979 1949 2956 2006 Affred Polgar und Armin Friedmann den ster¬
777 1984 1704 2071 Puccini: „Turandot“, Dvorák: „Jakobiner“,
1970 1991 2966 2058 benden Tragöden, von Herrn Marlitz ganz
776 2025 1709 2112 als Festspiel: „Die Meistersinger“. — Ope¬
1974 2048 2973 2112 gut und von der kleinen talentierten Grete
769 2068 1707 2154 rette: Leo Fall: „Die geschiedene Frau“,
1975 2091 2959 2148 Jacobsen auf eine entzückende Art unter¬
761 2117 1713 2195 „Der liebe Augustin“ Karl Millöcker: „Der
1980 2129 2952 2195 stützt. Moissi war schon in der Maske fabelhaft.
762 2162 1710 2252 arme Jbnathan“, Franz v. Suppé: „Fatinitza“,
1974 2189 2956 2244 Wie er dann tragisch drapiert den Tod mimte
763 2212 1696 2284 Johann Strauß: „Eine Nacht in Venedig“,
1982 2219 2962 2281 und sodann unendlich banal stark das zu sehen
770 2251 1701 2329 „Der lustige Krieg“, Jacques Offenbach: „Pa¬
1980 2269 2961 2332 war wohl einen schönen Früherbstabend wert.
756 2278 1700 2369 riser Leben“, Ralph Benatzky: „Liebe im
1974 2298 2960 2384 Die große Mimenpose liegt diesem Menschen
764 2320 1697 2416 Schnee“, „Axel an der Himmelstür“, Em¬
1979 2364 2959 2419 nicht, auch nicht, wenn er sie karikieren soll; sein
751 2357 1700 2455 merich Kalmán: „Kaiserin Josephine“, Ber¬
1980 2401 2959 2472 Talma war ein moderner Schauspieler und nicht
760 2412 1699 2505 nard Grün: „Gaby“ Hans Lang: „Hofloge“,
1980 2453 2954 2505 der pathetische Ke# diant der Autoren, man
760 2463 1695 2544 Jära Benes: „Grüne Wiese“, Alexander Stein¬
1977 2493 2961 2562 hätte die Rolle undichten müssen. So hörte man
759 2504 1695 2575 brecher: „Der Schneider im Schloß“ Edmund
1986 2541 2953 2594 Worte und sah ein Bild, das nicht völlig dazu
749 2547 1689 2636 Nick: „Das kleine Hofkonzert“. — Sprech¬
1982 2582 2958 2641 paßte, aber in sich wahr war, hinreißend, zum
753 2591 1697 2676 stücke: Schiller: „Kabale und Liebe“, Les.
2630 2626 2965 2677 Schnitzlers
1983 2632 2491 2689 Lachen und Weinen.
749 2638 1688 2732 sing: „Minna von Barnhelm“, Shakespeare
1994 2663 2956 2730 Groteske „Der grüne Kakadu“, de Trägt¬
752 2693 1678 2753 „Maß für Maß“, „Komödie der Irrungen“, Ib¬
1982 2701 2954 2773 komödie von dem dummen vergnügungs¬
753 2732 1679 2808 sen: „Stützen der Gesellschaft“, „Wildente“,
1991 2756 2959 2826 tollen Publikum, das noch in die Ver¬
752 2754 1675 2848 Hebbel: „Maria Magdalene“, Raimund: „Der
1985 2795 2962 2860 gnügungslokale rennt, wenn die alte Welt
744 2802 1686 2897 Verschwender“, Schnitzler: „Der grüne Ka¬
1997 2846 2957 2903 über ihm bereits zusammenstürzt, hätte heute
748 2842 1680 2934 kadu“ und Wedekind: „Der Kammersänger“
1988 2891 2950 2941 furchtbar wirken missen; wie lebt doch dieses
744 2890 1681 2976 Georg Fraser: „Neun Offiziere“ (Urauf¬
1988 2935 2958 2981 kleine Stück des Me#ters, wie wird es leben!
746 2937 1680 3023 führung), Ludwig von Wohl: „Tropenluft“
1993 2976 2984 3045 Aber eine ziemlich hilflose Regie hatte dem Werk
734 2988 1671 3061 St. Bekeffy und Adorjan Stell: „Unentschul¬
1981 3032 2968 3087 allen Schwung geno#en; nicht hörte, nicht
736 3034 1673 3106 digte Stunde“, F. Linpel: „Pn.gstorgel“, Vi¬
1986 3051 2968 3134 empfand man die fernen Donner der Revoluion;
739 3052 1675 3167 lém Werner: „Menschen auf der Eisscholle“.
1980 3119 2957 3172 nicht war der zum Jux gegen Aristokraten so
1985 3146 2962 3214 grobe Wirt (Herr Berndt) eine heimliche Ge¬
1991 3194 2963 3265 fahr, nicht der P#tloseph Grasset (Herr Wolf¬
1998 3249 2965 3301 gang) eine explotierende Mine unter der vor¬
1994 3284 2964 3373 ehn lässigen Gesellschaft; und war sie denn
988 3297 1218 3365 Frgent
2097 3323 2848 3397 em lässig? Genug, so wurde alles
1058 3311 1988 3411 h. Volksbühne. Gastfpiel Alerander
1978 3379 2839 3433 wie## zur Dekoratien und Kulisse rings:
1004 3401 1979 3465 Moissi. Alle Schauspieler kieben es, Schau¬
1985 3431 2957 3488 Sol seistung des berühmten Gastes: und d var
1008 3421 1984 3484 spieler darzustellen; es ist dann auf der
1985 3473 2948 3538 ungehener. In dieser besten aller Virtiwsen¬
1006 3477 1974 3546 Bühne gleichsam die Schwerkraft aufgehoben;
1985 3496 2959 3571 rollen, in der Schein und Wirk##eit, Spiel
1014 3516 1984 3579 man läuft spielerisch seinem eigenen Sch#ten
1984 3574 2952 3616 und Leben sich so unlesbar verwirren, kamn
1015 3550 1987 3633 nach, spielt vor einem Spiegel, in dem sich
1985 3599 2964 3657 dieser Künstler so ganz zur Gestung, den von
1014 3609 1991 3674 wieder Spiegel spiegeln. Eine solche kostbare
1026 3648 2951 3721 Gelegenheit, ungestraft ein Virtnos zu sein, hat der ergreisendsen menschlichen Wahrheit immer
1877 3688 2996 3764 ##er nur die srialerische See treune ####te Mahrhait
995 3696 1810 3773 man gestern Alerander Meiset
