3436 4224
1960 161 2406 244 box 16/1
201 168 1830 267 9.4. Der gruehe Kakadu  Zykius
613 945 1591 1120 ADOLF SCHUSTERMANN
548 1109 1658 1216 ZEITUNGSNACHRICHTEN-BUREAU
743 1182 1476 1276 BERLIN SO 16, RUNGESTR. 22-24.
2272 1294 2525 1381 —
605 1252 1609 1396 Zeitung: Frankfurter Nachrichten
1750 1369 3061 1426 surchtbaren Erleben des Krieges in einer Art wohligen Erschlaffens
1746 1413 2761 1486 auch im übrigen Deutschland mannigsach sich zeigte.
613 1416 869 1500 Adresse:
898 1377 1614 1528 Frankfurt.#=M.
1807 1438 3042 1507 Wir fühlen wohl, daß die Zeit für solche Sinnesrichtung vor¬
1742 1483 3035 1547 über ist. Auch die Zeit Schnitzlers ist. vorbei. Zu tief wühlten die
603 1522 850 1603 Datum:
1737 1542 3026 1600 Leidenschaften, zu laut drangen die Klagen zerrissener Herzen zu
1461 1566 1537 1636 S
1739 1567 3038 1627 verfinsterten Himmeln, ausgelöscht ist jene müde, entsagende Welt,
608 1604 734 1683 6
1740 1620 3025 1669 in der die Herzen sich mit ihrem Leid in die Behausungen des Schwei¬
1738 1648 3037 1721 gens flüchteten, und die Geister den Schleier der Skepsis über ihre
514 1666 1736 1731 Neues Theater. Die drei Einakter „Paracelsus, „Die Gefährtin“.
1738 1693 3036 1747 Enttäuschungen wie über ihre Hoffnungen breiteten. Und alledem
443 1711 1735 1785 and „Der grüne Kakadu“, die das Neue Theater zur Feier von
1737 1733 3036 1789 zum Trotz leben Schnitzlers Dichtungen. Aus der Seele eines feinen,
459 1754 1741 1814 ArthurSchuitzlers 60. Geburtstage in neuer Einstudierung zu Gehör
1739 1782 3028 1830 leisen, zarten Menschen geboren, sind sie nicht Ausdruck, wohl aber
453 1804 1733 1876 brochte, sind gewissermaßen typisch für ihres Schöpfers Art, das Leben
1739 1800 3037 1864 Ergänzung unserer wildgewordenen, unharmonischen, in tausend un¬
474 1837 1511 1912 z#sshen und es im Spiegel des Theaters festzuhalten.
1739 1847 3025 1908 gelösten Zweifeln und unerfüllten Sehnsüchten sich erschöpfenden Zeit.
1741 1898 3020 1939 Sie leben erst recht auf dem Theater als einer Welt des Scheins, wo
605 1892 1500 1937 Es war ein Spiel! Was sollt' es anders sein?
1737 1919 3036 1987 das Leben von selbst zum Spiele wird und Illusion und Wirklichkeit
599 1922 1525 1989 Was ist nicht Spiel, das wir auf Erden treiben.
1733 1972 3023 2021 ineinander übergehen. Sie leben dort mit der unerschöpflichen Kraft
656 1974 1471 2040 nb schien es noch so groß und tief zu sein!
1740 2007 3029 2061 des einmal Seienden, des Gegenständlichen, des naturhaft Gewachse¬
1744 2036 3026 2100 nen. Es fehlt ihnen am Kampf, dem Urquell alles Dramatischen und
591 2029 1470 2102 fließen ineinander Traum und Wechen,
1739 2090 3018 2144 dennoch sind sie und dauern sie, wie die Pflanze, die ihren Kelch der
581 2079 1504 2152 Wahrheit und Lüge. Sicherheit ist rgends.
1740 2124 3017 2175 Sonne öffnet, wie der Baum, der seinen Wipfel dem Wehen des
602 2123 1532 2183 *Wir wissen nichts von Anderm, nichts von uns.
1734 2170 3029 2218 Sturmes leidend, duldend entgegenträgt. Solche Kunst wollen wir
594 2169 1405 2221 Wir spielen immer, wer es weiß ist klug.
1749 2195 3028 2253 nicht missen; sie ist mehr als ein Narkotikum, das unsere Sinne be¬
530 2214 1739 2268 So heißt es im „Paracelsus“. Nur ein Spielball ist der über¬
1745 2242 3028 2296 täubt, sie ist ein milder, scheinbar verwehender und dennoch dauernder
450 2254 1736 2311 lebende Gatte der „Gefährtin“ in der Hand seiner Frau und ihres
1734 2289 3023 2353 Abglanz des Lebens. Alles Irdische ist ihr ein Gleichnis des Scheins.
462 2293 1741 2351 Geliebten gewesen. Im „grünen Kakadu“ täuscht man im Spiel die
1735 2323 2512 2393 aber eines wärmenden und strahlenden.
451 2336 1743 2394 Wirklichkeit des Verbrechens vor, und eh es die Akteure selber ge¬
443 2358 1748 2419 wahr werden, gehen Spiel und Ernst, Wahrheit und Lüge, Traum
1810 2368 3023 2438 Die unter der trefflichen Spielleitung Robin Roberts stehende
442 2412 1747 2463 und Erwachen ineinander über, zerfließen sie in ein untrennbares
1748 2407 3038 2483 Aufführung des Neuen Theaters brachte all diese Schwächen, all diese
452 2449 1732 2503 Ganzes. Nichts als ein Spiel ist das Leben; wer dies weiß ist klug.
1743 2462 3032 2507 Vorzüge Schnitzlerschen Schaffens auf's deutlichste zum Ausdruck. Die
450 2482 1732 2548 Schnitzler hat diese Klugheit und aus ihr erklärt sich die eigentüm¬
1737 2499 3019 2547 müde Stimmung der „Gefährtin“, der tolle Wirbel spielerischer Wirk¬
453 2528 1733 2588 liche Richtung seines schöpferischen Dranges. Seine Menschen ziehen
1736 2530 3028 2597 lichkeit und in Wirklichkeit gewandelten Spiels im „grünen Kakadu“.
440 2566 1736 2617 nicht aus zu großen Taten, sie tragen nicht die Erdenschwere des
1744 2581 3020 2629 gelangte ebenso zu lebensvollem Ausdruck wie der Wechsel von Schein
445 2595 1743 2671 Grüblers an ihren Sohlen, sie ringen nicht titanenhaft um das
1741 2622 3020 2664 und Wahrheit im „Paracelsus“. Kurt Gerdes, in allen drei
452 2646 1748 2704 Höcht sie fühlen nicht den unendlichen Schmerz des Erliegens, sie
1746 2660 3035 2724 Stücken mitwirkend, war am besten als Professor Pilgram, den Henri
442 2676 1747 2753 kän en nicht, sie sind. Sie leben, sie stehen mitten im Schwall des
1733 2693 3029 2744 in der Revolutionsgroteske erfüllte er mit leidenschäftlichem Leben,
447 2727 3022 2793 ### hehens, das sie umbraust, ungeheuer wahr, einfach, unkompliziert, während sein Paracelsus einen Rest an überzeugender Dämonie
502 2770 1747 2827 ##it einer Klarheit des menschlichen und dichterischen Instinkts er¬
1745 2774 3024 2828 schuldig blieb. August Weber schuf in den verschiedenartigen
461 2803 1747 2860 schaut und erschaffen, die ihres gleichen sucht auf der Bühne, aber so
1735 2809 3024 2854 Rollen des Cyprian und des Grasset zwei plastisch erschaute, lebens¬
456 2834 1751 2908 lebensvoll sie sind, sie haben kein Ziel, keinen Drang, am wenigsten
1743 2846 3029 2897 volle Gestalten. Sehr fein zeichnete Fred Hennings den jungen
444 2873 1730 2935 den, das Aben zu meistern. Wozu? Gilt es doch nur ein Spiel, in
1741 2896 3026 2944 Arzt in der „Gefährtin“ und den Herzog von Cadignan im „Kakadu“
438 2925 1733 2978 dem die schönen Augenblicke die Gewinne sind und das schreckensvolle
1734 2918 3027 2992 Peter Stanchina gelang besonders der Junker Anselm im „Para¬
452 2970 1747 3011 mit Grauen geahnte unvermeidliche Ende im Tode beruht. Müde
1738 2962 3030 3032 celsus“. Alois Großmann machte aus dem Wirt Prospère eine
454 3000 1740 3052 Resignation voll bitter=süßesten Verzichtes liegt über den Schnitzler¬
1732 3000 3027 3049 Type von schärfst erfaßter Prägnanz. Wir nennen noch José
447 3041 1742 3083 schen Menschen: aus allen seinen Werken schlägt uns wie aus duften¬
1742 3041 3041 3105 Almas, der mit dem Strolche Grain den vielen trefflich erfaßten!
451 3074 1740 3141 den Blumen, die vor dem Verwelken stehen, ein leiser Hauch von
1735 3086 3031 3146 Gestalten, die wir von ihm sahen, eine weitere charakteristisch ge¬
443 3116 1739 3174 Verwesung entgegen. Dekadence — mit diesem Worte umfassen wir
1745 3129 3015 3181 schaute Rolle hinzufügte, die anmutige Justina Alice Nohdes, die
442 3147 1731 3217 den einen hervorstechenden Zug seiner Wesenheit, einer Dekadence.
1742 3159 3015 3220 rassige Léocadie Leontine Sagans, den jungenhaft sympathischen
453 3196 1739 3256 wie sie dem Wien der Vorkriegszeit mit all ihren verführend be¬
1742 3212 3022 3269 Tremonille Karl Lindts, Robert Grüning als Arzt Copus und
444 3227 1739 3300 rückenden Begleiterscheinungen eigentümlich war, wie sie vor dem
1732 3247 3014 3292 Marauis von Lansac, Anny Reiter als Marquise und in der weib¬
1715 3285 1769 3344 94
1732 3337 3025 3416 lichen Rolle der „Gefährtin“. Es war ein anregender Abend.
1732 3367 3021 3451 Regisseur und Darsteller wurden mit verdientem Beifall ausge¬
1734 3425 1955 3500 zeichnet.
2812 3438 2988 3493 L.=M.
