3436 4256
665 168 1252 246 ruene Kakadu
452 173 584 247 Der
194 181 1254 277 9. 3  e ee ece ee
401 1013 962 1121 ele
1063 1154 1463 1255 Telephon 12.801.
1169 1257 1241 1354 4
434 1329 557 1409 S
584 1316 1206 1425 „UDSCRVER
353 1376 1472 1483 I. österr. behördl. konz. Unternehmen für Zeitungs-Ausschnitte
492 1446 1337 1546 Wien, I., Concordiaplatz 4.
695 1532 1141 1611 Vertretungen
381 1569 1459 1663 in Berlin, Budapest, Chicago, Christiania, Geni, Kopen¬
376 1631 1465 1700 hagen, London, Madrid, Mailand, Minneapolis, New-Vork,
411 1659 1436 1744 Paris, Rom, San Francisco, Stockholm, St. Petersburg.
707 1709 1101 1790 (Guclienznabe auns 6er#
1087 1708 1518 1806 Kellate -
868 1753 942 1843 +550
380 1753 846 1857 Ausschnitt aus: +
1294 1777 1527 1856 Le¬
374 1857 940 1959 77 2 #
942 1858 1518 1974 Se
400 1989 1100 2068 CORRISPONDENZE
333 2094 1187 2179 CRoma, 7 (Z. G.) — Unledera, di cui si
328 2171 1190 2236 parla in altra parte del giornale, un Happagatto,
324 2217 1192 2274 Tun ré#olo (folata di vento), ombre di more,
334 2259 1194 2328 la Ferenafa.,, come posso chiedere all’ottimo
332 2317 1196 2378 direttore metà dello Sbeftarolo per scrivere di
333 2373 1192 2432 tutte queste novità? Come sono fecondi gli
335 2412 1054 2475 autori italiani.,, e anche gli stranieri!
360 2453 1188 2529 Ricordiamo il & condensiamo 9 di papä No¬
337 2516 721 2575 velli e tiriamo via!
367 2557 1202 2631 Z7 réc7o di Amelia Rosselli: buon successo;
334 2622 944 2679 lavoro tenue, delicato, ben fatto.
358 2667 1205 2720 Herenala nova del pittore Mengarini; esito
337 2721 1206 2789 freddino; notevole solo l’interpretazione iel
332 2763 505 2818 Benini.
364 2793 1202 2857 Omöre del cnore del Bertolazzi: suckesso
334 2851 1194 2915 caloroso; commedia abile, interessante, non
328 2903 1202 2961 priva di difetti abbastanza gravi per quel che
336 2945 1190 3015 riguarda lo studio psicologico dei personaggi,
330 2991 1185 3058 ma con un protagonista, di cul il mago No¬
331 3051 1202 3103 velli fa una affascinante creazione. Nella corsa
338 3093 1196 3151 al successo giunsero buoni secondi la Giannini,
338 3142 1007 3213 il Betrone, il Pescatori e il Bernini.
369 3191 1201 3264 Esito freddissimo, invece, il lavoro tedesco
342 3244 1200 3304 in un atto: 7 pappagallo verde. II pubblico
333 3283 1198 3358 dell' a Argenttid d non si lascio commuovere
332 3338 1192 3406 da quell’episodio rivoluzionario tra burlescoe
335 3392 500 3464 tragico.
369 3435 1190 3510 Quello del a Quirinon, al contrario, fece o¬
333 3498 1198 3551 vazioni sincere all’estmia artista Italia Benini¬
341 3545 835 3612 Sambo, per la sua serata.
364 3591 762 3672 E furono meritate!
1395 152 1831 245 box 15/2
2333 183 2957 258 „ODSCIVER
2101 253 3180 309 I. österr. behördl. konz. Unternehmen für Zeitungs-Ausschnitte
2234 305 3063 398 Wien, I., Concordiaplatz 4.
2426 379 2855 455 Vertrefungen
2097 436 3166 508 in Berlin, Budapest, Chicago, Christiania, Genf, Kopen¬
2101 487 3182 552 hagen, London, Madrid, Mailand, Minneapolis] New-York,
2146 526 3137 575 Paris, Rom, San Francisco, Stockholm, St. Petersburg.
2429 564 2849 619 (Quellenargabe ohne Gewähr).
2097 608 2469 676 Ausschnitt aus:
2580 598 3028 689 GS
2085 690 2529 771 vom: 777
2591 689 3008 799 * Scgote
2523 715 2606 807 —
2201 797 2716 863 Corriere Romano
2095 858 2820 920 LE OMBRE DEL CUORE — Er, RErOLO
2220 905 2687 969 IL. PAPPAGALLO VERDE
2018 952 2938 1019 Della prima L’edera, novissima per l’Italia, si
1998 996 2939 1060 parla in altra parte dal giornale. Ma le novitä
1988 1034 2951 1103 sono parecchiee, sin questa rubrica, mi é gradito
1993 1081 2949 1139 occuparmi di altri due successi di autori italiani.
2029 1125 2944 1181 II primo, calorosissimo, lo ha ottenuto il Ber¬
1990 1169 2948 1229 tolazzi al Falle, con il suo Ombre del euore, coo¬
1991 1210 2943 1286 peratore quel mago della scena che é Ermete No¬
1989 1256 2961 1315 velli. In Ombre, la figura dell’usuraio Nencioni
1982 1296 2952 1357 ha dato campo al grande attore di Londra, sarei
1981 1344 2957 1418 per dire, due sue eccezionali creazioni; quella del
1977 1385 2962 1452 Mercante di Veneziae quella di papa Lebonnard.
2016 1430 2946 1494 L’avarizia eccessiva, sia pure allo scopo di ar¬
1989 1486 2945 1541 ricchire il figlio, e poi la terribile tragedia in¬
1995 1534 2962 1580 tima alla rivelazione che il figlio non é proprio,
1996 1577 2956 1625 sono in due stati di animo che il Novelli fa va¬
1986 1609 2957 1677 lere con arte possente in uno stesso personaggio:
1987 1641 2965 1709 Per esser sinceri non si pud ammettere che il
1983 1696 2957 1757 tipo creato dal Bertolazzi sia in tutto umano e
1985 1755 2961 1795 coerente, ma é tipo eminentemente teatrale, ele
1989 1782 2957 1843 scené che servono di complemento al protagoni¬
1995 1843 2973 1891 sta sono svolte con quella abilitä e con quella
1998 1867 2957 1933 scienza degli effetti, in cui sempre eccelle l’ot¬
1996 1916 2968 1978 timo autore lombardo. II Novelli, come ho detto,
1996 1963 2972 2028 vi fu sommo; cooperarono il liett. successo la
1991 2003 2936 2079 Giannini, il Betrone, il Pescatori e il Bernini.
2034 2039 2954 2102 Altro buon esito italiano ha avuto Amelia Ro¬
1995 2092 2972 2164 selli con EI réyolo: commedia tenue, semplice,
1988 2143 2969 2192 ma delicata, simpatica, che ha avuto anche la
1988 2182 2971 2240 fortuna di essere resa con arte finissima dal Ros¬
1989 2220 2974 2290 sini, dalla Benini-Sambo, dalla Zanon Paladinie
1996 2279 2261 2339 dalla Seglin.
2039 2306 2954 2385 II Benini ha fatto anche trionfare un'altra com¬
2003 2341 2970 2420 mediola femminile: La signora ge surida, e il
1990 2399 2969 2462 Mazzetti si é molto distinto in sior Todero, In¬
1995 2462 2964 2509 tanto si prepara la serata di quella insigne arti¬
1988 2480 2966 2552 sta che é la Benini-Sambo e un'altra novità del
1990 2545 2410 2612 pittore Mengarini.
2045 2568 2967 2637 Il pappagalto verde dello Schnitzenier non ha
1996 2641 2974 2679 avuto invece fortuna. Lavofd, Hellà Ssid brevità,
1998 2668 2975 2728 notevole per studio di particolari e anche per ri¬
2006 2714 2976 2780 costruzione, di ambiente storico, non interessa
1998 2762 2632 2834 né persuade; cio che é peggio.
2110 2794 2972 2863 Al Metastasio la Scelzo con Rosa la paaza
2003 2852 2974 2904 e core ’e ftglia; Gherardini al Manzoni con Le
2004 2889 2922 2971 memorte del diarolo si fanno molto applaudire.
2264 2941 2725 3008 RErLicnE Di L’ EDERA
2118 2980 2875 3059 REPERTORI FORTUNATI — DUE SERATE
2038 3047 2975 3089 L' edera di Grazia Deledda e Camillo Antona¬
2005 3082 2978 3147 Traversi é già all' ottava replica. L’esecuzione
2011 3128 2982 3181 divenuta piu fusa e piü sicura fa meglio vedere
2012 3169 2994 3229 i pregi del lavoro. Evelina Paoli, poi, vi ottiene
2017 3216 2991 3281 sempre un notevolissimo successo personale; ella,
2009 3273 2994 3321 pud dirsi, che della parte di Annessa ha creato
2011 3321 2996 3364 una figura scenica non facilmente dimenticabile.
2045 3342 2988 3410 Due repertori fortunati son quelli di Novelli al
2021 3392 2998 3445 Valle e di Benini al Quirino. Sia Ratto delle
2012 3440 2991 3490 Sabine o Lebonnard, sia L’ egoista o il Ponte det
2019 3486 2991 3545 sospiri, dalla comicità piü viva, alla drammati¬
2021 3527 2998 3583 cita piü commovente, questi due artisti eccezio¬
2016 3582 2849 3635 nali ottengono sempre gli stessi successi.
2052 3613 2990 3684 Per ora da notare: la serata di onore di Olga
2017 3660 2995 3720 Giannini con Rabagas. La gentile artista ebbe
2015 3703 2995 3755 feste, fiori e doni a profusione, come meritava.
2021 3748 3001 3800 Festeggiatissimo é stato anche Albano Mezzetti
2783 3792 2994 3844 imo at¬
2018 3800 2730 3854 nella serata sua col Ludye, Egli 6
2828 3834 3003 3904 irgen
2021 3842 2763 3901 tore e giustamente molto apprezzate
2023 3888 2782 3946 tina si annunzia: Il canto del eigno
2093 3936 2425 3993 11 Febbraio 1909
2781 3959 2984 4029 Gérard
2022 4005 3006 4059 —
2103 4079 2264 4129 Sugi Wa
