3436 4256
1989 158 2029 211 12
1469 334 2195 439 Stssd Nob
884 378 1284 469 Kae
1664 379 2085 560 4#0
937 843 995 907 B
1098 735 2396 922 The Dramatic World.
1745 1039 2555 1107 methods; so have Cabarets. The insinnating
895 1031 1735 1143 THE WEEK’S PREMIERES
1743 1097 2568 1129 art of Munich Minstrels should be left alone;#t
1735 1123 2553 1179 is spoilt in forced transposition. Fortunately
1738 1154 2563 1215 Gertrude Rolffs and Anton Dressler in one
1101 1179 1530 1253 By J. T. GREIN.
1734 1189 2549 1263 true German Song,“Ich und Du, vindicated
1743 1232 2545 1303 their reputation. The rest was sadly
1740 1263 1962 1327 grotesque.
2089 1297 2177 1357 II.
890 1290 1737 1364 (1) AMBASSADORS:A Daughter of
1766 1328 2547 1392 There is much talent in" Between Sunset
1201 1341 1417 1406 France.!
1734 1371 2553 1428 and Dawn,“ by Hermon Ould. He has, with
891 1374 1732 1441 By Pierre Berton and Constance Elizabeth
1738 1410 2557 1464 Hauptmann, Gorki, and the younger French
1040 1423 1590 1491 Maud. Tuesday, October 21.
1726 1445 2566 1514 school, the knack of depieting the lower depth
1727 1471 2552 1536 with swift and simple strokes. The interior
1743 1518 2558 1568 of the doss-house is-admirable. The mother
937 1511 1725 1567 Pierre Berton is dead. I am almost glad of
1744 1553 2553 1606 and the son, who take in the guests, wrangle
892 1549 1723 1621 this sadness, for after all he had made some
1747 1593 2558 1642 about business in rough language, yet there
898 1592 1733 1636 name as a dramatist. He wrote“ Zaza' and
1737 1627 2558 1676 is rugged affection; the lodgers who come in
928 1634 1380 1680 " La Belle Marseillaise.“
1375 1635 1728 1681 Query: What was
1663 1665 1738 1714 A
1741 1660 2560 1722 bring sadnees, plaints, grim jests, accordliig
886 1661 1690 1715 his share in this lamentable enfantillage of“
1746 1694 2559 1756 to purse and mood. Then enters a brow-beaten
900 1703 1729 1748 Daughter of France'? It is eaid that he con¬
1747 1730 2562 1786 little woman, the ill-used wife of one of the
903 1744 1723 1785 structed the play and that his collaborator
1744 1765 2561 1819 doss-house keeuer’s friends. She appeals to
894 1773 1723 1822 wrote the dialogue. The latter part of the pro
1745 1799 2551 1855 his mind and his senses. Not once in lis
899 1811 1722 1867 position is credible; the other an infringe¬
1735 1837 2554 1877 thirty years of life had he understood the
901 1847 1721 1892 ment of de mortuis nihil nist bonum. Such
1743 1877 2537 1926 meaning of woman. He wants her. He hides
888 1883 1721 1925 jerry-building has rarely been seen on our
1743 1906 2533 1957 her when the sodden husband comes to claim
899 1914 1728 1964 modern stage. Every climax is obtained by
1743 1942 2547 1990 her. He knocks him down, throws him out.
890 1958 1723 2011 the ancient order of“ overhearing,’ every new
1736 1982 2532 2027 He proposes flight and cohabitation to the
885 1990 1730 2040 situation by an ombrace of the long arm. 1
1742 2015 2542 2064 wife. But women of darker London worship
885 2024 1724 2074 might almost tell vou the story in the form
1738 2051 2543 2107 violence; they return arms for a fist. She
890 2070 1727 2113 of a conundrum.“ What happens when to a
1741 2083 2545 2138 goes back; she tries to coax her drunken
884 2091 1725 2148 Scottish home of antediluvian stodginess the
1741 2120 2550 2176 lord; he threatens to fling the lamp at her
881 2135 1724 2178 laird brings a Parisian bride, with hat-boxes,
1742 2160 2544 2207 and then she slouches again to the doss-house
887 2164 1728 2208 a pert maid, short skirts, open-worked stock¬
1744 2190 2553 2233 like a whipped dog, ready for e new, life.
887 2206 1720 2249 inge and kisses for evervbody, including her
1750 2228 2553 2274 “ Did yon tell 'im about us?“ asks the new
1177 2233 1727 2283 There will be shocks for the
892 2235 1125 2288 littlo dog?
1731 2256 1867 2307 lover.
1859 2258 2563 2311 She wavers, than prevaricates.
880 2268 1717 2318 family, a little boredom for the young wife,
1730 2290 2551 2355 What?“ and a strange thing happens—the
885 2305 1724 2350 and, of course, a young clansman tempted in
1735 2317 2551 2384 beast is roused in man-che sees red—he em¬
895 2339 1722 2384 the land of bare rocks and wistful lochs bythe
1740 2362 2551 2419 braces her and plunges a knife inte her back.
894 2376 1715 2425 Parisian lady, as Saint Anthony was in his
1739 2396 2546 2455 It is a manifestation of erotomania, accentu¬
886 2412 1727 2453 cloistere. In a Freuch play there weuld then
1731 2439 2546 2491 ated by Sadism. A distressing exhibition on
892 2445 1717 2501 be—well, von know, ça va sans dire—in the
1736 2469 2551 2527 the stage. Ascene unfit to be scen and heard.
889 2483 1718 2533 English play there is merely a chaste kise
1739 2501 2546 2564 Very clever—alas, very human, too, but in¬
885 2522 1720 2567 espied hy the mother-in-law of the Xantippie¬
1724 2535 2547 2598 comprehensible to the bulk of the audience,
890 2563 1725 2601 gender which leads to two acts of trouble. One
1736 2573 2543 2635 better that it should remain ununderstood. It
882 2594 1713 2641 day, in the garden, when the husband was away
1725 2611 2540 2675 is bevond the province of art. It belongs to
890 2627 1713 2680 on business, the young man buret out:
1730 2650 2535 2712 the Clinique—or the book of learning. Nor
915 2657 1715 2702 " Jeanne, I am going away; I have joined the
1735 2681 2540 2736 should it be compared with“ Ghosts''; there
887 2702 1714 2751 aeroplanes; it is all for love of you.'' And
1731 2716 2542 2778 is no ethical groundwork in it—merely the
876 2723 1723 2791 Jeanne:“ You are a naughty boy, Tcan't listen
1728 2753 2534 2811 revelation of a terriblessecret in the human
877 2775 1718 2816 to you. I am going to have a baby, so don't
1723 2792 2538 2849 cupboard. The acting in three instances was
879 2809 1722 2858 worry me, but if you will be good and think
1730 2825 2531 2888 perfect: Mr. Norman MeKinnel once more
886 2838 1721 2881 of me we will always be friends,“ and pif—
1725 2857 2530 2926 condemned to portrav aberration, terribly
886 2875 1715 2924 paf—pouf! in a French impulsive way, there
1734 2893 2545 2958 realistie; liss Adu King, a live figure of
886 2912 1710 2963 16 a kiss on his lips and a ceinture of arms
1732 2930 2539 2984 netherworlet self-eufficieney and woeful
883 2948 1716 2993 around her waist. Enter the mother-in-law:
1732 2963 2543 3024 humour; Mr. Edmond Breon, the image of tbe
882 2991 946 3024 47
947 2988 1717 3050 I am going to tell master! I am going to
1735 3001 2542 3064 man whom we see Monday after Monday in
876 3026 1707 3067 tell mäster.?' And she did. Then there were
1731 3036 2541 3101 the Marvlebone dock for having exacted wifely
882 3054 1715 3106 awful ructions, but ehe said nothing to her
1733 3069 2538 3135 *love, honour, and obedience“ on Sabbath¬
884 3097 1713 3142 husband of her child; she went away, he after
1724 3101 2528 3168 eve when alcohol reigns supreme. Miss May
875 3133 1706 3176 her; they played hide and seek like children
1727 3137 2540 3205 Blavnev rightly outlined the unfortunate wife
877 3168 1708 3213 until #ive years had elapsed. By that time
1721 3174 2540 3238 in the first scene. Anon she so swallowed her
882 3206 1713 3245 her little son looked as if he had reached the
1726 3214 2539 3284 words as to becoma inaudible and played to
873 3240 1708 3283 age of ten, and she lived incognito on the Isle
1719 3246 2534 3308 the audience instead of her partners. She
882 3273 1718 3327 of Skye almost in full view of the laird’s
1732 3284 2537 3350 used to be artless; ehe has become artificial.
882 3309 1720 3360 castle. No wonder that at last he found her.
880 3347 1719 3396 And thus ended much ade about the little kies
2071 3338 2187 3409 III.
877 3383 1723 3439 of a little Parisienne. It belongs tothe kinder¬
1764 3363 2544 3438 * Then came the world-famed Green
881 3414 1706 3461 garten of our drama, and the least criticised
1719 3407 2526 3477 Cockatoo, which has spent some ten vears in
882 3457 1707 3503 the soonest forgotten. Let us assume in
1720 3451 2527 3506 crossing the Channel. Will people understand
880 3488 1713 3535 charity that the first night took place thirty
1722 3488 2520 3545 it, thie grandly fantastic caricature of Paris
879 3531 1714 3573 years ago, and that in our imagination the
1719 3522 2526 3584 before the Place de la Grève became a by¬
873 3564 1713 3616 march of time and progress had come to a
1726 3561 2528 3612 word! Then, as now, the aristocracy loved
868 3595 1094 3656 standstill.
1706 3583 2531 3645 excursions into the lower depths, or what is
916 3618 1704 3692 There is hardly anything to be said about
1713 3635 2526 3688 represented as Bohemia. But now there is no
880 3664 1709 3714 the acting. Mine. Yavorska’s time and ener¬
1722 3669 2522 3735 danger to descend, at Montmartre, into
871 3708 1706 3760 gies were wasted; the humorous part of the
1724 3702 2504 3767 botfes where opprobrious names üre
878 3741 1705 3791 French character scarcely suited her; in the
1719 3740 2530 3796 cherished manner of welcome. But in 1789,
882 3774 1698 3823 more serious scenes she played with ardour
1725 3780 2523 3834 on that July 14 when the people rose as if by
875 3815 1704 3861 and now and again a touch of real feeling. Miss
1720 3809 2530 3854 magie to storm the Bastille, there was a
880 3855 1707 3896 Joan Pereira was amusing as a verv outspoken
1715 3849 2521 3906 danger for the counts and the dukes to enjoy
879 3885 1705 3924 rural French maid. The old Scotch mother of
1717 3883 2525 3940 in the wine cellar of the Green Cockatoo'
879 3923 1705 3960 Miss Elspeth Dudgeon seemed to have stepped
1713 3921 2531 3974 the antics of a band of unemployed actors ape¬
867 3958 1704 4001 out of the frame of a family portrait. Shefwas
1712 3948 2524 4011 ing crime, apeing revolution for the delecta¬
872 3993 1695 4036 a splendid specimen of fossilised humanity. For
1714 3993 2518 4041 tion of the noblesse. Even the actors tiem¬
866 4029 1703 4080 the rest, there were errors of casting and the
1712 4029 2524 4091 selves did not know how far the fun meant
878 4074 1707 4118 huddled stage-management which destrove
1716 4066 2526 4114 serious business. When Henri, the pet
882 4096 1704 4139 stage-pictures. Mme. Yavorska should be
1718 4099 2518 4160 tragedian, newly wedded to Leccadie, and
881 4134 2524 4181 better advised and better employed. All deadly jealous, feigned the murder of his rival
2580 637 2751 733 PL.
2587 818 2736 871 Oet. 2
2585 863 2733 916 Oet. 29
2579 878 2707 938 Oet.
2560 913 2726 972 Wales's.
2587 960 2749 1005 Nov. 1.
2579 984 2752 1037 Nor. 3.
2574 1016 2743 1073 Nov. 4.
2586 1059 2744 1103 Nov. 7.
2576 1089 2748 1135 Dec. 8.-
2561 1104 2755 1180 Theatre).
2582 1177 2748 1235 Atthe
2559 1215 2750 1270 McCarthy
2563 1256 2748 1301 Mr. John
2542 1292 2758 1343 they origi
2555 1321 2764 1373 at the Co.
2556 1353 2657 1396 be:
2577 1388 2745 1446 Absolon
2573 1427 2738 1476 Martin
2566 1458 2747 1494 Merete
2577 1481 2755 1520 Anne Pe
2572 1500 2758 1550 Jens Sei
2572 1534 2754 1573 Mester 1
2574 1562 2751 1609 Mester I
2577 1596 2748 1630 Mester
2577 1616 2759 1669 Mester J
2570 1646 2756 1690 David
2573 1675 2754 1710 Officer
2584 1698 2768 1742 Ist Guar
2575 1730 2748 1774 Herlofs
2574 1757 2726 1795 Benete
2576 1787 2738 1828 Jorund!
2573 1836 2736 1891 Attbe
2551 1870 2734 1930 ding“ fl.
2558 1908 2715 1956 Messrs.
2550 1944 2735 1991 Wednesd
2553 1976 2733 2022 Two Fla;
2560 2008 2727 2063 The full.
2568 2046 2696 2095 Hon.
2566 2086 2696 2122 Louis
2569 2113 2721 2158 Berkeit
2561 2132 2715 2192 Marqu
2578 2184 2691 2231 Rake
2578 2219 2711 2279 Willeg
2562 2246 2652 2288 Ben
2566 2272 2686 2309 Ezra
2566 2300 2615 2334 M4
2561 2322 2703 2366 Fagot
2559 2353 2690 2390 Raga
2558 2383 2695 2416 Colon
2558 2401 2704 2452 Chauf
2551 2438 2653 2482 Tata
2566 2452 2694 2500 Ilder!
2567 2483 2690 2528 Abdu.
2560 2521 2686 2556 Mauie
2559 2546 2691 2583 Zorlle
2567 2575 2699 2624 Prius
2560 2623 2688 2669 Lady
2560 2652 2686 2702 Cigan
2546 2680 2703 2744 The pi
2560 2745 2677 2810 The
2551 2791 2677 2840 Tou 7
2540 2829 2681 2872 definite
2547 2862 2695 2920 charact
2549 2905 2694 2961 Percy
2552 2951 2691 3013 Gorde
2555 3000 2691 3038 Count
2559 3029 2689 3080 Bertle
2551 3075 2690 3138 Gregt
2558 3074 2684 3191 ∆
2550 3172 2682 3247 Maft
2559 3239 2678 3284 Mau¬
2562 3279 2669 3320 Wini
2573 3303 2671 3349 Ex.
2560 3337 2676 3379 Niss
2553 3368 2671 3420 Mist
2550 3404 2667 3461 Syly
2533 3448 2667 3501 In thi
2534 3488 2657 3530 ductio
2537 3521 2659 3577 busy 1
2543 3580 2664 3643 The
2531 3632 2654 3675 new
2535 3667 2664 3711 Laure:
2525 3700 2660 3752 on Sai
2545 3736 2662 3789 Johr
2574 3770 2658 3811 Inf
2546 3793 2659 3854 Elizt
2535 3833 2671 3912 Plan
2544 3903 2656 3944 Davt
2549 3939 2654 3975 Elea
2542 3963 2670 4005 Myfa
2543 3985 2663 4034 Jane
2541 4017 2661 4055 Mose
2544 4047 2658 4082 Nane
2534 4070 2656 4123 Rev.
2539 4110 2687 4181 Capt.
