3436 4224
1130 98 1509 168 den 17. ds. statt.
1763 112 2059 210 he
1340 175 1999 282 Theater und Musik.
1206 266 2176 338 (Innsbrucker Stadttheater.) Heute gelangt
1150 300 2187 381 im ungeraden Abonnement, Serie roth, der stets
1156 371 2180 432 mit ungetheilter Heiterkeit aufgenommene Schwank
1164 415 2187 490 „Die dritte Escadron“ von B. Buchbi der
1166 478 2191 528 zur Darstellung. Morgesetzt Herr Robert Garrison
1154 517 2186 574 sein Gastspiel als Richard III. in Shake peares
1163 568 2190 625 gleichnamiger Tragödie fort. Diese Aufführung
1167 611 2193 668 bildet die 112. Abonnements=Vorstellung, Serie
1167 657 1312 717 braun.
1184 707 2188 765 Der ungemein starken Kartennachfrage für die
1152 743 2192 824 sonntägige Nachmittagsvorstellung wegen werden
1163 802 2174 862 die Herrschaften, die sich Logen und Sitzplätze re¬
1156 852 2177 919 servieren ließen, dringendst gebeten, die vorgemerk¬
1156 914 2193 965 ten Billete baldigst, sicher aber Samstag abholen
1158 958 2194 1013 lassen zu wollen. — Sonntag Abend beginnt die
1158 1012 2199 1059 Schauspielerin Helene Odilon vom Deutschen
1163 1040 2196 1098 Volkstheater in Wien ein drei Abende umfassendes
1167 1095 2197 1165 Gastspiel, für welches folgender Spielplan festgesetzt
1166 1145 2202 1202 wurde: Sonntag, 17. ds., „Der Star“ (Novität),
1154 1208 2187 1264 Montag, 18. ds., „Untren“ (Novität), Dienstag,
1161 1238 2195 1306 19. „Die Haubenlerche“. Karten für jede
1164 1284 2183 1346 dieser drei im Suspendu stattfindenden Vorstellun¬
1156 1347 2191 1406 gen sind von heute ab an der Tagescasse im
1163 1394 2197 1446 Theatergebäude von 9—12 und halb 3—6 Uhr
1164 1431 2191 1495 erhältlich. Die Logen=Abonnenten werden höflichst
1163 1482 2199 1545 ersucht, baldmöglichst ihre Willensmeinung wegen
1158 1542 2203 1594 eventueller Beibehaltung ihrer Logen bekannt zu
1165 1584 1331 1673 geben.
1198 1657 2199 1731 Der vorgestrige literarische Abend brachte uns
1142 1721 2203 1775 drei Einacter von Dr. Arthur Schnitzler und zwar
1149 1757 2198 1820 die Schauspiele „Paracelsus" und „Die Ge¬
1163 1807 2216 1865 fährtin“ und die Groteske „Der grüne Ka¬
1156 1850 2251 1922 kadu.“ In der Buschausgabe steht allen dreien)
1164 1902 1550 1974 das Motto voran:
1430 1944 1852 2018 Wir spielen immer;
1435 2002 1922 2068 Wer es weiß, ist klug.
1205 2038 2216 2109 Jedes dieser drei Werke sucht den Beweis für
1163 2084 2215 2160 diesen Ausspruch des Dichters zu erbringen. Im“
1167 2156 2194 2212 erstgenannten Stück ist der berühmte Arzt Paracel¬
1175 2198 2188 2259 sus der Kluge, der mit sich und den andern, die
1170 2239 2249 2307 seine Kunst bewundern oder hassen, spielt und sicht
1159 2305 2202 2351 dessen bewufst ist. Auf seiner Kunstreise durch die
1166 2350 2199 2404 Welt gelangte er als berühmter und gleichzeitig auch
1173 2403 2200 2458 verfolgter Mann in ein Städtchen, in dem seine
1165 2452 2194 2513 Jugendliebe als die schöne Gattin eines reichen
1175 2487 2190 2544 Waffenschmiedes haust. Beim Empfang ob seiner
1172 2535 2195 2601 Kunst vom spießbürgerlichen Ehegatten der schönen
1173 2593 2200 2649 Frau brüskiert, beschließt er sich durch seine Kunst
1169 2635 2213 2697 an ihm zu rächen und versetzt zu diesem Zwecke das
1161 2675 2189 2749 Weib in einen hypnotischen Schlaf, um ihr zu sug¬
1173 2720 2202 2799 gerieren, sie habe sich mit einem Junker, der sie mit
1164 2780 2198 2847 Liebesanträgen verfolgt, vergangen. Das Kunststück
1164 2830 2197 2892 gelingt, und der eifersüchtige Gatte mufs am Ende
1162 2884 2204 2945 froh sein, dass Paracelsus den Bann von ihr nimmt.
1177 2942 2206 2990 Aber bevor er dies thut zwingt er sie noch mit
1163 2970 2203 3042 dem gleichen Mittel durch eine gewisse Zeit hindurch
1178 3026 2196 3080 die Wahrheit und nichts als die Wahrheit zu reden,
1169 3079 2196 3136 und da stellt es sich denn heraus dass ihre erste
1166 3123 2203 3181 und einzige Liebe Paracelsus gegolten und sie ihrem
1176 3174 2200 3234 Gatten anfangs nichts als Freundschaft ins Haus
1168 3219 2194 3289 gebracht, aus der sich erst allmählich ein herzlichres
1180 3270 2195 3319 Verhältnis entwickelte. Dieses in der Hypnose ge¬
1179 3323 2194 3380 machte Geständnis der Frau warnt den übermüthi¬
1170 3370 2203 3424 gen Ehemann in seinem Glück nicht allzu übermüt ig
1170 3419 2202 3480 zu sein und belehrt gleichzeitig Paracelsus an wel¬
1168 3466 2203 3521 chem Glück er selber spielend vorbeigegangen und so
1175 3518 2037 3589 erfüllt sich der Geleitspruch an ihm selber.
1206 3556 2197 3630 Das zweite Stück, „die Gefährtin“ ein wunder¬
1178 3615 2203 3677 sames Meisterwerk dramatischer Stimmungsmalerei,
1170 3655 2199 3729 zeigt uns, wie ein sehr kluger Mann, der alles und
1169 3722 2199 3778 jedes zu durchschauen zu können meint, von seinem
1169 3758 2207 3833 jungen Hausfreund und seiner Frau, die er eben
1171 3813 2198 3878 mit der Ruhe eines Philosophen ins Grab gelegt,
1169 3850 2209 3920 doppelt und dreifach betrogen worden ist. Er wusste
1170 3893 2201 3973 wohl, dass zwischen beiden ganz insgeheim ein Ver¬
1163 3935 2196 4009 hältnis bestand, aber er wollte nicht zw schen beide
1156 4004 2207 4053 treten, weil er die Gefühle beider für echt gehalten
1154 4053 2201 4115 und immerfort erwartet hatte, dass sie vor ihn hin¬
