3436 4256
1916 94 2019 143 —
526 140 720 222 Der
756 138 1045 224 Fruene
1043 145 1371 222 Kakadu
1506 146 1958 242 box 15/4
298 140 1369 276 9. 3  40 eereteteteteeee e
2122 1340 2357 1435 e 1
2419 1350 2607 1437 1
1333 1685 2171 1798 Gerbart Hauptmann.
1393 1774 2119 1860 Gelegentlich des „Fuhrmann Henschel“.
1025 1856 2612 1927 eber Gerhart Hauptmann noch etwas zu sagen, was irgendwie Anspruch auf Neuheit
1042 1933 2602 1991 erheben könnte, ist zur Zeit fast unmöglich. Hat sich ja doch schon eine ganze Litteratur
933 1961 2608 2043 10 über seinen Werken aufgestapelt, und der Fleiß des Philologen Schleuther hat sogar
912 2031 2608 2089 jenes seiner Werke, das der Dichter am liebsten ganz aus der Welt hätte verschwinden lassen,
901 2084 2602 2158 die Jugendarbeit: „Promethidenlos“ sorgsam durchackert. Schleuther hat den ganzen späteren
910 2133 1930 2194 Hauptmann schon im Stammeln des Anfängers erkannt.
1016 2175 2605 2220 Trotzdem darf man es doch wagen, wenigstens zusammenzufassen, wie sich die Gestalt
908 2209 2602 2276 Hauptmanns zur Zeit präsentiert, nachdem man seine eigenen Bücher und auch mancherlei, was
899 2279 2598 2342 über ihn geschrieben wurde, in sich aufgenommen hat. Man darf auch aus der Gunst der Zeit
911 2326 2605 2383 und ihrer Stimmung Nutzen ziehen und heute etwas aussprechen, was vor drei Aonaten noch
901 2382 2587 2437 vielleicht Unwillen erregt hätte. Denn in den Tagen der Première des „Fuhrmann Henschel“
900 2428 2598 2483 im Wiener Hofburgtheater (17. Januar) stand man zwar nicht etwa wieder einmal im Banne
899 2482 2606 2537 einer Clique, die terroristisch auf die öffentliche Meinung eingewirkt hätte, aber doch unter dem
902 2509 2607 2578 Drucke einer viel mächtigeren Antorität, nänlich der Wirkung des Geillparzerpreises, der in
898 2560 2596 2628 derselben Zeit zum zweiten Male an Gerhart Hauptmann, und zwar gerade wegen des „Fuhr¬
906 2621 1573 2684 mann Heuschel“ erteilt worden war.
1025 2644 2599 2728 Die Wiener sind gern liebenswürdig, und es thut dem bedrängten Deutschtum in Oesterreich
906 2716 2602 2774 wohl, wenn es sich auch einmal wieder führend im deutschen Geistesleden erweisen kann. Der
899 2775 2604 2806 Grillparzerpreis sollte den vorenthaltenen Schillerpreis wettmachen. Die gelehrten Herren der
908 2807 2603 2871 Wiener Akademie der Wissenschaften folgten einer Zeitströmung, die diesmal stärker war als sie
912 2867 2602 2928 selber, und wenn auch das Publikum am Abend der Erstaufführung des „Fuhrmann Heuschel“
900 2910 2603 2959 ratlos der düsteren Tragödie gegenübersaß — der ehrwürdigen Kommission des Grillparzer¬
908 2961 2600 3020 preises mochte es doch nicht widersprechen. Mit achtungsvollem Schweigen acceptierte es ihr
910 3009 2600 3073 Urteil. Die feinfühligere Journalistik Wiens mochte sich damals auch nicht in einen momentan
901 3059 2594 3114 ganz unfruchtbaren Widerstreit zur öffentlichen Meinung setzen, und sie entschloß sich — allerdings
902 3116 2600 3166 sichtlich reserviert — das Stück und seinen populär gewordenen Dichter zu feiern. Ob sie es
911 3153 2612 3199 heute noch thäte? Daran zweifle ich, und zwar aus guten Gründen. Nicht bloß darum, weil
900 3208 2596 3265 sich nach der ersten Erregung der unbefangene Sinn, der Freimut und die Wahrheit doch Bahn
901 3261 2595 3316 gebrochen haben — das Publikum kommt jetzt aus den Wiederholungen des „Fuhrmann Heuschel“
911 3301 2589 3369 ebenso ratlos heraus, wie am ersten Abend —, sondern auch darum, weil inzwischen im selben
902 3348 2597 3398 Burgtheater Stücke gespielt wurden, welche die von Gerhart Hauptmann in der „Versunkenen
913 3404 2605 3463 Glocke“ selbst betretene, nun aber wieder verlassene Bahn zu einer vollkommneren Poesic, als
907 3445 2601 3522 sie die nach der Arno Holzschen Aesthetik verfaßte Fuhrmannstragödie überhaupt schaffen kann,
912 3509 2608 3566 mit Glück weiter geführt haben. Ich meine die drei Einakter „Paracelsus“, „Die Gefährtin“
