3484 4480
1085 181 1136 252 K
248 177 1844 302 9.4. Der gruche akadu zyklus
838 990 1234 1060 Telefon 12801.
546 1084 1566 1186 Unternehmen für Zeitungs-Ausschnitte.
1421 1160 1610 1234 Ausschnitt
333 1125 523 1256 3
709 1173 1348 1295 „OBSERVER“
1410 1099 1734 1327 w. 12
306 1299 1724 1397 I. österr. behördl. conc. Bureau für Zeitungsberichte u. Personalnachrichte
483 1373 1582 1464 Wien, IX/1, Türkenstrasse 17.
718 1463 1430 1545 Filiale in Budapest: „Figyelö“ —
399 1507 1662 1619 Vertretungen in Berlin, Chicago, London, Newyork, Paris, Stockholm.
1086 1602 1141 1700 93
311 1637 852 1731 Ausschnitt aus:
305 1763 745 1875 sK 4%7
529 1979 1450 2112 Theater und Kunst.
494 2058 1659 2163 Burgtheater.) Schnitzler's „Paracelsus“ gab
396 2139 1657 2217 gestern Herrn Kainz Gelegenheit zu einer seiner schönsten und
399 2183 1666 2261 denkwürdigsten künstlerischen Thaten. Es war das einer der
397 2216 1649 2291 letzten Erfolge Robert's gewesen; aber die Erinnerung an den
404 2274 1657 2347 Todten war mit dem Augenblicke ausgelöscht, da sein Erbe die
395 2324 1658 2399 Bühne betrat und dieser Lebende behielt Recht, weil er recht hatte. Es
377 2373 1652 2448 war jene bändigende Macht der großen Hexenmeister in ihm, der
395 2427 1657 2470 sich Niemand entziehen kann. Er war unendlich einfach: wenig
394 2462 1657 2531 Charlatan, sehr viel Magik. In der Stimme einschläfernder Ton,
386 2497 1657 2590 im Blick das Bändigende. Die Hände unendlich beredt; niemals
396 2569 1670 2615 in Ruhe, dennoch nur sparsam in Action. Eine gewisse,
392 2608 1657 2667 dämonische und bis zum Unheimlichen gesteigerte Freude an der
400 2660 1671 2728 eigenen Macht über die Menschen, humoristisch manchmal, so daß ganz
399 2711 1668 2781 neue Lichter in das Stück hineinkamen. Mit einem Wort: der
394 2754 1332 2815 rechte Wunderdoctor. Er macht „die Lahmen
1435 2761 1658 2822 auch, die
388 2800 1657 2876 lahmen Stücke — wieder gehen". Als Einleitung des Abendes
395 2851 1655 2907 wurde „Esther“ gegeben. Das sollte nicht sein. Es ist ein zu
397 2888 1667 2956 ungleiches Gespann und mit nicht gar großer Mühe wäre ein
395 2941 1668 3022 unvergleichliches Dreigespann von Fragmenten zusammenzubringen.
1482 3000 1657 3077 W.a
744 3061 1302 3130 Bezugs-Bedingungen.
305 3094 1215 3175 Für 50 Zeitungsauschnitte (Artikel oder Notizen)
1346 3095 1471 3173 7.50
1485 3136 1692 3193 inclusive
381 3160 489 3213 100
1342 3148 1473 3228 14.—
1498 3185 1670 3234 Porto.
388 3200 501 3244 200
1328 3197 1454 3263 25.—
1492 3223 1678 3275 Zahlbar
382 3241 485 3290 500
1341 3234 1471 3290 55.—
1313 3259 1700 3350 100.— im Voraus.
337 3270 493 3333 „ 1000
419 3328 1740 3372 Im Gegensatze zu anderen Bureaux für Zeitungsaussclmitte ist das
314 3364 1742 3438 Abonnement durch keine bestimmte Zritdauer begrenzt; — auch stcht es den
306 3411 1595 3472 Abonnenten frei die aufgegebenen Themen zu ergänzen oder zu ändern.
2007 176 2451 273 box 16/1
2294 1017 2703 1088 Telefon 12801.
2005 1116 3026 1194 Unternehmen für Zeitungs-Ausschnitte.
2880 1168 3065 1257 Ausschnitt
2185 1208 2813 1338 „OBSERVER“
2852 1234 3177 1347 Nr. 11
1773 1349 3221 1404 I. österr. behördl. conc. Bureau für Zeitungsberichte u. Personalnachrichten
1970 1418 3069 1499 Wien, IX/1. Türkenstrasse 17.
2191 1487 2841 1569 Filiale in Budapest: „Figyelé“
1881 1546 3144 1641 Vertretungen in Berlin, Chicago, London, Newyork, Paris, Stockholm.
1786 1662 2331 1759 Ausschnitt aus:
1795 1792 2388 1916 vor. 10/447
2274 2036 2858 2137 Theater und Kunfte
2015 2091 3149 2192 (Burgtheater.) Sollte sich die Weltgeschichte
1963 2180 3151 2244 geirrt haben? Sie verzeichnete mit ihrem ehernen Griffel,
1965 2228 3139 2289 daß Philippus Aureolus Theophrastus Bombastus von Hohen¬
1957 2263 3139 2327 heim, genannt Paracelsus, im Canton Schwyz geboren wurde
1956 2321 3142 2393 als der Sohn eines Arztes und Chemilers. Herr
1971 2372 3150 2432 Kainz aber, der heute zum erstenmal den
1971 2400 3142 2468 Paracelsus in dem gleichnamigen Einacter von
1974 2454 3150 2519 Arthur Schnitzler spielte, behauptet durch seine
1972 2514 3142 2577 Maske, Bombastus von Hohenheim sei in Galizien geboren
1969 2554 3140 2626 worden, dort wo es am östlichsten ist, und sei aus historisch
1963 2603 3144 2666 nicht nachweisbaren Gründen in Kaftan und Pajes nach
1969 2652 3149 2709 Wien ausgewandert. Wer hat nun recht? Frau Klio oder
1979 2690 3158 2763 Herr Kainz? Offen gestanden, uns erscheint die Weltgeschichte
1974 2764 3152 2817 immerhin etwas glaubhafter, als die Maske, welche Herr
1976 2787 3154 2870 Kainz wählte. Denn die Weltgeschichte will doch nicht so um
1976 2868 3152 2917 jeden Preis originell sein wie Herr Kainz, und
1975 2885 3149 2955 wenn sie uns den großen Paracelsus nicht als galizisches
1977 2939 3153 3002 Jüngel vorführt, so wird sie dazu einigen Grund haben.
1985 2977 3159 3064 Welchen Grund aber hatte Herr Kainz, Solches durch Ge¬
1983 3042 3151 3115 wand wie Haar= und Barttracht zu behaupten? Er wollte
1988 3075 3151 3157 anders kommen als seinerzeit Herr Robert kam. Nicht so
1981 3124 3159 3221 schön, nicht so blaß, nicht so unheimlich interessant. Er kam
1795 3153 1908 3239 Für
1904 3184 3145 3247 100 anders, er kam realistischer, er kam so realistisch, daß er sich
1987 3219 3155 3298 ohneweiters am Nordbahnhof ein Billet nach Kolomea
1890 3243 1963 3324 20
1984 3260 3168 3351 hätte lösen können, ohne daß dies den Cassier
1840 3306 1982 3374 „ 1000
2622 3312 3158 3399 versetzt hätte. Oder
2355 3326 2629 3397 Erstaunen
1995 3337 2348 3402 in besonderes
3158 3338 3254 3403 das
1985 3386 3258 3454 wollte uns Herr Kainz beweisen, daß er trotz einer so den
1811 3393 1971 3470 Abonne
1986 3432 3153 3508 bizarren Maske durch Wort und Spiel zu wirken und uus
1812 3456 1982 3521 Abonne
1979 3489 3149 3556 in seinen Bann zu zwingen vermöge? Das hat er erreicht.
1972 3523 3144 3607 Er bewies, daß er ein großer Künstler ist, des Wortes
1974 3580 3142 3645 und der Geste mächtig wie kaum ein Zweiter.
1977 3629 3151 3706 Aber er hätte ungleich sicherer und stärker gewirkt, wenn er
1976 3680 3149 3746 es uns nicht so schwer gemacht hätte, ihn hinter dem Kaftan
1963 3717 3140 3811 zu erkennen. Bedarf es denn wirklich solcher Widersprüche,
1961 3766 3072 3864 die erst reizen sollen, ehe die Kunst Befriedigung gibt?
2950 3808 3157 3920 g. d.
