3436 4256
1170 190 1254 261 K
887 203 1023 260 11e
2117 193 2566 268 box 15/6
317 194 1961 299 9.4. ber prnekadn zkIus
2177 995 2756 1065 —dr gsse beider Par¬
1733 1035 2773 1098 davon mehr Lärm gemacht, als die sittliche Bedeutung
472 1073 1517 1154 Fordneten Jürgensen am 25. Januar d.-S#te) in
1632 1077 2782 1154 gir thatsächlichen Vorgänge verdient. Als Mubewerber tritt
467 1135 1615 1192 Aussage des Herrn Haussen vor dem Apenrader Amtsgericht
1630 1128 2778 1175 neben dem Protestantismus der Altkatholizismus auf, zu
466 1169 1562 1219 eine an Größenwahnsinn grenzende Selbstüberschätzung vo
1630 1170 2795 1219 dem Manche übertreten, weil die Kultusformen des
468 1207 1614 1269 geworfen, natürlich aber unter formellen Protest gegen die
1636 1214 2795 1264 Betzteren ihnen vertrauter sind. In Wien und
471 1253 1613 1296 Annahme, als ob Herr Hanssen so etwas gesagt haben könne.
1639 1243 2794 1302 dessen Vororten haben in letzter Zeit kleinere Gruppen
461 1286 1615 1333 Das wird sich ja bald herausstellen. Auch die Theilnahme
1639 1288 2789 1351 sich der protestantischen Kirche angeschlossen. So fand am
457 1332 1614 1372 an dem schleswig=holsteinschen Telegramm für Professor Klaus
1622 1311 2782 1370 vorletzten Sonntag in der Dorotheenkirche eine Uebertritts¬
458 1402 1610 1463 lichen Gesundheitsamtes gegen die großartige Bazillenkultur
1638 1413 2772 1472 bezeichnet. Die Idee, die dem Einakter zu Grunde liegt,
452 1456 1611 1513 einzuschreiten. Da wurde es allerdings ganz plötzlich ganz
1628 1457 2782 1498 ist fast tragisch zu neunen — ein Gelehrter, der ein Fanatiker
464 1506 1610 1548 anders — der schwarze Graben verschwand von der Bild¬
1642 1497 2770 1558 der Arbeit und zugleich ein Lebensphilosoph von durchdringender
464 1540 1608 1610 fläche, es konnte ihn kurze Zeit darauf Jeder, ohne belästigt
1636 1546 2780 1610 Wahrhaftigkeit und überlegener Klugheit ist, hat als alternder
463 1591 1195 1639 zu werden, in „Nasenschein“ nehmen.
1641 1578 2782 1639 Mann ein junges Weib geheirathet. Er weiß, daß er nicht
559 1626 1608 1683 Fürst Bismarcks Abschied vom Grunewald gestaltete sich
1634 1623 2772 1686 ldauernd glücklich werden kann, aber er will für ein oder zwei
458 1663 1614 1717 wehmüthig, aber für die Empfindungsweise des eisernen
1631 1658 2786 1717 Jahre dem Schicksal ein wirkliches Glück abtrotzen, und er
456 1714 1609 1769 Kanzlers recht bezeichnend. Zwei Tage vor seiner Abreise
1633 1706 2783 1776 jlebt, nachdem das Verhältniß zu seiner Frau längst erkaltet
1632 1757 2782 1813 list, halb und halb in dem Wahn, daß ihm das geglückt ist.
464 1762 1605 1809 aus Berlin, am 27. März 1890, traf John Booth den
463 1801 1607 1864 Fürsten zum letzten Male im Grunewald. Indem der Fürst
1636 1793 2785 1860 Die Beiden verstehen sich seit langen Jahren nicht
464 1844 1606 1899 ihn der in seiner Begleitung befindlichen Dame vor¬
1641 1840 2781 1895 mehr, er glaubt, daß seine Frau von einer tiefen Leiden¬
1639 1887 2781 1936 schaft zu seinem jungen Assistenten ergriffen, ist und er fühlt,
466 1892 1609 1946 stellte, sagte er: „Gnädigste Frau Gräfin, hier kann ich
1640 1935 2773 1980 daß er dieser Neigung Nichts in den Weg legen kann. Aber
470 1931 1610 1979 Ihnen den berufensten Zeugen meiner Thätigkeit im Grune¬
1645 1976 2779 2028 er ist der Ueberzeugung, daß beide edel und rein sind, daß
456 1974 1609 2045 wald vorstellen.“ Als John Booth darauf lebhaft erwiderte:
1648 2018 2780 2064 sie nach Befreiung seufzen, um sich wirklich angehören zu
461 2023 1611 2073 „Aber Durchlaucht, was wäre aus uns ohne Ihre mächtige
2296 2055 2772 2114 — und da wird es ihm
1643 2056 2302 2122 können. Die Frau stirbt plötzlich
467 2056 1618 2107 und schützende Hand geworden?!“ — antwortete Bismarck,
1634 2094 2774 2166 klar, daß er sich an eine Unwürdige gekettet hatte, die sich
459 2104 1623 2167 die Hand an die Mütze legend: „Ich habe nur den Willen
1636 2147 2783 2201 selbst wieder an einen Unwürdigen verschenkt hat. Sein
456 2153 1230 2202 meines Allerhöchsten Herrn ausgeführt.“
552 2188 1611 2244 Daß die Ausführung dieses Willens nicht ganz leicht
1645 2189 2781 2243 Gelehrtenheim ist beschmutzt, und in dieser Erkenntniß
1648 2231 2786 2286 bricht er nieder. Der an sich dankbare Stoff ist in einen
459 2228 1611 2279 gewesen sein kann, geht aus dem Umstande hervor, daß sich
1643 2274 2785 2337 Einakter zusammengepreßt, er leidet darunter, weil Vieles
459 2280 1611 2349 der Fürst wiederholt dahin geäußert hat, „daß ihm beim
1641 2324 2783 2371 nicht genügend motivirt werden konnte. Man versteht nicht,
465 2325 1618 2375 Bau des Kurfürstendammes unzählige Schwierigkeiten in
467 2366 1620 2419 den Weg gelegt worden seien, mehr als alle Diplomaten
1629 2363 2775 2419 weshalb eine Frau eingeführt ist, die von dem Geheimniß,
1631 2406 2786 2463 daß die Verstorbene und ihr Geliebter den weltentrückten und
473 2406 1613 2449 Europas ihm je in einer Sache bereitet hätten“. Daß aber
469 2442 1617 2502 der Grunewald dieser unerhörten Ansirengungen des großen
1639 2455 2785 2502 resignirten Gelehrten nur aus roher Sinnenlust betrogen,
1644 2493 2781 2552 Keuntniß hatte; es werden wohl dunkle Andeutungen ge¬
471 2490 1621 2540 Mannes wirklich werth war, das möchten wir unseren Lesern
462 2526 1619 2591 in einigen folgenden Schilderungen darlegen. In der Kolonie
1641 2534 2777 2590 macht — aber verständlich wird die Figur nicht.
472 2580 1616 2636 Grunewald giebt das Denkmal des Fürsten Zeugniß von
1631 2572 2781 2631 Das wundersam abgetönte Spiel von Hermann Nissen
462 2625 1615 2680 der Dankbarkeit, die die Bewohner der Kolonie dem eigent¬
1631 2622 2783 2681 täuschte namentlich gerade über diese Schwächen des Stückes
1640 2671 2780 2722 hinweg, auch Lotti Sarrow fand zu Herzen gehende
467 2666 1616 2715 lichen Schöpfer der letzteren, die so recht eigentlich an die
466 2706 1622 2784 Schöpfung des Deutschen Reiches anknüpfte, für alle Zeiten
1646 2710 2778 2759 Töne, die Regie war vortrefflich, so daß der Autor bereits
1428 2752 1578 2821 R. C.
1646 2758 2776 2820 vor dem ersten Einakter mehrfach vor der Gardine erscheinen
465 2749 701 2818 bewahren.
1649 2798 1796 2863 konnte.
1718 2825 2777 2889 Was allerdings Herr Schnitzler mit dem zweiten Einakter
599 2828 1619 2888 Deutsches Theater. Es scheint, daß am Ende der
1650 2878 2773 2938 „Der grüne Kakadu“, den er eine „Groteske“ nennt,
467 2885 1616 2934 eigentlichen Theatersaison sich selbst die vornehmsten Bühnen
1630 2930 2774 2975 bezweckte, dürfte wahrscheinlich nur ihm allein bekannt ge¬
474 2932 1617 2986 Berlins dazu hergeben, dramatische oder besser theatralische
1646 2971 2776 3027 worden und gewesen sein. Wir wurden in die Schreckens¬
470 2979 1624 3028 Allerweltsmenschen zu Worte kommen zu lassen. So wartete
1638 3005 2782 3069 szenen des — um einen beliebten Ausdruck zu gebrauchen —
465 3011 1621 3072 gestern Abend das Deutsche Theater mit drei Ein¬
1646 3049 2779 3106 „fin de siécle“, des achtzehnten Jahrhunderts geführt.
481 3055 1615 3104 aktern von Arthur Schnitzler auf, eine Art von
1632 3107 2789 3152 Wollte Herr Schnitzler eine Satire schreiben, die
467 3111 1615 3165 Ragout, zu dessen Verständniß ein abgehärteter Gaumen
1637 3142 2778 3191 vielleicht dem Geschmack des Galerienpublikums ent¬
467 3144 1616 3202 und ein fast ertödteter Geschmack gehören. Es soll
1831 3180 2778 3252 wollte er sich lustig machen über die
1649 3187 1831 3249 spricht,
464 3185 1614 3246 von vornherein gesagt werden, daß Herr Arthur
1647 3246 2779 3287 geschmacklose Sitte, die heute noch in Paris in unter¬
471 3242 1622 3289 Schnitzler eine außerordentlich geschickte Hand besitzt, daß er
1641 3268 2794 3321 geordneten Kneipen herrscht, das Publikum durch die
470 3270 1616 3331 ein Mann ist, der das ausgezeichnet versteht, was die Fran¬
1650 3306 2791 3360 allerrohesten, niedrigsten Anziehungsmittel anzulocken, wo
471 3318 1617 3377 zosen höflich mise en scène und wir Deutsche etwas grob¬
1636 3358 2793 3403 blasirte Leute, die einen Nervenkitzel brauchen, mit den grauen¬
475 3359 1618 3416 körniger, aber treffender „Mache“ nennen. Der erste Einakter
1635 3396 2802 3462 vollsten Schattenseiten des menschlichen Daseins spielen? Es
469 3409 1614 3478 „Die Gefährtin“ wird als „Schauspiel in einem Akt“
394 3491 611 3707 718
671 3625 961 3726 K
2840 1034 3197 1112 diese Weise werder
2845 1073 3284 1148 ein zuverlässige Deupp
2836 1129 3338 1185 gesorgt ist, und wir erreich
2837 1177 3341 1222 in dem Begriff Kolonisation
2840 1207 3351 1274 Vorbereitung von Kultur
2845 1250 3353 1303 wird eine solche Einrichtun
2837 1286 3343 1350 Vorgang dafür bereits vor
2842 1325 3352 1375 den erfolgreichen Versuch
2793 1413 3356 1470 lohnt sich nicht, auf die
2793 1440 3352 1513 jedenfalls hatte Herr Schn
2798 1489 3345 1552 Pöbel zujubelte, und es t
2797 1538 3348 1611 Pöbel in gewissen Fällen G
2800 1577 3268 1640 frisirt ist oder nicht
2795 1616 3352 1685 Jedenfalls hat der Autor b
2798 1664 3345 1725 von dem inneren, ursächlich
2806 1713 3349 1780 emeuten keine Kenntuiß hat;
2801 1754 3332 1816 äußerlich — Sippe von
2808 1786 3298 1863 Komödianten, die er
2804 1835 3344 1900 sehen; ob aber gerade di
2797 1874 3358 1933 stellungswerth ist, darüber m
2809 1930 3349 1986 eigenen literarischen Gewiss
2798 1967 3351 2031 trottelten Repräsentanten de
2804 2016 3357 2079 dem Auswurf der Zuchthäuse
2793 2059 3329 2116 unwahr und degoutirend.
2807 2094 3335 2162 thatsächlich Leute gefunden,
2808 2145 3340 2208 Zerrbild freuetischen Beifall
2809 2185 3299 2246 sein möchten, mögen
2809 2224 3354 2293 Massen= Inszenirung von
2808 2272 3337 2338 dufteten Individuen, die
2797 2308 3354 2381 die Krone aufsetzten, muß ein
2800 2367 3345 2412 Publikums gefallen haben —
2800 2405 3343 2464 darüber wollen wir nicht
2804 2442 3365 2509 schwendete seine große Ku
2811 2492 3352 2548 er fand Beifall bei Ste
2800 2537 3319 2593 augenblickliche Situation
2803 2569 3350 2626 aber brachte uns die Gest
2800 2616 3355 2689 Tagen in dem Prozeß Guth
2810 2668 3319 2715 Moabit geschmückt hatten.
2799 2702 3352 2766 entzückend wie immer, sie ist
2807 2755 3297 2820 eine große Komödiantin.
2868 2785 3354 2853 Zum Schluß aber war
2797 2833 3354 2902 gespart. Es spielte zu Basel
2847 2877 3355 2936 an einem schönen Junimo
2800 2921 3351 2984 nichts gemerkt, wenn es
2807 2961 3316 3026 Theaterzettel angegeben
2808 3004 3367 3072 eine Nichtigkeit, ein kleiner
2808 3051 3355 3123 heitscherz, der sich augensche
2801 3093 3354 3158 und ähnliche Dinge lusti
2812 3130 3363 3199 Verfasser ihn ins Mittelg
2808 3174 3355 3243 scheinlich nur den Zweck, un
2804 3220 3355 3282 Heims in wunderseltsam
2810 3271 3365 3327 Kostumen erscheinen zu lasseng
2810 3314 3353 3373 Stückes trotz der klugen Ang
2830 3353 3354 3444 — und schon oft dagewesen.
