3436 4224
1042 99 2046 168 gehabt; ich wäre auch dabei gewesen, wenn es der Anstand
1038 153 2052 209 und meine Stellung erlaubt hätten. Des Anstandes wegen
1045 192 2059 246 hätte er eben warten sollen, bis er außerhalb des Zuschauer¬
1054 238 2044 289 raumes war.“ Man weiß auch sonst, daß Goethe in kein
1050 288 2051 338 Verhältnis zu Kleist kommen konnte, an dem ihm „die
1051 332 2050 383 nordische Schärfe des Hypochonders und die Gewaltsamkeit
1044 372 2060 431 der Motive“ unerträglich war. „Ich habe ein Recht,“ hat
1042 416 2056 474 er einmal gesagt, „Kleist zu tadeln, weil ich ihn geliebt und
1036 477 2051 527 gehoben habe; aber sei es nun, daß seine Ausbildung, wie
1040 501 2061 566 es jetzt bei vielen der Fall ist, durch die Zeit gestört
1040 557 2048 607 wurde, oder was sonst für eine Ursache zum Grunde
1050 595 2060 653 liege; genug, er hält nicht, was er zugesagt. Sein
1046 648 2051 708 Hypochonder ist gar zu arg; er richtet ihn als Menschen
1045 704 2049 749 und Dichter zugrunde. Sie wissen, welche Mühe und Proben
1046 741 2052 793 ich es mir kosten ließ, seinen „Wasserkrug“ aufs hiesige
1043 784 2053 844 Theater zu bringen. Daß es dennoch nicht glückte, lag einzig
1045 833 2050 890 in dem Umstande, daß es dem übrigens geistreichen und
1046 880 2050 935 humoristischen Stoffe an einer rasch durchgeführten
1048 916 2057 987 Handlung fehlt.“ Und ähnlich ein anderes Mal zu Riemer,
1046 974 2049 1035 sich über die eigensinnigen und eigenwilligen Neuen von
1047 1017 2052 1076 Kleists Art beklagend: „Sie meinen, außer dem Rechten
1049 1067 2052 1123 gäbe es noch ein Rechtes, ein anderes Rechtes, das hätten
1051 1105 2059 1168 sie. Wie wenn es außer dem Schwarzen in der Scheibe
1044 1153 2052 1210 noch eins gäbe, und da schießen sie denn ins Blaue.“ Womit
1049 1204 2055 1261 er übrigens nur das allgemeine Gefühl seines ganzen
1037 1245 2057 1296 Kreises aussprach. So schrieb Fräulein v. Knebel an ihren
1048 1294 2055 1348 Bruder: „Ein fürchterliches Lustspiel, was wir eben
1051 1339 2062 1397 haben aufführen seh'n und was einen unverlösch¬
1047 1391 2057 1442 baren unangenehmen Eindruck auf mich gemacht hat, und
1053 1429 2059 1488 auf uns alle, ist der „Zerbrochene Krug“ von Herrn von
1048 1481 2055 1534 Kleist in Dresden, Mitarbeiter des charmanten „Phöbus“.
1059 1520 2061 1569 Wirklich hätte ich nicht geglaubt, daß es möglich wäre, so
1044 1565 2065 1630 was Langweiliges und Abgeschmacktes hinzuschreiben. Die
1049 1610 2058 1663 Princeß meint, daß die Herrens von Kleist gerechte An¬
1048 1657 2053 1710 sprüche auf den Lazarus=Orden hätten. Der moralische
1045 1701 2053 1753 Aussatz ist doch auch ein böses Uebel.“ Kleist gab das Miß¬
1056 1749 2055 1813 geschick selbst zu, als er in den „Phöbus“ ein Fragment aus
1056 1794 2053 1854 dem Stücke setzen ließ, mit der resoluten Bemerkung: „Da
1054 1838 2058 1890 dieses kleine, vor mehreren Jahren zusammengesetzte Lust¬
1059 1883 2055 1942 spiel eben jetzt auf der Bühne von Weimar verunglückt
1053 1927 2062 1994 ist ...“ Er konnte nur freilich nicht ahnen, daß es dabei
1054 1974 2058 2044 bleiben sollte: indem sich das Stück allmählich im stillen
1056 2010 2054 2077 immer dankbarere Leser gewann, fuhr es im Theater bei den
1046 2070 2065 2129 Zuschauern zu „verunglücken“ fort. Eigentlich bis heute.
1059 2115 2064 2166 Laube erzählt in seinem Burgtheater: „Noch in einer
1055 2159 2053 2218 anderen komischen Richtung versuchte ich das Repertoire zu
1042 2199 2061 2256 erweitern. In der Richtung nach Norden, möchte ich sagen.
1057 2256 2062 2310 Heinrich v. Kleists „Zerbrochener Krüg“ gehört ganz zur
1051 2302 2059 2353 nordischen Komik. — Heinrich v. Kleist stand lange auf der
1048 2345 2053 2402 Senatorliste unserer großen Poeten. Man meinte, es müsse
1044 2385 2063 2447 alles dafür getan werden, dem Publikum begreiflich zu
1044 2427 2053 2496 machen, daß ihm einer der nächsten Sessel nach Schiller
1055 2477 2058 2530 und Goethe eingeräumt werde. Ich war selbst dieser
1045 2524 2061 2579 Meinung und hatte vor, all seine Dramen in Szene zu
1046 2572 2056 2630 setzen. Zuerst brachte ich den „Zerbrochenen Krug“, der hier
1047 2615 2054 2667 nie gegeben worden; eigentlich ohne Erfolg. Er erschien zu
1046 2666 2066 2728 nordisch, zu kalt, zu gedacht, zu abstrakt. Mehr Komik
1053 2713 2054 2767 für den Denker, als für den Zuschauer. Der Unterschied
1055 2764 2062 2814 unserer deutschen Landsmannschaften zeigt sich da sehr
1043 2800 2064 2860 deutlich. Die märkische Landsmannschaft, zu welcher
1046 2849 2066 2902 Kleist gehörte, findet das Stückchen ihrem Geschmacke zu¬
1046 2900 2057 2958 sagend, sie folgt ihm mit Behagen. Döring gibt auch den
1051 2940 2058 2995 Dorfrichter Adam viel eynischer, schärfer und frecher als
1046 2985 2061 3050 La Roche, und die Döringsche Charakteristik entspricht dem
1051 3034 2061 3101 märkischen Grundtone. Die norddeutsche Komik steht eben
1050 3080 2062 3147 der Kaustik viel näher, als die süddeutsche. Aber auch im
1038 3132 2066 3187 Norden mußte dieser durch die Romantiker berühmt ge¬
1043 3178 2068 3231 vordene „Krug“ gestrichen werden bis auf die Knochen.
1050 3227 2065 3283 Er ist viel zu breit für die Szene. Und dem Süddeutschen
1057 3269 2073 3322 ist ein Körper ohne Fleisch ein mißlich Ding.“ In Wien
1053 3312 2065 3362 hat er in der Tat eigentlich niemals gewirkt. Auch in
1048 3358 2074 3411 München nicht, sogar bei Dingelstedts Mustervorstellungen
1042 3404 2064 3453 von 1854 mit Döring kaum. Eigentlich also nur in Berlin,
1043 3446 2074 3506 so lange Döring den Dorfrichter gab. Dann auch nicht
1052 3505 2068 3555 mehr. Erst neulich noch, als er im Kleinen Theater wieder
1049 3540 2077 3601 versagte, hat Siegfried Jacobsohn verzeichnet, es habe sich
1048 3584 2067 3651 „die über alle Begriffe herrliche Komödie seit Dörings
1052 3630 2081 3691 Tode auf keiner Bühne behaupten können“. Warum? Ein
1041 3682 2072 3730 von allen bewundertes Stück, das überall durchfällt. Es
1026 3727 1609 3806 muß doch einen Grund haben.
2069 74 3022 123 wir erst lachen ncr eeorererre
2072 131 3074 167 uns durch irgend eine geheime Macht, was der Dichter ver¬
2070 157 3090 219 säumt, gleich schon vorempfinden zu lassen, noch bevor es
2068 203 3086 258 sich aus der Handlung ergibt, die so dramatisch ist als die
2068 255 3088 302 Darstellung ihrer Menschen undramatisch. Tieck muß dies
2071 290 3090 345 schon gemerkt saden. Er sagt in den dramaturgischen
2068 340 3079 394 Blättern einmen: „Kleisis Dramen geben dem Schauspieler
2078 375 3088 440 große Veramtassung, seine Kunst zu zeigen, aber zugleich
2070 419 3085 490 gehört es zu den allerschwierigsten Aufgaben, sie befriedigend
2082 475 3089 517 oder auch nur so aufzuführen, daß die Absichten des
2080 509 3083 564 Dichters nicht ganz verloren gehen. Alle diese Charaktere
2078 558 3085 620 müssen sehr scharf umrissen werden, das Kolorst ist grell,
2068 603 3092 654 und beides, Umriß und Farbe, verschwindet zu Zeiten
2074 658 3086 716 beinah wieder ganz, und dem Schauspieler ist die Er¬
2078 697 3089 754 gänzung, gewissermaßen die Schöpfung, unbedingt an¬
2074 750 3082 795 vertraut.“ Deutlicher ausgedrückt: man hat bei Kleists Ge¬
2069 782 3094 843 stalten immer das Gefühl, daß der Dichter ihren
2075 837 3097 893 „Charakter“ eben durch den dramatischen Verlauf nur erst
2074 876 3089 931 sucht; und wir müssen mit ihm suchen, und wenn er ihn
2073 928 3089 975 endlich gefunden hat, ist das Stück schon aus, es endet mit
2070 959 3094 1027 seiner Entdeckung. Bei Shakespeare auch, wird man
2070 1011 3102 1058 vielleicht sagen. Ja, abe anders: Shakespeare deckt im
2085 1060 3100 1111 letzten Akt auf, als jetzt für den Verstand bewiesen; was
2084 1098 3090 1154 wir mit dem Gefühl schon in der ersten Szene geheimnts¬
2080 1131 3101 1192 voll antizipiert haben. (Worin Shakespeare wie das Leben
2079 1192 3098 1247 ist, unser Leben selbst, das auch nichts anderes mit uns
2072 1229 3097 1289 tut.) Und eben dies, was Shakespeare vor Kleist voraus
2085 1278 3097 1337 hat, diese magische Macht, uns sogleich fühlen zu
2075 1317 3101 1379 lassen, was uns die dramatische Begebenheit dann erst an
2071 1366 3102 1429 den Gestalten erkennen läßt, muß diesem, wenn er wirken
2072 1424 3096 1474 soll, der Schauspieler geben. Ich weiß freilich heute, nur.
2072 1457 3101 1526 drei, welchen ich es für den „Krug“ zutrauen kann: Novelli,
2079 1505 2443 1570 Kainz und Girardi.
2170 1525 3099 1616 Was ich am „Grünen Kakadu“ immer wieder be¬
2075 1586 3102 1651 wundere, ist, daß er ganz unmittelbar auf uns und doch
2074 1645 3097 1689 keinen Augenblick als Kostüm wirkt. Sonst sagt man sich
2072 1688 3097 1736 bei „historischen“ Stücken entweder: Aha, er meint uns, er
2074 1725 3102 1792 hat uns nur verkleidet, aber wir sind's, uns geht es an,
2073 1775 3099 1827 unser Fall wird verhandelt. (Bei Shakespeare, Goethe,
2080 1814 3091 1882 Schiller immer.) Oder man weiß gleich, daß eine Ver¬
2073 1865 3092 1921 gangenheit gezeigt werden soll, mit Gedanken, die wir nicht
2083 1911 3094 1964 mehr denken, Gefühlen, die uns fremd geworden sind,
2076 1953 3095 2020 Menschen, die wir nicht mehr haben. Schnitzler trifft es
2075 2000 3093 2056 wunderbar, beides zu verbinden: das „Echte“ mit unserem
2078 2060 3097 2111 neuen Gefühl. Niemals empfinden wir das als „Kostüm“,
2082 2099 3098 2149 wir sind sogleich in jene große Zeit entrückt. Wir spüren:
2074 2132 3098 2192 Diese waren anders, keiner ist heute so, unser Leben hat.
2080 2188 3105 2245 diese Form nicht mehr. Und spüren doch ihre Leidenschaft.
2078 2237 3096 2291 als unsere und spüren zugleich fast einen geheimen Wunsch,
2075 2273 3113 2342 ihre Vergangenheit zu unserer Jukunft zu machen. Es ist.
2073 2326 3102 2384 Geschichte, ja, aber lebendige, aus der noch Funken in
2075 2367 2570 2431 unsere Wünsche springen.
2158 2394 3105 2475 Herr Höfer, dieser so kluge, so geschickte, nur nicht
2083 2466 3111 2518 drastische Künstler, gibt den Adam sehr fein, ohne ihm
2076 2498 3093 2566 freilich jene positive Komik zuzuschießen. Lustig ist die
2076 2543 3104 2613 Marthe der Frau Thaller, von angenehmer Frische der
2077 2593 3087 2654 Ruprecht des Herrn Birron und in die ganze Vor¬
2072 2638 3093 2694 stellung bringt Herr Vallentin, der neue Regisseur, ein
2086 2681 3104 2745 Tempo und einen Zug, die man sonst in diesem Theater
2085 2724 3085 2785 nicht kannte. Man spürt seine starke Hand auch im
2080 2768 3100 2841 „Kakadu“, der, von den Damen Lißl und Ritscher,
2077 2825 3086 2875 den Herren Kramer, Jensen und Birron vor¬
2073 2864 3098 2924 trefflich, dargestellt, das Publikum in einen Taumel und
2077 2912 3106 2978 Tumült rez, wie man hier lange, lange, keinen ver¬
2072 2959 2341 3033 nommen hat.
2619 2991 3065 3068 Hermann Bahr.
3167 4030 3224 4117 1400
