3392 4256
2132 127 2609 229 box 15/6
344 127 1993 229 9.4. Der gruene Kakadu Zukius
867 1037 1284 1146 Telefen 2801.
2320 1089 2723 1181 Telefon 12801.
579 1139 1600 1238 Unternehmen für Zeuungs-Ausschnitte.
2034 1171 3042 1279 Unternehmen für Zeitungs-Ausschnitte.
1463 1201 1651 1289 Ausschnitt
2913 1228 3098 1305 Ausschnitt
742 1222 1393 1372 „OBSERVER“
1420 1260 2046 1377 N. 53 105
2192 1262 2839 1410 „OBSERVER“
2925 1293 3181 1402 Nr. 71
331 1338 1742 1446 L. österr. behördl. cone. Bureau für Zeitungsberichte u. Personalnachrich
1804 1419 3242 1476 I. österr. behördl. cone. Bureau für Zeitungsberichte u. Personalnachrichten
525 1424 1634 1532 Wien, IX/1, Türkenstrasse 17.
1989 1462 3081 1564 Wien, IX/1, Türkenstrasse 17.
708 1518 1407 1605 — Filiale In Budapest: „Flgyelö“
2200 1549 2868 1635 Filiale in Budapest: „Figyelö“ -
451 1574 1703 1665 Vertretungen in Berlin, Chicago, London, Nowyork, Paris, Stockholm.
1907 1619 3162 1715 Vertretungen in Berlin, Chicago, London, Newyork, Paris, Stockholm.
346 1691 1627 1810 Ausschnitt ans: OOtretcreste Vcte
1808 1713 2811 1817 Ausschnitt aus: Oygenauer
2847 1753 3082 1860 28
357 1845 746 1957 vom 4½
1811 1884 2246 1983 vom C((as 9)
2240 2048 2857 2141 Berliner Kunstleben.
2063 2119 3090 2205 Einige Bühnen haben sich schon in Vaxiétés verwandelt,
578 2131 1637 2235 * Föpróba — rendöri asszisztencläval. Schnitz¬
1980 2186 3070 2240 um den Sommer erfolgreich zu überdauern, andere fristen
464 2219 1619 2274 Ter Arthur német irönak A zöld vapagdly ciminj-da¬
1980 2238 3068 2320 noch ein lärgliches Dasein mit Gastspielen Die todte Saison
472 2257 1633 2335 rabjät a berlini cenzura, mint mar emlitettük, betil¬
1971 2270 3078 2345 bricht an, und nur eine kleine Nachlese sei mir noch erlaubt.#
479 2311 1631 2369 totta. A cenzura most meggondolta magät és meg¬
1978 2331 3070 2415 Die dreigetige Oper „Ingwelde“ von Max Schillings,
472 2358 1625 2404 engedte a Deuisches-Theaternek a darab elöadäsät, de
1975 2372 3077 2448 deren Handlung in Norwegen zur Wikingerzeit spielt, wurden
479 2397 1624 2454 esak azalatt a feltétel alatt, hogy a rendörség — ki¬
1964 2436 3076 2499 im Königlichen Opernhaus als Gastspiel des Schweriner
469 2441 1636 2516 vételesen — jelen lehessen a A zöld papagdly föpró¬
1964 2484 3077 2548 Hofopernensembles mit großem Erfolg aufgeführt. Der junge
461 2487 657 2561 bajan.
1320 2494 1474 2591 2.
1970 2530 3066 2596 Componist hat, ohne seine künstlerische Selbständigkeit ein¬
1969 2566 3073 2638 zubüßen, sehr viel von Wagner gelernt, und erweckt schöne
1966 2635 3070 2684 Hoffnungen für die Zukunft. Arthur Schnitzlers drei
1963 2664 3057 2732 Einacter („Gefährtin“, „Der grüne Kakadu“, „Paracelsus*)
1965 2730 3073 2779 wurden im Deutschen Theater beifällig ausgenommen. Am¬
1962 2769 3072 2858 besten gefiel „Der grüne Kakadu“ dessen lebhafte Handlung
1956 2823 3065 2892 geschickt mit dem Ausbruch der französischen Revolution ver¬
1964 2876 3062 2928 worben ist. Das Berliner Theater brachte die Tragödie!
1967 2928 3059 2989 „Kain“ von Ernst Prange zur Aufführung, das Werk eines
1957 2966 3072 3056 begabten Anfängers, der uns vielleicht noch einmal vollwertiges
1964 3026 3060 3093 bieten wird. Der Mecklenburger Max Dreyer errang im
1960 3064 3045 3145 Deutschen Theater mit dem dreiaetigen Schauspiel „Hans“
804 3109 1372 3196 Bezugs-Bedingungen.
1959 3114 3062 3200 einen der stärksten und unbestrittensten Erfolge der Saison.
1957 3171 3059 3248 Das Stück wirkt durch schlichte Natürlichkeit und echte Em¬
1405 3161 1526 3243 7.50
364 3193 1339 3255 Für 50 Zeitungsauschnitte (Artikel oder Notizen)
1551 3183 1743 3271 inelusivg
1801 3205 1904 3290 Für
1319 3216 1515 3288 „ 14.—
451 3229 555 3277 100
1922 3221 3189 3301 50pfindung. Der Verein für historisch=moderne Festspiele, elusve
1555 3245 1710 3290 Porto.
1395 3261 1511 3317 25.—
437 3266 552 3323 200
1897 3250 3170 3331 100 dessen Macterlinck Aufführung ich im letzten Bericht erwähnte, Porto.
1550 3279 1724 3338 Zahlban
1385 3305 1511 3363 55.—
434 3309 554 3356 500
1894 3310 3181 3378 200 veranstaltete eine Aufführung von Kleists „Amphitryon“ Ablbere
1259 3322 1722 3412 . .„ 100.— im Vorat
1895 3337 1984 3390 500
1855 3345 1904 3402 „
388 3349 556 3420 „ 1000
3056 3352 3210 3416 Voraus.
1841 3360 3052 3438 . 100( Wieder vernichtete das äußerst mangelhafte Spiel die tiefere
487 3365 1711 3456 Im Gegensatze zu anderen Bureaux für Zeitungsausschnitte ist
1936 3421 3141 3497 „Wirkung. Es scheint überhaupt, daß unsere Schauspieler sich #
365 3439 1718 3492 Abonnement durch keine bestimmte Zeitdauer begrenzt; — auch steht es
3024 3471 3211 3536 cht es del
1823 3468 2998 3525 Abonne nur mehr in naturalistischen Stücken zurechtfinden können.
368 3468 1667 3555 Abonnenten frei die aufgegebenen Themen zu ergänzen oderchu ändern.
1824 3503 3106 3591 Abonnenten frei die aufgegebenen Tnemen zu erganzen“oder zu undert
