3436 4224
593 101 2646 170 e  ie d. de i. enthertet Rerete il en telte ene des 1 91. 19l 1ele.  e e     esene
595 143 2680 207 dieses Eindringlings, der ja in der That so eine Art balancirende — Standrede, in der er u. a. sagt
589 196 2690 250 Secessionist der ärztlichen Wissenschaft war, die in ders er „wäre an ihr Grab mit ihm gegangen, wie wenn
597 235 2695 276 Reformationsperiode, noch sehr im Argen lag.ses seine Geliebte wäre, die da draußen läge, aber
603 280 2693 352 Theophrastus Bombastus Hohenheim, genannt Para=Hausmann habe sie zu seiner Dirne gemacht, das
600 329 2698 363 celsus, war der Erste, der in der Mediein von den über= Haus mit Schmutz und Lüge gefüllt . . .“ und darum
588 343 1652 410 kommenen Bücherlehren der Alten zur Natur und zur
1640 355 2111 415 jage er ihn hinaus ...
2102 361 2680 421 Und da Hausmann sich ent¬
589 394 2698 464 unmittelbaren Anschauung zurückging. In der jüngstenffernt hat, versetzt die Freundin dem Professor noch
586 453 2687 476 Dramatisirung des erst spät anerkannten und ge=seinen letzte Schlag indem sie ihm sagt, Eveline habe
592 488 2697 545 würdigten zu seiner Zeit lange als Kurpfuscher undium die Verlobungsabsicht Hausmanns gewußt und
597 525 1641 576 Charlatan verschrienen Arztes — den zuletzt Bauer
1638 522 2565 585 ihn trotzdem geliebt mit Leib und Seele ...
2555 522 2690 578 Der
587 557 1649 613 und Wittmann in der Operette „Die sieben Schwaben“
1636 558 2696 623 Professor, aus allen Himmeln gefallen, verläßt mit
596 598 1629 659 allerdings mehr parodistisch auf die Bühne gebracht
1643 604 2679 655 Abschen die Stätte, die ihm so grausame Enttäuschun¬
590 649 1637 698 haben — macht sich der Dichter auch nach dem be¬
1635 648 2694 697 gen gebracht nicht ohne zuvor in einem Anflug von
588 681 1640 727 rühmten Molière'schen Vorbilde über die Aerzte der
1636 687 2693 744 Schadenfreude den Kranz, den kurz zuvor Hausmann
593 721 1631 765 damaligen Tage weidlich lustig. Doch nicht darin
1635 731 2661 775 gesandt, auf Evelinen's Schreibtisch gelegt zu haben.
588 763 1640 812 liegt der Kernpunkt des kleinen Dramolets. Paracelsus
1686 767 2660 821 Der sonderbare Heilige, Professor Pilgram, ist
598 806 1634 852 kommt durch eine sehr geschickt gesponnene Intrigue
1649 798 2695 863 jedenfalls eine der eigenartigsten Charaktere, welche
589 850 1640 904 im Hause des Waffenschmiedes Cyprian, der in ihm
1636 850 2675 905 die Phantasie eines modernen Dichters noch hervor¬
590 883 1631 937 einen Bekannten aus seiner Studienzeit wieder¬
1639 894 2680 947 gebracht hat. Auch in diesem blitzartig vorüber¬
599 922 1635 976 gefunden und Paracelsus zu sich als Gast gebeten
1640 933 2683 1001 huschenden, stark al tresco gezeichneten Stückchen ist
597 972 1627 1027 hat, in die Lage, den Beweis zu erbringen, daß seine
1635 972 2455 1038 die Technik eine geradewegs mustergiltige.
594 1012 1643 1056 Kunst nicht auf Lug und Trug aufgebaut ist. Des
1703 1000 2687 1083 „Der grüne Kakadu“ ist eine kühne, farben¬
594 1050 1635 1093 Waffenschmiedes Frau und Paracelsus haben sich einst¬
1640 1050 2681 1109 satte, beispiellos freimüthige Schilderung aus der
589 1091 1633 1151 mals platonisch geliebt, und sie nahm statt des armen
1647 1094 2683 1151 sturmbewegtesten Periode der französischen Revolution.
589 1138 1628 1188 Bruder Studio den ungeliebten Waffenschmied, für
1637 1141 2670 1194 Schauplatz der Handlung: die Spelunke zum grünen
589 1174 1643 1220 dessen Schüler Anselm sie nun eine stille Schwärmerei
1646 1182 2663 1234 Kakadu, die einem ehemaligen Theaterdirector,
595 1218 1633 1267 im Busen trägt, der sie mit Liebesanträgen verfolgt,
1638 1225 2659 1270 Prospère, gehört, der ein glänzendes Geschäft macht,
588 1254 1626 1303 zum tiefen Kummer ihrer Schwägerin, der Jungfrau
1644 1266 2672 1316 weil er auf den famosen Einfall gerathen ist, die Mit¬
592 1299 1636 1359 Cäcilia, die Auselm liebt. Paracelsus scharfem Blick
1637 1306 2673 1355 glieder seiner Truppe statt auf der Bühne in seinem
596 1345 1632 1388 wird mit einer allerdings kaum glaubwürdigen blitz¬
1641 1346 2674 1417 Schankzimmer tragiren zu lassen und zwar in der
586 1384 1640 1433 artigen Geschwindigkeit offenbar, wie es um die drei
2009 1378 2676 1445 mit großem schauspielerischem
1640 1386 1956 1450 Art, daß sie
585 1421 1644 1471 steht. Da ihn Cyprian sehr wegwerfend behandelt,
1638 1428 2681 1482 Geschick haarsträubende Verbrechen detaillirt er¬
587 1467 1631 1511 ihn verhöhnt und des Charlatanismus zeiht, beschließt
1641 1473 2669 1527 zählen, die sie nie begangen. Auch herabge¬
593 1504 1642 1552 er, sich an ihm zu rächen. Er wiegt Justina (frei nach
1633 1511 2674 1569 kommene Aristokraten, darunter der Herzog von
587 1550 1641 1602 Svengali) in hypnotischen Schlaf, nachdem er ihr suggerirt
1632 1553 2681 1621 Cadignan sind Prospère's Gäste, der sie, stolz darauf,
584 1580 1640 1643 sie habe mit Auselm ihren Gatten betrogen. Cyprian
1644 1596 2667 1638 Citoyen zu sein, sehr bagatellmäßig behandelt. Licht¬
590 1623 1641 1670 sträuben sich die Haare zu Berge, da Justina in der
1643 1622 2682 1692 scheues Gesindel mischt sich unter die bunt zusammen¬
596 1668 1637 1718 Hypnose von ihrer ihr suggerirten Untreue spricht, er
1639 1677 2682 1740 gewürfelte Gesellschaft, in der es einen Dichter, einen
583 1715 1632 1762 verlangt, daß Paracelsus schleunigst den Zauber von
1647 1717 2683 1769 Philosophen — wie deren ja in den Julitagen von
591 1745 1637 1798 ihr löse, doch Paracelsus sagt ihm bittere Wahrheiten
1646 1759 2680 1819 1789 so viele in Paris umherliefen — 2c. giebt. Die
590 1795 1629 1839 und weigert sich, sie aus dem Traumzustande zu be¬
1640 1800 2674 1853 great attraction des grünen Kakadu ist der Schau¬
590 1831 1636 1880 freien. Auselm erscheint, und zu dessen namenlosem
1639 1845 2677 1889 spieler Henri. Er kommt eben, um dem Wirthe an¬
593 1867 1634 1925 Stannen sagt Justina nun auch ihm ins Gesicht, daß
1633 1872 2684 1932 zukündigen, daß er heute zum letzten Male auftreten
593 1911 1631 1964 sie das Opfer seiner Verführungskünste ward. In
1631 1929 2672 1974 werde. Er wolle mit der Schauspielerin Léocadir, die
590 1943 1634 2003 diesem kritischen Augenblicke löst Paracelsus den
1639 1962 2677 2008 er geheirathet, Paris verlassen. Nach einer Weile
592 1992 1625 2044 Knoten, indem er Justina aufs Neue hypnotisirt und
1635 2000 2679 2062 kehrt er wieder und schildert voll Verzweiflung, wie er
582 2025 1628 2082 ihr befiehlt, sie möge, wenn sie erwacht, wahrer
1641 2044 2682 2096 eben Léocadie der Untrene überwiesen und ihren
581 2074 1640 2131 sein, als sie je gewesen, bis sie von diesem letzten
1639 2082 2683 2139 Galan, den Herzog von Cadignan, ermordet habe....]
577 2118 1637 2177 Zauberspruch erlöst wird. Und nun erschließt Justina
1689 2126 2684 2178 Die Versammelten werden von Grauen erfaßt,
595 2162 1634 2206 rückhaltlos ihr Inneres, sagt, daß sie Amseln wohl
1640 2160 2684 2212 denn man wußte, das Léocadie es mit dem Herzog
583 2192 1627 2245 gut sei, ihrem Gatten indeß als treues Weib in die
1647 2210 2688 2265 hielt. Er aber, Heuri, erfährt dies erst durch die
581 2245 1627 2297 Augen schauen könne und daß sie dereinst Paracelsus
1638 2240 2684 2301 Worte, die im Kreise fallen, denn seine Schilderung
589 2302 1641 2342 geliebt und ihm, wenn er es nur gewollt, Alles ge¬
1639 2292 2680 2350 war nur Komödie, ein Schauspielerkunststückchen à la
590 2321 1644 2389 opfert hätte.: Und ihrer Schwester redet sie ins
1629 2326 2688 2384 Garrick. In diesem Augenblick tritt der Herzog
584 2368 1625 2418 Gewissen, Auselm ziehen zu lassen, so wie sie einst
1640 2373 2678 2436 ahnungslos ein, und Henri stürzt auf ihn zu und er¬
587 2406 1630 2458 Paracelsus von dannen gehen ließ. .. Cyprian weiß
1637 2415 2673 2472 mordet ihn auf offener Scene. Und draußen johlt
581 2445 1640 2500 nicht wie er daran ist und fragt naiv: ob's Ernst,
1639 2449 2680 2506 indeß die vom Bastillensturm kommende Menge, und
585 2489 1628 2531 ob's Spiel war, was Paracelsus bot? Der antwortet
1640 2498 2668 2563 in das Röcheln des Sterbenden mischt sich der tausend¬
590 2531 1636 2603 voll tiefen Sinnes, daß ja Alles Spiel sei auf
1630 2535 2377 2602 stimmige Ruf: Es lebe die Freiheit..
596 2572 836 2637 Erden und
1684 2553 2676 2630 Die Kraft der Schilderung ist des höchsten Lobes
765 2597 1016 2663 Ein Sinn
1613 2600 2672 2676 werth; Schnitzler giebt ein grelles Bild der Stimmung
702 2624 1495 2703 Wird nur von dem gefunden, der ihn sucht.
1629 2665 2668 2722 und der Leidenschaften, die in jenen Fiebertagen
702 2689 1509 2731 Es fließen in einander Traum und Wachen,
1633 2705 2667 2752 Paris beherrscht, und glänzender Sarkasmus durch¬
711 2716 1528 2771 Wahrheit und Lüge. Sicherheit ist nirgends.
2317 2738 2681 2800 Das Verbot der
1643 2745 2262 2794 zieht die Reden der Aufwiegler.
651 2753 1629 2807 Der Tropf von Gatten giebt sich mit diesem
1643 2779 2673 2856 Groteske in Berlin erscheint indeß verwunderlich.
593 2789 1636 2866 delphischen Spruch zufrieden, Auselm und Cäciliä
2451 2821 2620 2881 S. L.
597 2834 1646 2904 finden sich und Paracelsus verläßt nach einer den
584 2875 1646 2937 Dünkel der Aerzte von damals köstlich klarlegenden!
586 2917 1645 2979 Scene den Schauplatz. Schnitzler hat da mit etwas
1683 2913 2667 2989 Ueber den Erfolg der drei Stücke meldet uns eine
587 2967 1631 3014 derben Mitteln aber doch unstreitig mit Menschen¬
1635 2964 2523 3031 [Depesche unseres wiener Correspondenten:
593 3005 1642 3054 kenntniß eine kleine Skizze aus dem Seelenleben der
1684 2997 2670 3060 „Schnitzler's Einacterabend mit seinem bunten
592 3055 2680 3094 Frauen geschaffen. Es wird sich allerdings erst zu Wechsel von Ernst und Scherz, von übermüthiger¬
587 3083 1643 3138 erweisen haben, ob das Publikum dem Autor auf die
1631 3086 2685 3149 Groteske und packender Tragik hatte einen glänzendens
595 3133 2672 3189 Zumuthung mit der zweifachen Suggestion eingehen Erfolg, der sich in wiederholten warmen und ein¬
585 3170 806 3225 wird. —
1606 3176 2668 3232 müthigen Hervorrufen des Dichters äußerte, für dens
650 3199 1628 3261 Feiner geartet, von selten einheitlicher Stimmung
1640 3212 2679 3267 zuerst der Regisseur den Dank aussprach, woraufs
1640 3250 2668 3299 Schnitzler selbst erschien. Unser sonst so kühlerwägen¬
578 3251 1632 3307 getragen, ist das Schauspiel „Die Gefährtin“.
596 3298 2670 3341 Ein Nichts an Handlung, aber voch eine Summe von des Burgpremièren=Publikum zeigte sich ungemein an¬
593 3323 2680 3380 inneren Vorgängen, eine Fülle von psychologischen geregt durch die Fülle geistreicher Details, die glänzendes
590 3377 2685 3411 Details. Am Abende des Tages, da Professor'formschöne Sprache, namentlich in „Paracelsus“ sowie
1638 3398 2679 3466 durch die Mannichfaltigkeit der glücklich gewählten
588 3408 1635 3463 Pilgram seine um vieles jüngere Gattin zu Grabe
587 3452 1631 3512 getragen, erfährt er aus der verlegenen Art, mit der zu
1645 3454 2665 3509 Stoffe, die so ganz abseits der „süßen wiener Mädel“
594 3495 1633 3541 so ungewohnter Stunde eine Freundin der Verstorbenen
1625 3498 2679 3551 tliegen. Auch trug die besonders liebevolle Inscenirung
586 3538 1627 3585 ihn bittet, ein angeblich von ihrer Hand stammendes
1634 3534 2667 3592 zu den guten Gesammteindruck bei. Meisterleistungen
587 3576 1623 3626 Packet Briefe an die Verblichene ihr auszufolgen, daß
1638 3562 2674 3633 lieferte Sonnenthal als Professor in „Gefährtin" und
580 3609 1629 3680 sträfliche Beziebungen zwischen dieser und seinem
1634 3619 2668 3668 als der aus dem Spiel zur Wirklichkeit (gleich dem
584 3647 1625 3724 Freunde und Assistenten Doctor Hausmann bestanden
1630 3654 2676 3718 Tonio in „Pagliacci“) übergehende Schauspieler im
1636 3703 2669 3757 „Grünen Kakadu“; einen ausgezeichneten Verbrecher¬
576 3698 1636 3751 haben. Die Entdeckung wirft den jungen Wittwer
581 3737 1625 3792 keineswegs nieder. Er fühlte längst, daß Eveline an
1632 3734 2681 3804 typus zeichnete Herr Zeska und von edler Weiblichkeit
582 3787 1623 3837 seiner Seite nicht glücklich war, die (so sagt er wört¬
1638 3768 2630 3847 war Frau Schratt als Hausfrau in „Paracelsus“.]
584 3821 1638 3867 lich) zur Geliebten geschaffen war, nicht aber zur Ge¬
578 3861 1643 3921 fährtin. Mit einer bewunderungs=, aber wohl kaums
578 3891 1655 3967 achtungswürdigen Philosophie docirt der Professor, daße
591 3946 1653 3993 heute, am Begräbnißtage, Einer auf der Welt sei, der¬
578 3983 1145 4045 viel tiefer zu beklagen
1133 3980 1649 4052 ist, als er selbst:
981 4012 1632 4085 geliebt hat und der sie nun
760 4023 956 4076 den sie
579 4019 750 4079 Einer,
585 4067 1641 4132 verlor. Er habe nur auf den Augenblick geharrt
2797 136 2978 203 CTREA
