3484 4320
1474 179 1885 268 box 15/2
1012 190 1310 265 Kakadu
492 203 597 270 De
251 197 1305 308 9.3. KrüCRC n
1273 1329 1674 1426 Telephon 12801.
839 1409 1529 1612 Kn
518 1589 1671 1641 O l. österr. behördl. konz. Unternehmen für Zeitungs-Ausschnitte
539 1627 585 1670 60
672 1640 1557 1750 Wien, I., Concordiaplatz 4.
508 1704 604 1760 4
901 1724 1347 1789 Vertretungen
538 1772 1657 1846 0 in Berlin, Budapest, Chicago, Christiania, Genf, Kopen¬
510 1815 1666 1861 hagen, London, Madrid, Mailand, Minncapolis, New-Vork,
601 1857 1627 1919 Paris, Rom, San Francisco, Stockholm, St. Petersburg.
913 1896 1311 1948 (Quellenangabe ohne Gewähr.)
499 1928 1271 2023 6 Ausschnitt aus: 13.36P 190“
709 2003 1734 2128 =insthirte Wiere erabine Wien
487 2044 712 2101 E vom:
683 2136 1529 2190 Wildes Tragödie „Salome“ und „Der
527 2146 1183 2209 grüne Kakadn“ von Arthur E
1276 2165 1539 2233 ler wurden
533 2197 1531 2260 gestern im Deutschen Volkstho#mit theil¬
534 2237 1527 2299 weiser Neubesetzung aufgeführt. In „Salome“ gab
525 2272 1527 2346 Fräulein Marberg die Titelrolle. Die Leistung
571 2313 1534 2377 r Künstlerin ist bekannt und wurde bereits nach
528 2339 1527 2415 Verdienst gewürdigt. Frl. Marberg fand ebenso,
528 2387 1531 2452 wie die Herren Kutschera und Director Weisse
519 2429 1520 2491 lebhaften Beifall. Neu waren die Herren Klitsch,
513 2458 618 2509 der
623 2460 1520 2513 den Tigellins mit warmer Empfindung
520 2490 1526 2559 sprach, ferner Achterberg (Page) und Askonas
516 2534 1521 2608 (erster Soldat), die ihren Platz entsprechend aus¬
510 2585 1533 2640 füllten. Im zweiten Stücke fügten sich Fräulein
517 2618 1516 2686 Herbert, dann die Herren Askonas, Klitsch
503 2657 1525 2719 und Achterberg in ihren neuen Rollen dem
503 2692 1521 2759 Ensemble würdig ein. Die Darbietungen der übrigen
497 2733 1523 2801 Mitwirkenden, in erster Reihe die der Damen
505 2759 1184 2828 Galafrés und Schweighof
1263 2779 1513 2831 sowie der
507 2804 1529 2881 Herren Kramer und Weiß erzielten wieder den
507 2842 886 2908 gewohnten Erfolg.
2553 1159 2973 1255 Telephon 12891.
1903 1348 2650 1448 AK W
1828 1419 2968 1498 (1 I. österr. behördl. konz. Unternehmen für Zeitungs-Ausschnitte
1977 1481 2855 1583 Wien, I., Concordiaplatz 4.
2201 1554 2634 1629 Vertretungen
1887 1602 2956 1675 in Berlin, Budapest, Chicago, Christiania, Genf, Kopen¬
1887 1651 2973 1709 hagen, London, Madrid, Mailand, Minneapolis, New-Vork,
1922 1684 2930 1762 Paris, Rom, San Francisco, Stockholm, St. Petersturg.
2231 1740 2628 1799 (Qnellenungabe ohne Gewähr.)
1829 1733 2983 1880 6 Ausschnitt aus: DIE ZEIT, WIEN
2418 1854 2724 1939 138E21907
1825 1908 2041 1971 E vom:
1991 1939 2067 1998 1
1975 1960 2892 2034 b Deutsches Volkstheater. Mit einigen kleinen
1934 2026 2896 2095 schmerzlosen Neubesetzungen fanden sich gestern
1945 2078 2902 2132 „Salome“ und „Der grüne Kakadu“ wieder ins
1926 2129 2899 2181 Repertoire. Es ist zu hoffen, daß sie sich nicht
1936 2171 2906 2220 so bald daraus verlieren. Eben weil Dichter an
1928 2204 2906 2261 dieser Stätte so selten zu hören sind, sind sie um
1934 2249 2899 2311 so willkommenere Gäste. Fräulein Marberg
1941 2290 2891 2354 hat zum erstenmal als engagiertes Mitglied sich
1937 2336 2902 2400 den Kopf des Jochanaan ertanzt. Sie ist eine
1935 2370 2910 2467 sehr, sehr anständige Salome an der gar nichts
2318 2415 2908 2484 außer daß eben das Genie
1937 2430 2259 2493 auszusetzen ist
1940 2454 2904 2522 fehlt. Sie ist moderiert verrucht, gemäßigt glü¬
1948 2512 2916 2570 hend, eine deutsche bürgerliche Prinzessin aus
1946 2564 2919 2624 Judäa. Man würde gern ihre Tadellosiakeit
1931 2614 2015 2695 6
1918 2669 2896 2749 gegen Leidenschaft eintauschen, wünschte statt
1923 2714 2890 2778 einer informierten Erklärerin der Tiefen und
1932 2758 2892 2816 Höhen der Menschenseele die in Qualen und
1931 2804 2901 2855 Sehnsucht zerstörte Frau zu sehen... Der „Grünk
2238 2846 2898 2905 in dem der sompathische Herr
1933 2852 2127 2910 Kakadu“
1938 2886 2899 2944 Klitsch als junger Herzog mehr jung als
2233 2929 2894 2983 wirkt noch immer so angenehm
1927 2935 2160 3007 Herzog ist
1933 2984 2890 3051 aufwühlend so lebhaft und bunt wie nur je. Und
2043 3002 2906 3077 - von ein paar Unzulänglichkeiten und Ueber¬
1923 3061 2906 3128 treibungen abgesehen — eine ganz vortreffliche
1937 3108 2904 3182 Aufführung, die beste, die man im Volkstheater
1937 3134 2909 3228 sehen kann. Vielleicht ermuntert diese Erkenntnis
1941 3190 2899 3258 den Direktor, es doch einmal auch mit den Dich¬
1931 3249 2324 3316 tern zu versuchen.
