3484 4224
2149 161 2596 252 box 15/5
374 171 2021 272 9 4. DerBrnene KakaduZ#kius
1472 481 1831 576 Telefon 12801.
2176 563 2399 653 Ausschnitt
1170 578 2125 654 Unternehmen für Zeitungs-Ausschnitte.
1049 613 1166 704 10
2094 630 2404 758 Nr. 52
1347 646 2019 760 „OBSERVER“
920 753 2404 843 I. österr. behördl. concess. Bureau für Zeitungsberichte und Personalnachrichten
1225 825 2094 921 Wien, IX/1 Türkenstrasse 17.
1172 905 2183 987 Filiale in Budapest: „Figyelö“, VIII. Josefsring 31a. —
923 1033 2118 1136 Ausschnitt aus: Prsth wune 2u.
920 1131 1512 1273 #
1414 1266 2045 1407 Theater und Musik.
1195 1374 1296 1441 100
1290 1384 2326 1470 Wien, 2. März. Arthur Schnitzleis brei neue
1066 1417 2332 1518 (Einakter fanden bei der gestrigen erstmaligen Aufführung im
1103 1478 2339 1561 Burgtheater eine sehr heitallice Aufnahme. Die Reihen¬
1121 1523 2320 1601 folge war chronologisch — das Schauspiel Paracelsus“
1124 1564 2336 1654 spielt Anfang des 19 Jahrhunder's, „Die Gefährtin“ in
1106 1617 2334 1693 der Gegenwart, Der grüne stakadu“ 1780 — nicht gut
1110 1652 1877 1724 gewählt aber um 1. besser angiltarin
1926 1674 2322 1735 Bezug auf Werth
1114 1683 2328 1778 und Wirkung; dei Beifall sege#te sich von Stück zu Stück
1113 1739 2326 1817 und wurde nach dem ersten vam Regillen; im Namen des
1120 1790 2337 1871 Dichters, nach den beiden folgenden vom Dichter selbst in
1113 1829 1527 1898 Empfang genommen.
1189 1868 2318 1945 Paracelius (Herr Robert) setzt durch Hypnotisirung und
1100 1921 2326 2002 Suggestion die gute Stabi Basei in Erstannen, wo er vor
1111 1966 2321 2051 Jahren unberühmt als Theoshrastus Bombastus Hohenheim
1113 2012 2311 2088 seine ersten Studien gemacht und das Wohlgefallen der
1104 2058 2322 2122 schönen Justina, nunmehr verebelichten Frau Cyprian (Frou
1106 2093 2320 2193 Schratt) erregt hatte. Der Waffenichmied Cooriau (Herr
1102 2142 2317 2232 Krastel) ist stolz auf den sicheren Besitz seiner schönen Frau,
1105 2192 2316 2272 um deren Liebe der Junter Anseim Here Frank) wirbt,
1102 2229 2300 2301 während Cyptians Schwester Läcitia (Frl. H####e=le) den
1103 2279 2309 2343 Junker liebt. Der Stadtarzt Dokior Copus repräsentirt den
1096 2332 2307 2392 Brotneid und die zunftige Wissenschaft, Her¬ Thimig that
1107 2363 2310 2441 nicht gut daran, aus der Tharaktertiger eine Possenfigur
1105 2410 2297 2491 machen zu wollen, untsomeniger als #####n chlecht gelang.
1100 2451 2307 2532 Paraceisus ist Gast im Hause Ahprians, hupnott#rt Justiun
1100 2498 2318 2582 und 1###. #e ihre Gedanken fegge, ## hetee deg Junkers heißes
1103 2542 2304 2613 Liebeswerben zwur abgelehnt, hargt ihm aber in Gedanken
1102 2590 2384 2660 nach und spricht von einer Liebesszene, die sie sich ausgebacht ssive
976 2603 1083 2681 Für
1099 2626 1771 2698 hatte, als etwus Wirflichem,
2003 2647 2360 2719 für schuldig, vo.
1085 2668 1340 2726 ohne es
2272 2688 2378 2737 Jbar
1377 2673 1567 2736 sein.
1562 2692 2401 2761 Vergeblich betheuert der Junfel graus
1088 2710 1864 2793 ihre Unschuld. Der Gatte gleube
1866 2730 2239 2796 sich betrogen.
1251 2756 1756 2825 Jammer, der seirst
1821 2774 2026 2825 n etwas
2039 2775 2360 2851 Siabolischen 8t
1095 2795 2463 2871 Parocelsus rührt, so daß ei Justina aufs Neue einschläfert es den
1099 2844 1720 2914 und sie nur Wahres sagen löß:
1802 2860 2327 2929 ##fahrch wir, sie habe 1.
974 2903 1040 2969 A
1095 2893 2288 2968 Habenheim so sehr geliebt, daß sie ihm nichts verweigert hätte,
1088 2947 2300 3023 wenn er zu ihr gekommen wäre, und sie berge ein ungesüillies
1087 2978 2241 3057 Liebessel##, vor dossen Befriedigung ihr Gatte, dem sie
1084 3026 2285 3102 die ### wahren wolle, sie schützen mäge Und das will er
1221 3076 2305 3144 der nun einsieht, wie wenig er seine Frau gekanni hal.
1080 3116 2287 3201 enher erfahren wir auch, daß Gärilig den Junker liebt,
1163 3154 2299 3243 #wir längst gemerkt haben. Ein Verschwimmen von Schein
1072 3196 2292 3282 #nd Wirklichkeit, von Spiel und Wahrheit zieht sich durch das
1077 3246 2301 3324 Ganze, ohne einen bestimmien Eindruck zu hinterlassen. Gespielt
1070 3292 2298 3381 wurde sehr gut, besondere von dem Träger der Titelrolle und
1080 3333 1359 3406 Fr. Schran.
1277 3362 2296 3455 Schauspiel „Die Geföhrtir“ spielt in einer
1074 3409 2305 3525 Sommerfrische unwert von Wien. Professon Pilgram (Herr
1079 3459 1205 3512 Sonf
1483 3467 1587 3526 keine
1066 3509 2308 3584 Doktor Hausmann Hen Zeska), ist Abends, von Scheve=&
1079 3551 2004 3621 ningen kommend, erwartel. Die Frrundin d#s
2007 3567 2286 3629 Hauses (Frl
1072 3597 2291 3684 Bleibtren) kommt, um sich einige ihrer Briese an die Ver¬
1066 3631 2285 3702 storbene auszabitten, die den Galten über das Liebesverhält¬
1067 3680 2283 3758 niß mit Hausmann aufklären konnien, hört aber zu ihrem Er¬
1066 3725 2286 3803 staunen, daß der Professer das Verhältniß kannte er hätte
1067 3768 2289 3841 nur gewünicht, sie hätie sich ihm anvertromt. nndr#
1057 3801 1425 3865 ihrer Verbindung
1420 3816 2267 3883 nicht hinderlich gewesen, er wur viel älter,
1059 3850 2278 3940 als die Frau. sein eheliches Gluck nährt uns zwei Jahre, sie
1065 3895 2278 3976 taugte nur zur Geliebten, nicht zur Gefährtin der Liebhzaber
1062 3952 2279 4003 möge sie beweinen, nicht er Hausmann erzähl:, er sei schon
1059 3984 2271 4067 lange mit einem geliebten Mädchen verloht. Und was war sie
1055 4022 2271 4106 denn, die Ve#stordene: Richt einmal leine Gelichte also nicht
1062 4066 1551 4126 einmal die Leidenschaft
1777 4078 1849 4137 n
1868 4084 2290 4159 enung für seinen
1063 4103 1627 4168 Verrath Der emporte Gai
1851 4126 2035 4172 enhen
