3436 4256
933 215 1044 284 AI17
1096 218 1351 284 Kakat
2065 215 2510 316 box 15/6
271 230 1922 334 9.4. Der pruaU ZUKInS
644 1106 773 1177 alc.
608 1116 3314 1209 wenig Rechnen und sehr viel Religion hinausreicht. Es bleibt königlicen Akademie der Künste statt. Bei demselben hielt Lord eem Minde
3061 1184 3304 1228 Spaten und
1846 1193 3082 1247 Salisbury eine Rede, in welcher er u. a. sagte: „Wir sind zu einem
622 1197 1851 1261 eben immer wahr: je ungebildeter die Leute sind, um so leichter
3066 1210 3307 1269 Bird Maure
1839 1243 3078 1308 befriedigenden Abkommen mit der russischen Regierung
609 1247 1845 1301 wählen sie konservativ. Die geben am sichersten einen konser¬
3066 1247 3318 1328 Her anwesen
3144 1296 3314 1346 Brünn
606 1280 3077 1346 vativen Stimmzettel ab, die den Namen darauf nicht lesen gelangt, und ich hoffe, daß dieses Abkommen von gutem Einfluß
1838 1328 3308 1389 sein wird. Ich will mich hier nicht darüber verbreiten, wie weit= stellt die Fo
601 1335 812 1401 können.
1814 1369 3304 1422 gehende Folgen dieses Abkommen haben mag. Aber mit Rücksicht auf lihnung der
3066 1472 3312 1538 Dort die r
1930 1481 3069 1548 Bei weitem die stärkste dramatische Kraft weist das zweite
3065 1516 3316 1580 in ihren W#
896 1486 1604 1586 Theater und Musik.
1843 1535 3079 1592 Stück auf, die Groteske „Der grüne Kakadu“. Es spielt in
3070 1560 3308 1621 Teil wird
1849 1562 3079 1629 Paris am Tage des Bastillesturms. Im Keller des ehemaligen
699 1573 1859 1633 Deutsches Theater. „Die Gefährtin“, Schauspiel in
3060 1603 3305 1668 lind das
1849 1623 3072 1683 Theaterdirektors, jetzigen Gastwirts Prospère, findet sich eine
621 1614 1843 1687 1 Akt, „Der grüne Kakadu“, Groteske in 1 Akt, „Para¬
3064 1653 3311 1708 wieder einn
1846 1660 3072 1731 sonderbar gemischte Gesellschaft zusammen. Da verkehren zu¬
616 1678 1852 1752 celsus“, Versspiel in 1 Akt, sämtlich von Arthur Schnitzler,
3068 1702 3303 1756 meinen, auch
1845 1704 3078 1765 nächst allerlei Schauspieler, die mit denkbar größtem Realismus
615 1725 1467 1795 zum ersten Mal aufgeführt am 29. April.
3061 1739 3313 1815 einem solch
1856 1752 3076 1812 Improvisationen zum Besten geben. Sie fingiren Verbrechen,
719 1743 1855 1816 Schnitzler ist der bedeutendste unter den lebenden öster¬
3152 1770 3293 1844 Das
1851 1789 3081 1856 die sie selbst begangen haben sollen, und schildern sie so natur¬
629 1809 1855 1874 reichischen Dramatikern. Den Beweis dürfte er am Sonnabend
3068 1813 3317 1891 seiner Sprch
1857 1844 3073 1908 getreu, daß die Zuhörer, fost im Zweifel, wo die Dichtung auf¬
626 1859 1855 1913 den Berlinern erbracht haben. Die drei Einakter sind nicht ganz
3073 1868 3315 1939 alte Thema
1854 1888 3077 1945 hört und die Wahrheit anfängt, in ein angenehmes Gruseln
620 1899 1853 1975 gleichwertig, jedes hat seine Schwächen, jedes aber auch seinen
3068 1917 3305 1981 beste Frau
1858 1926 3070 1983 hineinkommen. Hie und da verirrt sich auch einmal ein wirk¬
628 1944 1000 2017 eigenartigen Reiz.
3078 1955 3309 2030 ist es nicht
1855 1976 3070 2034 licher Mörder unter diese Scheinverbrecherbande. Der Wirt
716 1968 1851 2037 Die Gefährtin“ ist das intimste von den drei Stücken,
3066 2002 3311 2061 bleibt. De
1857 2020 3077 2073 selbst behandelt seine Gäste im Stil des allen Berlinern wohl¬
623 2043 1862 2104 ein Kapitel Seelenanalyse. Professor Pilgram hat seine
3066 2047 3296 2112 auftritt, en
1863 2056 3082 2123 bekannten „Groben Gottliebs“ nur daß die Drohungen, die er
622 2071 1855 2140 20 Jahre jüngere Frau begraben. Es ist der Abend des Be¬
3072 2092 3303 2157 er sie im k
1849 2108 3091 2168 den feinen Leuten an den Kopf wirft, seiner Jakobinergesinnung
628 2137 1850 2183 gräbnisses. Man kondolirt ihm. Er geht kaum darauf ein,
3165 2132 3312 2195 die W
3066 2135 3164 2191 nur
1858 2140 3071 2216 entsprechen, und unter dem Eindruck, daß man am Vorabend
630 2166 1852 2226 spricht nur von seiner Arbeit, an die er nun mit doppeltem Eifer
3068 2181 3282 2248 bringt, da
1849 2186 3078 2261 einer Revolution steht, gerade keine behagliche Stimmung er¬
633 2207 1853 2278 gehen will. Meint er doch, daß ein Anderer viel mehr Grund
1850 2235 3296 2293 wecken. Aber gerade dies Milieu zieht die überfeinerten bald heiß
620 2254 1852 2314 zur Trauer hat, als er selbst, sein Assistent Dr. Hausmann. Ein
3069 2272 3255 2327 ist, als
1854 2288 3087 2346 Aristokraten an. Für ihre überreizten Sinne ist es ein
620 2294 1857 2358 Jahr hat er, der alternde Mann, mit seiner jungen Frau Liebes¬
1849 2320 3305 2385 neuer Kitzel. Sie lachen, wenn sie Prospere an die ihm treu g
616 2340 1849 2413 glück genossen. Dann sah er, wie die beiden Jungen sich fanden.
3140 2360 3308 2420 Die D
1846 2379 3049 2433 nächste Laterne wünscht. Aber dies Lachen klingt für
632 2376 1855 2441 Er schwieg, sah alles mit an. Als Mann des „tout comprendre,
1849 2406 3309 2483 den Zuhörer recht fatal. Hört man doch draußen die Massen daß man A
624 2424 1857 2506 c’est tout pardonner“, halb unter dem Banne der Schwäche,
3068 2450 3262 2507 Kainz
1860 2465 3083 2522 zur Bastille ziehen. Der größte unter den Schauspielern
629 2455 1855 2544 die jeden Skandal scheut, halb unter dem Einfluß der
3071 2490 3309 2545 Er braucht
1859 2513 3075 2564 Prosvères, Henri, giebt seine Abschiedsvorstellung. Am nächsten
623 2505 1852 2585 philosophischen Ueberzeugung, daß das, was geschah, mit natur¬
3068 2537 3309 2598 selbstverstän
1861 2536 3081 2611 Tage will er mit seiner Frau, den dirnenhaften Schauspielerin
629 2562 1852 2622 gesetzlicher Notwendigkeit geschehen mußte, ließ er die Frau, die
1850 2584 3296 2652 Léocadie, aufs Land, um dort in Rousseaustimmung für die Paracelsus
644 2602 1860 2677 nicht zur Gefährtin, nur zur Geliebten“ geschaffen war ihren
1858 2633 3288 2701 Natur zu schwärmen. Seine letzte Leistung soll die erschütterndste die ganze
632 2634 1862 2712 Liebesberuf erfüllen. Zehn Jahre ist es so gegangen. Nun ist
3068 2665 3306 2730 habe ich Ka
1863 2685 3085 2742 sein. Mit hinreißender Leidenschaft schildert er, wie er seine
636 2694 1855 2752 sie tot. Er grollt weder ihr noch seinem Assistenten, da er über
3071 2702 3324 2766 so voll inte
1858 2711 3084 2783 Frau im Ehebruch mit dem Herzog von Cadignan ertappt und
643 2736 1866 2798 den Dingen, jenseits von Haß und Liebe, steht. Da erfährt er
3074 2755 3317 2816 Rittner
1856 2765 3082 2836 getötet habe. Die Zuhörer, die wissen, daß Léocadie in der
641 2782 1867 2835 von Hausmann, daß er sich mit einer reichen Erbin verlobt hat,
3075 2800 3317 2860 Grain, der
1859 2807 3078 2884 That ihren Mann mit dem Herzog hintergeht, glauben, Henri
626 2823 1853 2884 die er seit Jahren liebt. Nun verachtet er ihn und verweist ihm
3071 2838 3315 2907 schauer, die
1857 2866 3082 2933 erzähle die Wahrheit. Sie verraten sich. Henri öffnen sich
635 2881 1871 2944 das Haus. Aber da muß er hören, daß seine Frau das alles
3062 2890 3277 2947 aher gar
2721 2902 3076 2963 der eben den
2142 2902 2419 2973 Er ersticht
2404 2896 2718 2967 den Herzog,
1853 2906 2121 2971 die Augen.
2102 2907 2160 2952 8
895 2905 1861 2976 Sie war nicht die Geliebte des Anderen. Sie
634 2919 913 2987 gewußt hat.
3074 2926 3309 2987 Natürlichkei
638 2961 3077 3017 war nur eine Dirne. Mit einem resignirten Seufzer begiebt Keller betritt. Draußen jubelt das Volk, daß die
3068 2971 3308 3036 Kriminalist
1850 2993 3069 3043 Bastille genommen ist. Es steckt eine Verve in dem Stück, wie
642 3004 1865 3058 er sich zur Ruhe. Er ist einfach um eine Erfahrung reicher.
3067 3022 3318 3086 Von köstlig
1855 3038 3078 3094 man sie nur hie und da noch in der dramatischen Litteratur
631 3048 1857 3112 Mit philosophischer Gelassenheit trägt ers. Der Wert des
3071 3064 3292 3133 Prospére.
1858 3082 3074 3149 findet. Würden einige Längen beseitigt, so könnte man von
648 3084 1855 3143 Stückes beruht in der wunderbaren Stimmung, die über diesem
3067 3093 3308 3170 hervor. E
1862 3115 3081 3184 einem Kabinetsstück sprechen. Das beständige Intinandergreifen
631 3130 1864 3204 Begräbnisabend liegt, und in der feinen Schilderung der Stufen¬
3068 3154 3313 3218 vornehmen
1854 3170 3070 3223 von Schauspielerei und Wirklichkeit ist so geschickt gemacht, daß
630 3174 1859 3241 leiter der Empfindungen, die der Professor durchlebt. Die
3147 3202 3311 3267 Lessin
1855 3213 3074 3273 man manchmal wirklich zweifelhaft wird, wo das Eine aufhört
631 3223 1863 3276 Schwäche des Stückes ist die Voraussetzung, daß dieser kluge
3062 3237 3323 3321 Anzengru
633 3263 3078 3321 Mann all die Jahre hindurch nicht hinter die Dirnennatur seiner und das Andere anfängt. Glänzend ist auch die Gegenüber¬
1822 3309 3285 3380 stellung der beiden Welten, der aristokratischen und der anderen. Verdienst.
635 3320 1197 3404 Frau gekommen sein sollte.
