3484 4224
106 2122 154 2175 00
159 2152 210 2195 7
834 162 1294 234 eneKakadu
483 172 546 236 D
237 173 1269 272 9. 3 LS
397 759 1435 827 tott lehelletét. Tägra nyilt szemekkel nézi a vért
391 819 1426 877 6s Szomjasan iszsza magäba a borzalmas lätvány
389 868 1420 924 perverz örömét. Es kaczéran int a troubadourjának:
510 918 1381 990 Jöijön, lovagom, jöjjön, az öné vagyok!
439 971 1415 1040 Kegyetlen szatira ez. Kegyetlen, keserü és vé¬
388 1031 1416 1090 res. De nagy raffinement-nal van megirva. Meg¬
397 1080 1423 1131 ismerni mégis érdemes ezt a darabot, de bemu¬
392 1125 1415 1194 tatni csak ugy szabad, ha a bravur-darabot meg¬
389 1193 1423 1247 felelö bravuros elöadäsban tudják bemutatni. Itt
392 1237 1434 1295 minden szerepnek sulya van és a legkisebb szerepet
399 1294 1430 1336 is kész szinésznek kell jätszania. A Magyar
397 1342 1425 1407 Szinhäz elöadäsa bizony sok kivänni valôt hagy
398 1395 1423 1458 fenn, Fontos szerepek is kezdö szinészek kezében
403 1461 1435 1503 vannak, nem csoda, ha a darab finomsägaiból igen
402 1492 1424 1563 sok elkallödik. Az ilyen, tömegeket is mozgató
395 1544 1426 1619 daraboknak nagyon sok pröba kell. A legtöbb szi¬
402 1603 1420 1651 nész bizony nem tudja éreztetni itt azt, ami a
393 1659 1425 1714 tlarabban hangulat és tendenczia. Mészäros
413 1700 1431 1776 Giza, Rätkai, Vägó, Papp Mihily Vrnai
404 1759 807 1838 kellemes kivételek.
449 1814 559 1890 123
392 1881 1434 1963 A Schnitzler-darab izgalmait mulatsägosan eny¬
402 1939 1439 2001 hitt egy angol burleszk bohösäg, Marlowe cRégi
410 1990 1431 2070 jó idök, czimü darabja. Szatira ez is, de a köny¬
404 2039 1440 2115 #nyebb fajtäböl. Nem nagyon uj a tärgya. Arröl
411 2092 1429 2165 van benne 8z6, hogy a régi jó idök sem voltak
406 2139 1442 2219 éppen olyan nagyon jó idök. A soväny kis mese
416 2197 1442 2271 gedig akörül forog, hogy egy modern fiatal föur
409 2245 1434 2317 hogFan gyógvitia ki jegyesét a romantikus lovag¬
404 2306 1421 2368 kor iränt vald beteges rajongäsäböl. Nagyon mu¬
402 2357 1427 2440 latsägos ostobasäg az egész. Igazi tipusa a kissé
402 2407 1435 2492 drasztikus, de ártatlan angol humornak. A fösze¬
405 2461 1433 2546 repet, amelynek személyesitöje ugyszölván
852 2512 1435 2586 Szinpadon van, Z.
402 2525 799 2600 elejétöl végig
410 2559 1431 2633 Molnár László játszsza s a sikert illetö¬
404 2618 1439 2685 leg minden azon fordul meg, mennyire tudja ez
416 2677 1435 2741 a kedves, fiatal szinész mulattatni a közönséget.
418 2723 1434 2783 Vele äll, vagy bukik a darab. No de ebben a
407 2774 1444 2852 részben — azt hisszük — nincs ok a félelemre. A
420 2824 1436 2886 fiatal Molnár olyan jékedvüen mökäzik, im¬
426 2872 1439 2951 provizäl, notabénézik (ami itt megengedett „do¬
422 2935 1447 3003 log), söt több izben bukfenczezik is, hogy assiker
421 2984 1435 3045 mär elöre is biztositottnak lätszik. Nem valami je¬
418 3040 1436 3100 Tentös szinészi munka, amit produkál, de hälás.
416 3088 1431 3159 A közönség jöl fog mulatni. Bäthöry
1225 3140 1439 3208 darabban,
420 3161 1213 3215 Gizella nagyon szép ebben a
413 3193 1448 3262 Mészáros Giza, Töth Irma, Forrai Rôza,
421 3261 1442 3327 Vägó, Dobi, Rätkai, Papp, Körmendi,
1254 3296 1413 3372 (h. f.)
427 3297 910 3376 Särossy nagyon jök.
443 3409 1437 3481 — (Hirek az Operábél.) Az Opera igazgató¬
422 3473 1436 3541 säga e hö közepére tervezi Auber vig operájá¬
424 3526 1448 3604 nak a Fra Diavolo-nak elöadäsät uj betanuläs¬
414 3577 1449 3662 sal és teljesen ui kiällitással. A bájos zenéjü dalmü
422 3646 1444 3701 régebben kedvelt repertoárdarabja volt a Nem¬
419 3685 1449 3767 zeti Szinhäznak, ahol a Zerlina szerepének
414 3738 1444 3817 kitünd alakitója, Nädayné Vidmär Katalin so¬
426 3792 1444 3859 käig müsoron tartotta Auber derüs alkotäsät. Az
422 3858 1454 3915 Operában megtartandé repriz alkalmával Szoyer
425 3899 1451 3971 Ilonka énekli a Zerlinä-t, Környey pedig a
423 3949 1450 4006 Fra Diavolo-t. Ez lesz a negyedik szerepe a
426 4000 1460 4058 ieles tenoristänak, amiôta dalszinházunknál mükö¬
425 4070 1456 4131 dését megkezdette. Környey ebben az évadban még
1328 4115 1379 4156 D
433 4105 1302 4175 eA
1452 138 1871 237 box 15/2
2432 405 3095 485 PESTER LLOYD
2225 507 2767 571 Ungarisches Theater.
2310 559 2676 622 Von Ernst Goth.
1900 592 3102 665 I. „Der grüne Kakadu“ („A zöld kakadu“). Groteske in
2137 657 2853 731 einem Akt von Arthur Schnitzler.
2609 686 3066 756 Budapest, 2. April.
1983 733 3097 799 Sehr spät gelangt das dramatische Schaffen Arthür
1908 784 3101 861 Schnitzlers auf unsere Bühnen. So spät, daß dem breiteren
1916 825 3103 909 Theaterpublikum eigentlich ein Dichter vorgeführt wird, den
1905 883 3086 928 es nicht mehr gibt. Oder ist der ironische Melancholiker, der
1920 921 3094 982 die Anatol=Szenen schrieb und die innig schlichte Tragik der
1911 971 3105 1024 „Liebelei“ erstehen ließ, wirklich der Schöpfer des „Einsamen
1908 1022 3107 1070 Wieges“? Er ist es; doch nur in dem Sinne, als auch der
1901 1068 3106 1129 „Mann derselbe ist, der er als Kind, als Jüngling war. Und
1924 1112 3100 1164 wenn man nun jenen Werken wiederbegegnet, die wie Jugend¬
1926 1142 3107 1214 bildnisse seiner dichterischen Persönlichkeit anmuten, so ist es
1921 1191 3109 1255 reizvoll und aufschlußreich, dort die ersten Spuren seiner
1926 1237 3108 1290 heutigen Physiognomie zu entdecken. Vieles, was nach mancher
1928 1270 3107 1336 Wandlung neu und überraschend dünkte, ist hier zart und
1977 1320 3114 1373 ausgereift schon erkennbar. Schrittweise ist der weite und
1991 1363 3106 1425 2 aufwärtsführende Weg dieses Dichters zu verfolgen. Und
1969 1402 3115 1471 ittweise erstarkt auf diesem Wege der Hang zu skeptisch
1935 1449 3111 1507 nüder Weltbetrachtung. Fast scheint es, als sei aus diesem
1928 1497 3105 1557 Punkte das Organische, Notwendige seines Werdeganges zu
1932 1535 3125 1592 erfassen. Im Mittelpunkte seines Denkens steht immer das
1934 1590 3118 1640 tausendfach wandelbare Spiel der Geschlechter. Im Mittel¬
1928 1625 3120 1696 punkte seines Fühlens aber steht immerdar die Skepsis. Sie
1935 1668 3122 1739 blickt ihm gleich anfangs über die Schulter. Schon im „Anatol“
1942 1712 3119 1774 ist sie vernehmbar. Nur achtete man ihrer damals noch nicht.
1927 1766 3114 1829 Uebersah die schmerzlichen Zweifel, die im Hintergrunde dieser
1933 1811 3117 1865 witzigen und gallisch leichtsinnigen Lebenssegmente lauerten.
1937 1859 3123 1909 Hinter der Maske des bewußten Genießers blieb der schwer¬
1937 1901 3127 1963 mütige Liebesphilosoph noch unerkannt. So unerkannt, wie
1942 1927 3123 2001 die nachdenkliche Traurigkeit der „Liebelei“. Dann kam eine
1942 1978 3125 2046 Zeit, in der es chien, als wehre er sich gegen alle grübelnde
2227 2025 3123 2092 ren Gefahren kraftloser Verweichlichung. Als
1932 2039 2220 2104 Reflexion mit
2227 2070 3122 2131 en und seine realen Probleme nüchtern und
1933 2085 2224 2143 wolle er das
2227 2123 3122 2172 zu seinen Fragen Stellung nehmen. Damals
1943 2130 2221 2191 ernst betrachte
2228 2171 3113 2217 kampf= und Mahnstücke „Freiwild“ und das
1940 2175 2207 2245 entstanden
2237 2210 3117 2269 Aber die künstlich zurückgedrängte Skepfis
1946 2219 2193 2286 „Vermächtn
2253 2243 3121 2304 ihn bald aus der sozialen Arena hinweg in
1941 2262 2172 2325 wuchs und
2235 2286 3122 2355 samung. Langsam wird ihm alles menschliche
1944 2307 2124 2362 die alte
2226 2349 3129 2395 n zu schattenhaft vorübergleitendem Spiel von
1944 2351 2147 2409 Wollen
2224 2379 3119 2442 Jert. Die Lächerlichkeit, die Unvollkommenheit,
1940 2395 2140 2456 fragwürd
2221 2428 3127 2493 igkeit dieses wirrsäligen Lebens macht es immer
1938 2443 2124 2495 die vage
2179 2484 3118 2532 umer phantastischer und märchenhafter. Die
1942 2487 2146 2548 trügerisch
2167 2511 3121 2592 Birklichkeit wird zum bunten Traum, der haltlos,
1946 2530 2142 2586 Welt re¬
2152 2559 3129 2635 orbeizieht und zerrinnt und voll ist von
1949 2577 2123 2639 zwecklos
2131 2602 2982 2663 den, ewig ungelösten Räthsel des Daseins.
1941 2621 2130 2692 dem err
2135 2643 3121 2709 olch dämmerhaft somnambulen Stimmungen erwuchs
2035 2663 2123 2721 Au
2118 2691 3129 2758 seltsamer dramatischer Gebilde: anmutig tändelnde
1949 2683 2119 2764 eine R
2098 2733 3135 2800 denen Traum und Wachen, Schein und Sein, Trug
1953 2751 2090 2815 Spiele
1942 2784 3134 2844 und# hrheit mit magischem Reiz und in geistvoller Symbolik
1954 2828 3122 2893 durche anderfluten. Eines von diesen ist „Der grüne Kakadu“.
1952 2873 3118 2945 Ein Wirbelwind grotesker Unglaublichkeiten: Französische Hof¬
2058 2908 3128 2997 sitzen — der steifen Eleganz Versailler Festlichkeiten
2127 2971 3128 3032 allabenblich in einer übelberüchtigten Spelunke. Ein
1993 3002 3136 3071 ölliges Lokal: Der Wirt hat ein paar Schauspieler gedungen,
1985 3048 3132 3120 #e Verbrecher mimen müssen. Unaufhörlich schildern sie die
1960 3089 3131 3170 gruseligsten: Mordtaten. Ein neuer Kitzel für die entnervten
1955 3131 3132 3190 Schranzen, die dabei beschimpft, verhöhnt und bedroht werden.
1954 3181 3133 3249 Natürlich nur im Scherz; allein — draußen zieht der Pöbel
1943 3232 3124 3293 durch die Straßen von Paris, singt Revolutionslieder und
1943 3279 3139 3339 Leht nach aristokratischem Blut. Die Komödie kann morgen
1926 3303 1980 3381 *
1949 3315 3135 3399 r. Wahrheit werden. Dann ist einer unter den Mimen da,
1961 3382 3138 3431 Henri, der begabteste, der eben Léocadie, ein hübsches Aller¬
1958 3405 3135 3472 weltsliebchen geehelicht hat. Am Abend vorher wurde sie noch
1960 3464 3128 3509 mit dem Herzog von Cadignan gesehen. Die Eingeweihten
1961 3507 3135 3562 ahnen eine Katastrophe. Henri tritt auf und improvisiert wie
1958 3542 3133 3597 allabendlich eine Schauertat: Er habe den Herzog eben bei
1959 3585 3131 3643 seiner Frau getroffen und erstochen. Die Mitspieler erschauern
1958 3625 3127 3686 und halten es für Wahrheit. Die Edelleute lachen; sie kennen
1969 3680 3135 3735 den Tric. Der Zuschauer bleibt einen Augenblick lang im
1966 3711 3140 3779 Zweifel. Es könnte wahr sein. Alles ist auf den Kopf gestellt.
1968 3759 3139 3820 Und just da Henri erfährt, daß Léocadie wirklich die Geliebte
1964 3803 3135 3865 des Herzogs ist, wie er aus einer unbewußten Ahnung her¬
1965 3860 3142 3913 aus improvisierte, tritt der Herzog ein: Henri sticht ihn nieder.
1968 3895 3142 3952 Ueber die Leiche hinweg stürmt der Pöbel: Die Bastille ist ge¬
1971 3949 3142 4005 fallen. Morgen ist ganz Frankreich ein Hexenkessel tollster Un¬
1953 3974 3139 4047 glaublichkeiten. Morgen ist das Leben in Wahrheit so grotesk,
2956 4032 3143 4099 S
2433 4038 2526 4084 S
2414 4074 2499 4116 segeuck
