3436 4224
220 160 629 240 9. 3. Der
672 175 1313 248 gruene Kakadu
1446 181 1894 272 box 15/4
479 219 1316 285 ####
1410 376 1844 456 ROMA (120) □
1195 423 1921 506 Plazza Campo Marzlo, 2 - Telef. 65-867
1272 481 1979 599 AURUSTANU- MILIND
1240 709 2625 871 CRONACA TEATRALE
1963 929 2633 985 e specialmente la Cupodaglio, la
1186 944 2628 1014 Una Commedia di 1oistol Fabbri, il Campf, 1o Scept. 11 Sorma¬
1913 991 2637 1055 no, hanno composto, con la regia di
1205 1022 2624 1097 e una di Schnitzler al Manzom Guldo Saivini, un quadro vivacee
1919 1064 2654 1130 colorito. Numerose le chiamate alla
1221 1078 1911 1143 La commedia di Leone Tolstoi, Tut¬
1915 1104 2030 1151 fine.
1203 1121 1910 1174 to it male vien-ditti, & una delle tan¬
1936 1118 2639 1198 L’interessante spettacolo si replica.
1193 1161 1909 1213 #te lance spezzate dalla letteratura
2380 1176 2607 1243 p. d. f.
1203 1191 1918 1250 russa contro le gravi conseguenze
1202 1229 1908 1283 dell’ubbriachezza. Quando la meiite
1199 1270 1914 1317 e ottenebrata dall’alcool l’uomo puo
1193 1312 1916 1349 commettere le azioni piu indegne.
1194 1335 1904 1388 Cosi quel apassanter che ottiene o¬
1198 1369 1922 1420 spitalità nella modesta isba di un
1201 1403 1917 1455 contadino. Reca i segni di una pas¬
1202 1431 1913 1488 sata gentilezza di modi e di abitudi¬
1198 1466 1908 1519 ni, via anche — nel curioso giubhei¬
1200 1500 1908 1553 to scoppiato da tutte le parti e nel¬
1195 1531 1916 1581 l'ampia cravatta che lo fa somigliare
1201 1572 1923 1626 a un cloun di cui sembra, per ren¬
1184 1606 1910 1656 dersi accetto, essersi foggiata anche
1196 1636 1913 1696 l'anima — la prova della sua misera¬
1185 1670 1904 1735 bile caduta. E se la giovane padro¬
1189 1711 1913 1765 na dell’isba impreca contro il marito
1193 1743 1910 1802 che certamente le ternerà übbriacoe
1183 1770 1900 1829 il primo a riconoscere che, nella vi¬
1187 1813 1897 1859 ta, tutto il male vien di li: come 6
1175 1857 1893 1901 stato per lui che s’é ridotto a ruba
1178 1887 1895 1928 re con la pretesa di essere non un
1185 1920 1903 1978 ladro, ma un espropriatore dell'altru
1181 1950 1399 1999 ricchezza.
1206 1977 1886 2035 Se non gli dessero che un pezzo d
1169 2025 1893 2080 pane e un giaciglio. Ma purtroppe
1179 2059 1897 2100 il contadino ritorna con una botti¬
1176 2090 1895 2142 glia di vodkae il epassantes ne tra
1176 2124 1890 2175 canna bicchieri su bicchieri. Debole
1176 2159 1886 2208 ma generoso, difende la moglie dalle
1167 2186 1893 2251 violenze del marito che, ubbriaco
1170 2223 1900 2278 vilol piechiarla. All'alba, dopo che¬
1174 2258 1887 2311 ha bevuto gli avanzi della bottiglia
1173 2286 1890 2354 il apassantes függe aespropriandon
1171 2317 1892 2386 agli ospiti un pacchetto di té#e und
1184 2368 1889 2423 di zuecherc. Scoperto, inseguito, rag¬
1161 2404 1885 2450 giunto la buona moglie lo difende.
1164 2430 1885 2485 Ma non ce n’era bisogno: vuole el¬
1170 2477 1897 2522 la insegnare al marito quel che ha
1161 2508 1896 2551 da fare? Lo sa bene: perdonare, non
1162 2539 1887 2598 solo, ma concedere al miserabile di
1165 2570 1726 2623 portar via i due pacchetti.
1187 2615 1895 2660 Bontà evangelica che nell’arte tol¬
1160 2636 1898 2694 stoiana ha note di profonda umanità
1163 2674 1900 2734 eche — ecco l’esempio di ció che
1154 2708 1887 2761 possa sul cuore di un nomo — colpi¬
1157 2746 1882 2797 re il vagabondo piü di un'atroce sfer¬
1156 2773 1876 2838 zata, fa sgorgare dai suol occhi la¬
1154 2815 1884 2865 grime di vergogna e di pentimento, e
1168 2840 1891 2909 gli fa lasciare i pacchetti sul tavole
1156 2872 1798 2938 come se gli scottassero le mani.
1192 2907 1886 2973 II quadro é realistico, ma il suo
1159 2958 1872 2995 sigrificato é moraleggiante. Conser¬
1151 2995 1868 3037 va il profumo di un'arte che si pro¬
1159 3023 1886 3077 poneva di far nascere il bene dalla
1157 3062 1886 3103 rappresentazione del male. Vi sonc
1167 3094 1878 3140 nella commedia tratti tipici, caratte¬
1159 3115 1874 3169 ristici che gli esecutori hanno resc
1147 3153 1885 3212 con una leggera sfumatura di steatre
1157 3199 1878 3242 russos specialmente in certe vivacis¬
1151 3229 1861 3280 sime controscene. Alessandro Moissi
1153 3258 1864 3315 ha dato una leggera e vivida vacui¬
1155 3296 1875 3342 ta al rpassanter: ora umile, ora
1149 3312 1859 3379 burlesco, ora ardito ma sempre nel¬
1154 3363 1876 3412 le linee di una decadenza morale
1155 3391 1810 3446 che non tenta di nascondersi o
1154 3429 1872 3489 infingersi. La Capodaglio, in una
1163 3460 1871 3515 raccolta flgura di vecchia madre, la
1151 3496 1870 3548 Fabbri nella franca esasperazione
1144 3525 1865 3581 della moglie, il Torrini, il Bertramo
1150 3572 1870 3631 e gli altri furono evocati piu volte al
1143 3603 1573 3651 proscenio col Moissi.
1168 3624 1857 3685 A ben altro genere appartiene II
1135 3678 1863 3726 pappagallo verde di Arturo Schnitzler.
1137 3697 1861 3769 E' una vampata di tragica fronia nel¬
1136 3738 1857 3782 la quale si possono ritrovare non po¬
1135 3773 1853 3831 Ichi motivi delle piü moderne ten¬
1139 3798 1848 3860 denze teatrali. E' uno Schnitzier su¬
1136 3842 1847 3892 peratcre delle sottili analisi psicolo
1144 3876 1848 3935 giche di Anatol che nello studio der
1136 3905 1850 3974 rapporti fra i due sessi non ha atte
1130 3927 1842 3999 so Freud per intuire le cupe ombre
1122 3984 1845 4029 del sub-cosciente e per guardare fine
1124 4007 1852 4063 in fondo, con spietato senso realisti
1123 4044 1845 4096 co, nell'anima del suo protagonista
1133 4067 1860 4139 II quale é poi un attore del 1789 che.
1129 4114 1837 4156 #nel elima ardente della rivoluzione
