3436 4256
1964 136 2396 226 box 16/1
1013 168 1187 237 Kak
188 161 1819 286 9. 4. Der gruche adu zuklus
368 456 1559 538 Ausschnitt ausfünchener Neueste Nachrichten
648 512 932 593 27 APR. 1973
981 521 1270 612 München
368 538 537 599 vom:
482 618 1371 715 * Residenztheater. Der unlängst erfolgten Neu¬
427 666 1366 742 einstudierung von Schnitzlers Gefährtin“ schlos¬
427 708 1346 779 fen sich nun die beideft Einakter „Paracelsus“
423 751 1361 817 und „Der grüne Kakadu“ an und bilden nun
425 782 1357 858 wieder das Ensemble, in dem sie früher wirksam
420 822 1365 901 waren. Die nachdenklichen Paracelsusszenen bil¬
418 849 1366 946 deten den Auftakt des Abends, und man hat im¬
416 900 1356 976 merhin eine kleine historische Freude, in alte Zer¬
408 923 1364 1023 ten zurückzublicken. Der Figur des Theophrastus
419 986 1372 1065 Bombastus gibt Herr Basil eiwas gaullerhast.
362 1012 1148 1106 S
419 1075 1358 1152 Großsprecherisches. In das Quintett um Cyppian,
426 1124 1368 1185 den Waffenschmied (Herr Höfer), teilten sich mit
433 1161 1368 1229 hübscher Pointierung Frau v. Hagen, (Justina)
1694 1196 2917 1256 der „Gefährtin“ an dieser Stelle (in der Nummer vom 17. März)
427 1202 1380 1280 Fräulein Wimplinger, [Cäcilia) Herr Teschendorf,
429 1240 1225 1301 (Anselm) und Herr Wohlmuth (Stadfangt)
1695 1241 2913 1288 feststellte, hat die „Gefährtin“ in München den geringsten, der
459 1273 1369 1340 Nach dem #matter Die Geführrin“ spielte man
1699 1286 2915 1333 „grüne Kakadu“ damals den größten Eindruck gemacht. In der
413 1304 1363 1370 die Groteske „Der grüne Käkadu“. Es ist die
1696 1314 2922 1358 Aufnahme, welche die drei Stücke in ihrer diesmaligen Neueinstu¬
418 1335 1365 1401 bunte und zuletzt etwas stürmische Szene, die sich
1695 1356 2911 1412 dierung hier fanden, schien man sich aber wieder jenem Wiener
423 1384 1363 1450 zu Paris in Prospéres Wirtschaft am Tag der
1697 1394 2917 1435 Urteil annähern zu wollen: „die Gefährtin“ ohne Zweifel die feinste
1702 1420 2908 1477 Arbeit von den dreien, machte den besten Eindruck, für den „grünen
424 1424 1358 1493 Bastille=Erstürmung zuträgt. Eine gemischte und
1692 1473 2907 1520 Kakadu“ schien man nicht mehr so viel übrig zu haben wie vor
427 1460 1377 1543 für die Revolutionszet charakteristische Gesellschaft
1702 1511 2918 1551 14 Jahren. „Die Gefährtin“ wurde in der Inszenierung des
408 1509 1348 1567 von Edelleuten und Straßentyven findet sich zu¬
1702 1547 2908 1607 Herrn Dr. Wollf in derselben Besetzung, mit Herrn Lützenkirchen,
420 1534 1358 1612 sammen. Prospéres, des ehemaligen Direktors,
1697 1586 2919 1629 Herrn v. Jacobi und Frau Swoboda gegeben wie neulich. Der
410 1569 1356 1670 frühere Mitglieder, unterhalten die Gäste durch
1693 1617 2917 1675 Stoff des „Paracelsus“ hat offenbar den Arzt Arthur Schnitz¬
416 1618 1350 1696 Darstellung von Verbrechertypen, bis zuletzt aus
1696 1664 2918 1717 ler zur Darstellung gereizt. Dieser große Arzt, dessen Hauptwerke der
408 1660 1353 1740 dem Spiel Ernit wird, und der eifersüchtige Ko¬
1702 1699 2917 1756 Jenaer Verlag Eugen Diederichs vor ein paar Jahren neu auf¬
415 1695 1346 1791 mödiant Henri den Herzog von Candignau nieder¬
407 1736 555 1785 sticht.
1698 1756 2904 1790 gelegt hat, ist zwar von Schnitzler nicht besonders tief erfaßt, aber
1702 1786 2906 1837 sein in der Geschichte der Medizin schwankendes Charakterbild gab
436 1780 1362 1857 Die Schwierigkeit der Darstellung liegt nicht so
1696 1821 2904 1871 dem modernen Arzt und Dichter immerhin Anhaltspunkte genug
391 1805 1361 1901 sehr in den zahkreichen einzelnen „iauren, die alle
1695 1860 2919 1910 für eine artige dramatische Plauderei. Als das Stück zum erstenmal
407 1858 1356 1930 genügend charakterisiert find, als im stürmischen
1689 1893 2917 1950 dem Publikum des Residenztheaters vorgeführt wurde, wußte es
403 1905 1341 1955 Zusammenspiel. Dafür hatte Herr Steinrück ge¬
1705 1935 2918 1986 mit diesem Wunderboktor, der auf der Szene die Gattin eines
410 1940 1357 2011 sorgt und den Szenen en frisches Crescendo ge¬
1700 1974 2917 2025 Baseler Waffenschmieds regelrecht hypnotisiert, nichts Rechtes an¬
398 1979 1351 2066 geben. Die Adelszynen waren bei den Herren
1703 2007 2919 2068 zufangen, und Herr Basil, der schon damals den Paracelsus gab,
405 2015 744 2075 Geaumann, Tesche
935 2029 1363 2105 mer und Schröder in
1691 2052 2919 2107 erntete nur eine Art Heiterkeitserfolg. Damals waren die Begriffe
400 2056 738 2112 guten Händen; di
958 2065 1357 2124 galante Weiblichkeit
1691 2077 2965 2136 von Hypnose und Telepathie, mit denen die Aerzte in Paris und ##
397 2093 749 2150 fand in Frau p. H
961 2111 1352 2178 die), Frau Swoboda
1690 2131 2909 2182 Nancy längst operierten, noch nicht so ins deutsche Publikum ein¬
409 2132 761 2195 (Severine) und den
973 2150 1339 2213 d, Hohorst, Wimp¬
1698 2176 2918 2217 gedrungen. Heute weiß man aber, daß diese geheimnisvolle Wissen¬
399 2171 794 2236 linger treffende Cha¬
960 2188 1340 2247 ung. Bleibt noch
1703 2209 2770 2258 schaft auch für deutsche Kliniken längst ihres Zaubers entkle
388 2210 815 2269 der grobe Wirt des
943 2225 1334 2287 Basil, der lustig¬
1703 2247 2822 2300 und nahm vielleicht auch deshalb die Sache etwas ernster und al
393 2256 1337 2310 Strosch Grein des Herrn Schwanneke, und die aus¬
1694 2283 2852 2333 hafter auf. Wenn Schnitzler seinen Paracelsus übrigens die #
394 2297 1341 2364 gelassenen Komödiantenspäße der derren Ulmer
1701 2324 2917 2380 angebotene Stelle als Stadtarzt nicht annehmen und Basel verlassen
387 2325 1345 2418 und Nadler. Für den Schmerz des##fersüchtigen
1691 2367 2910 2415 läßt, so darf vielleicht angemerkt werden, daß er sich eine poe¬
392 2377 1335 2448 Heuri fand Herr v. Jacobi einen Wixiamen Ton,
1701 2406 2916 2451 tische Lizenz erlaubt hat. Paracelsus ließ sich nämlich wirklich 1525
387 2416 1294 2501 der dem Finale zur Steigerung gerrichie. E.
1708 2446 2921 2491 in Basel nieder und wurde ein Jahr später dort als Professor der
1699 2467 2910 2525 Physik, Medizin und Chirurgie mit ganz bedeutendem Gehalt an¬
1694 2521 2917 2570 gestellt. Er verließ erst 1528 heimlich die Stadt, nachdem ihm der
1695 2556 2917 2596 Aufenthalt durch Intrigen der Apotheker und einen Prozeß ver¬
1692 2594 2908 2636 leidet worden war. Bei Schnitzler ist er noch so ziemlich der mittel¬
838 2585 1491 2672 Bayerische Staatszeitung
1697 2625 2920 2684 alterliche reisende Wunderdoktor geblieben, der, durch die schlechte
422 2605 845 2710 Ausschnitt aus:
1706 2672 2926 2723 Behandlung des Baseler Waffenschmieds gereizt, eine blendende
748 2658 1277 2756 ## #pn  00 München
1699 2708 2927 2766 Probe seiner schwarzen Kunst ablegt und dann verschwindet. Diesen
444 2731 593 2793 vom:
1708 2747 2924 2793 Waffenschmied gab Herr Höfer, seine Gattin, das dankbare Me¬
1699 2792 2919 2843 dium, Frau v. Hagen, Frl. Wimplinger, deren Schwester, Herr
1710 2828 2919 2877 Wohlmuth den beschränkten Stadtarzt und Herr Teschendorf die
677 2839 1471 2912 Theater und Konzerte
1708 2867 2919 2911 kleine Rolle des Junker Anselm. — Die Groteske „Der grüne
1701 2904 2925 2962 Kakadu“ zeigt uns mit großem Aufgebot an Personal und schreck¬
505 2909 1674 2969 K. Residenztheater. Am 15. März ds. Is. hatte man Arthur
1705 2942 2922 2992 lich viel Lärm die Korruption der Pariser Gesellschaft am Tage der
465 2952 1681 3018 Schnitzlers einaktiges Schauspiel „Die Gefährtin“ neu einstu¬
1704 2983 2925 3033 Erstürmuug der Bastille. In einem Verbrecherkeller mischen sich
523 2997 1678 3049 em Zwecke von den beiden anderen Stücken Schnitz¬
1712 3021 2926 3065 Schmierenkomödianten, die, um die schlaffen Nerven der aristokra¬
470 3023 1680 3087 s „Paracelsus“ und „Der grüne Kakadu“ getrennt. Nun erst
1710 3057 2926 3112 tischen Gesellschaft zu reizen, dort Verbrecher spielen, mit dieser
472 3067 1678 3120 als Nachzügler kamen auch diese beiden Einakter mit zur Wieder¬
1708 3102 2928 3144 Gesellschaft selbst und mit wirklichen Verbrechern zu einem greu¬
465 3105 1691 3174 holung — also ein kleiner Schnitzler=Abend. Im Mai 1899 waren
1708 3136 2922 3189 lichen Höllenbreughel, der auch die Nerven des modernen Zuschauers
471 3155 1667 3200 alle drei Stücke an derselben Stelle zur ersten Aufführung gelang
1710 3164 2926 3223 erschüttern soll. Diese gegenseitige Durchdringung von Schein und
468 3189 1664 3240 nachdem sie zwei Monate vorher am Wiener Burgtheater ihre Ur
1702 3202 2941 3278 Wirklichkeit endet die wirkliche Ermordung des Herzogs von Can¬
473 3215 1671 3293 aufführung erlebt hatten. Wie ich schon in meiner Besprechung
1650 3401 2874 3459 dignau, nachdem unmittelbar vorher auch die Bastille gefallen ist.
1663 3446 2876 3499 Von der damaligen Besetzung standen noch Frau Swoboda als
1663 3481 2871 3545 Marquise, Herr Basil als Wirt und Theaterdirektor auf demselben
1655 3525 2879 3581 Posten. Den Herzog gab diesmal Herr Graumann und die beiden
1662 3565 2881 3625 wichtigsten Rollen des Henri und der Leocadie Herr v. Jacobi und
1660 3595 2874 3655 Frau v. Hagen — alle mit dem höchsten Aufgebote von Wahr¬
1666 3641 2876 3695 scheinlichkeit. Die turbulenten Massenszenen waren von Herrn Re¬
1661 3695 2885 3744 gisseur Steinrück sehr lebendig einstudiert worden, dagegen gab es
1664 3711 2876 3784 ein paar leere Stellen im vorhergehenden ruhigen Dialog. Man
1660 3756 2874 3803 gestattete sich übrigens an diesem Schnitzler=Abend den Luxus
1669 3792 2871 3852 dreier Regisseure: jeder der drei Einakter hatte seinen eigenen:
1665 3827 2885 3893 Basil, Dr. Wolf und Steinrück. Bei der ersten Aufführung war
1664 3868 2886 3916 man noch mit einem (Savits) ausgekommen. Das Haus war sehr
1675 3911 2882 3969 gut besetzt und zollte der Darstellung allen Beifall. (Wegen Raum¬
1660 3953 2198 3999 mangel verspätet. D. Red.)
1742 3952 2877 4038 2 Münchener Kammerfviele Die nene Direktan defeAhin¬
