3436 4256
1351 174 1838 256 box 15/3
684 181 1320 252 ruene Kakadu
178 177 605 263 9. 3. Der
421 203 1232 271 . prdnng Kandnt
453 468 1173 596 Klose & Seide:
511 576 1138 652 Bureau für Zeitungsausschnitte
456 638 1178 710 Gerün NO. 43, Georgenkirchpfate 21
640 752 1267 879 Narl Lokal-Anzois¬
422 784 671 877 Zeitung:
432 858 584 934 Ort:
946 885 1083 999 72
423 922 656 1006 Datum:
658 1028 1131 1128 ——
915 1094 1142 1164 .TO24
430 1173 1324 1286 + Aus dem aus Ertigen Bühnenleben,
415 1233 1328 1344 „DerKammersänger“ von Frank Wede¬
405 1261 1327 1372 kind und „Der grüne Kakadu“ von Artur Schnitz.
2001 1305 2396 1388 me dnu
401 1301 1324 1411 ler kanden unter Spielleitung von Dfrektor
401 1338 1313 1446 Karnay, wie unser h.=Korrespondent aus Breslau
1763 1365 3295 1441 ja um einen Großen in der Geschichte des er seine Menschen. Die Geschichte
392 1377 1307 1494 meldet, eine ausgezeichnete Wiedergabe bei ihrer
1689 1417 2636 1475 Geistes dieser Welt handelt, kurz einmal die
2647 1427 3328 1476 sagt, „ein Behältnis der Leiden
395 1410 1309 1522 Erstaufführung im dortigen Lobetheater. Der
1705 1462 2637 1516 Frage zuformulieren: was bedentet uns heute,
2641 1453 3309 1523 Naturkräfte. Ich schöpfe daraus“.
392 1459 1316 1558 starke Beifall galt in erster Reihe den Darstellern
1684 1489 2632 1550 wo wir nicht mehr als Schmerzverzehrte zu ihm,
384 1482 1300 1616 und dem zweilen Stück, desen derwirter Schuß
2707 1509 3330 1582 Den Inhalt mit kurzen Worte
1698 1542 2629 1586 als einem Linderer menschlicher Qualen, als
380 1528 1308 1654 nicht recht befriedigte. Bei dem „Kammersänger“
2629 1563 3329 1615 Girondist Vallse irrt verfolgt, von
1688 1569 2632 1635 einem Tröster düsterer Seelen, unmittelbar auf¬
389 1571 1138 1680 störten die langen, monologartigen Reden
2639 1606 3329 1669 lich, stündlich bedroht, monatelang
1700 1615 2333 1670 sehen, wo wir gewissermaßen —
2457 1616 2625 1677 es aus
2626 1631 3322 1691 reich. Nirgend ein Aufenthalt, die
1693 1648 2517 1695 Unverstand, sei es aus Undankbarkeit —
2628 1680 3337 1727 auf seinen Fersen. Wer ihm Und
1697 1691 2626 1743 ihm keine aus der Zeitnot heraus geborene,
2634 1723 3321 1768 währt, verfällt dem Bell. An die
1684 1723 2629 1784 zwangsläufige Verbindung haben, was bedeu¬
2641 1753 3328 1816 Freunde klopft er vergeblich. Jede
1690 1774 2373 1819 tet uns heute Romain Rolland?
2640 1788 3321 1845 das eigene Leben. Da kommt Vall
1761 1805 2569 1873 Wenn wir jetzt seinen Namen nennen,
2636 1825 3320 1890 Verzweiflung zum Letzten getriebe
1684 1829 2559 1907 denken wir zunächst an den Verfasser des
2641 1862 3315 1923 Gedanken, nach Paris, in die Höhl
1684 1893 2628 1955 der Spannweite seines Kulturhorizontes be¬
2640 1918 3318 1972 zurückzukehren. Er will sterben, w
1689 1928 2631 1985 wunderungswürdigen, großartigen Romans
2632 1952 3309 2003 einmal vor dem Tode den Mund
1692 1975 2626 2020 „Johann Christoph“ und weiter denken wir an
2639 1990 3317 2057 beteten küssen darf. Diese Frau ist
1702 2012 2627 2063 den (seit Madame de Staël) ersten Franzosen,
2630 2018 3285 2087 Gattin eines Konventmitgliedes,
1695 2041 2626 2095 der den deutschen Menschen, die deutsche Seele,
2637 2071 3292 2129 ten Gelehrten Courvoisier. Sie ge
1691 2083 2642 2139 die deutsche Landschaft, die deutsche Kunst, der
2634 2107 3330 2151 Aufnahme, versteckt ihn vor seinen
1697 2128 2635 2173 alle diese Dinge im tiefsten Kern ihres Wesens
2638 2149 3327 2206 In den Armen der geliebten Fra#
1700 2168 2635 2226 erkannt, erfühlt und gestaltet hat! Das will
2629 2185 3300 2242 Vallée neuer Lebensmut. Er K
1692 2202 2630 2250 viel bedeuten, aber Romain Rolland ist als
2628 2224 3257 2285 fliehen, aber sie weigert sich, di
1705 2242 2627 2299 Dichter und Denker von unvergänglicher Größe.
2634 2266 3324 2321 sei, bei ihrem Gatten zu bleiben.
1699 2277 2625 2336 Und über das Leben des Menschen Rolland
2626 2283 3319 2348 dem Konvent seit langem verd
586 2298 1244 2374 Dr. Max Goldschmiet
1703 2321 2629 2370 könnte man (da er ein ausgezeichneter Kenner
2633 2346 3326 2393 denunziert. Man weiß von der Rüch
1695 2352 2636 2423 deutscher Musik ist) vielleicht am treffensten das
582 2368 1240 2419 Büro für Zeitungsausschnilte
3011 2383 3259 2431 unhaltbar.
2635 2382 3029 2430 Die Situation ist
1697 2397 2622 2446 Beethevenwort setzen: „Ich erkenne kein anderes
955 2391 1417 2465 Telefon: Norden 3651
2641 2422 3325 2480 Henkers schwebt über drei Häuptern.
1701 2441 2633 2498 Zeichen der Ueberlegenheit an, als das der
2629 2469 3293 2512 des Hauses steckt dem alten, um
1694 2474 1873 2534 Güte.“
716 2483 1098 2550 Russchnitt aus:
2633 2501 3317 2557 schaftlichen Verdienste hochgeachteten
1776 2497 2632 2573 Neben den Hauptwerken eines fürwahr.
2638 2536 3321 2594 für sich und seine Frau geheime P
566 2524 1291 2600 Hamburger Fremdenblatt
1695 2528 2627 2608 zyklopischen Lebenswerkes hat Rolland eine
2633 2571 3320 2619 Flucht in die Schweiz zu. Courv#
1703 2591 2634 2639 ganze Anzahl von Dramen geschrieben. Ein
2637 2602 3327 2670 die Liebe seiner Gattin zu Valle
1691 2629 2632 2673 Dutzend sind es wohl, die, stofflich mit ein¬
2634 2652 3321 2706 ein Weiser und Gütiger, sein Alts
1689 2672 2639 2728 ander verbunden, einen Zyklus „Theater der
2634 2685 3327 2746 opfern und den beiden jungen M
1691 2706 2629 2749 Revolution“ bilden. Auch dieses jüngste, im
2634 2724 3308 2775 Flucht verhelsen. Er drückt, in
1704 2746 2623 2804 Deutschen Schauspielhause gestern abend uraufge¬
2637 2769 3317 2820 Verzicht auf ein weiteres Leben o
2011 2778 2488 2841 I von Tod und L
1695 2781 1930 2834 führte „S
759 2655 1693 2862 Theater, Kunst und Wissenschaft.
2633 2799 3285 2850 liebe Frau, Sophie und Vallée
1692 2820 2630 2877 spielt während der französischen Revolution,
2630 2849 3288 2907 gehändigten Pässe in die Hand.
1814 2858 2628 2914 t, wie der Dichter im Vorwort zu dem
2628 2881 3309 2935 schluß ist in der Sekunde gefaßt:
1707 2905 2629 2958 (im Verlage Rotapfel=Zürich erschienenen) Buche
832 2882 1599 2967 Deutsches Schauspielhaus.
2631 2913 3328 2969 mit Vallée, gemeinsamer Tod mit
1704 2943 2629 2991 sagt: „eine der Tafeln seines Polyptychons von
2640 2963 3321 3016 Vallée ist ein leidenschaftlicher Mer
1005 2953 1457 3024 Romain Rolland:
1699 2980 2637 3045 der Revolution“ Kein weit ausgreifendes,
2950 2996 3323 3043 Sophies Heroisn
2650 2998 2952 3055 Leben hängt.
827 2997 1609 3076 „Ein Spiel von Tod und Liebe“.
1700 3022 2641 3067 ideenträchtiges Stück. Kein Revolutionsdrama
2640 3041 3321 3093 fremd. Im letzten Augenblick grei
1697 3054 2639 3109 im Sinne des Wortes. Nein, das „Spiel von
747 3057 1698 3139 Arthur Schnitzler: „Der grüne Kakadu“.
2647 3076 3318 3124 gebotenen Paß und flieht. Con
1693 3092 2631 3146 Tod und Liebe“ zeigt uns das beklagenswerte
2637 3115 3320 3163 seine Gattin, untrennbar im Leben
835 3118 1687 3182 Eine gewiß außergewöhnliche Begebenheit:
1696 3126 2643 3190 Geschick dreier Menschen vor dem blutigen Hin¬
2640 3155 3302 3218 im Tode erwarten gefaßt, in in
745 3148 1689 3212 die Uraufführung, wie es ausdrücklich heißt:
1692 3171 2639 3228 tergrunde der Revolution. Ein ungemein
2631 3190 3325 3263 bundenheit, die Henker, die sie 3
748 3197 1692 3255 die „alleinige“ Uraufführung eines Stückes von
1689 3199 2639 3266 liebenswectes, zärtliches, dichterisch tief emp¬
2635 3235 2925 3297 führen
754 3226 1027 3286 Romain
1065 3242 1689 3313 olland, das er im Juni
1693 3254 2646 3302 fundenes und fein gestaltetes Stück, ein Ein¬
743 3270 1502 3337 des vergangenen Jahres vollendete!
2716 3270 3329 3333 Von der Aufführung des reizt
1691 3288 2632 3342 akter, der ganz aus dem gütigen Herzen eines
833 3319 1692 3382 Die Zeiten wandeln sich schnell. Als
2636 3327 3320 3381 unter der Regie Otto Werthe
1692 3335 2639 3389 gütigen Menschen stammt, ein Bild, mit un¬
747 3364 1701 3412 Deutschland noch mitten in den Wehen der Re¬
2637 3360 3302 3420 viel Rühmliches zu berichten. Sze
1696 3367 2630 3411 endlich feinen, liebevollen Strichen gezeichnet.
740 3408 1697 3456 volution sieckte, war Rollands Name bei uns
2644 3403 3299 3453 ungemein genauen Vorschriften
1702 3410 2633 3455 Ein für den Dichter in hohem Maße charakteri¬
2635 3442 3302 3500 sicherlich besser und sinnvoller zu
737 3443 1694 3495 in aller Munde. Seine hohen Ideen über ein
1690 3447 2608 3492 stisches Stück. Der Grundzug seiner Seele ist.
751 3477 1698 3540 ideales Weltbürgertum fanden in der geistigen
2636 3488 3310 3531 geschehen war. Interieurs sind
1688 3486 2635 3540 trotz seiner großen Revolutionsdramen, Weich¬
2644 3518 3325 3566 Werthers starke Seite. Hier hat
752 3521 1693 3582 Welt begeisterte Fürsprecher. Einer der eifrig¬
1704 3519 2642 3566 heit. Aus dem blutigen Chaos des zusammen¬
2634 3554 3325 3614 manchen Dingen vergriffen. Bede
748 3549 1701 3609 sten unter ihnen: Stefan Zweig, dem wir,
1710 3562 2635 3610 stürzenden Umsturzes — Danton ist gerade an¬
2634 3579 3306 3654 lich fällt ins Gewicht, daß man
749 3588 1690 3655 wie der Dichter selber mitteilt, die Vollendung
1698 3593 2642 3644 geklagt — zucken Blitzstrahlen zwischen drei
2643 3625 3308 3680 ganzen Aufführung nirgend das
1438 3640 1545 3693 ob
1337 3641 1433 3691 n 2
1525 3643 1691 3690 und
736 3642 1263 3700 auch dieses „Spiels
1690 3638 2640 3695 liebende, gütige Menschen. Ein historisches Stück
2631 3670 3312 3725 hier sind Melodie und Rhythmus
741 3673 1691 3715 Liebe“ verdanken. Indessen haben sich die
1706 3679 2644 3733 gewissermaßen, aber keine Umschmelzung ge¬
742 3708 1696 3768 Dinge bei uns geändert. Rolland war damals
1702 3701 3329 3768 schichtlicher Begebenheiten in die Form des erkannt. Von den Darstellern ma
735 3754 1689 3802 in den Jahren des Unheils ein Prophet in
1684 3739 3322 3811 Dramas. Darauf kommt es an. Rolland ist ein jeder, was er wollte. Man spielte,
738 3789 3313 3837 der Wüste heute ist er etwas in Vergessenheit] Dichter, er schafft Eigenes. Die Geschichte glbt  Theatersprache heißt, „Komödie“.
734 3838 3308 3890 geraten. Und so ist es vielleicht gut, da es ihm eine stoffliche Unterlage. Darauf erschafftter. Und gerade in diesem
