3436 4256
1028 176 1147 254 ak
1939 181 2387 271 box 16/1
173 177 1788 295 9.4. Der ruene Madu Zyklus
133 1423 1331 1506 erhin wies Mun allehmen als eine Wiiste sein wird.
1796 1450 2266 1516 et uno Oendatn..
767 1532 2813 1616 So auch bei Schnitzler. Sein „Sterben“ ist das thum in seinem Blut und er ist nervös in der
136 1541 417 1643 illeton.
717 1559 2204 1633 Meisterstück einer Novelle. Das dornenübersäete Wahl seiner Stoffe
2194 1610 2813 1675 .. Dort geht ein hübsches
726 1635 2812 1727 Leben eines Lungenkranken schildert er mit der er= Mädel. Er kennt sie nicht. Aber diese Formen,
152 1650 489 1745 r Schuitzler.
736 1684 2809 1774 greifenden Wahrheit des Arztes und die Liebe, die dieser feine Zug in der Nackenlinie, halb mädchen¬
149 1716 662 1795 khrtiv, Der grüne Kakadu*)
736 1731 1763 1802 sich aus dem schlichten Idyll zur leidenschaftlichen
1757 1746 2481 1807 haft=weich, halb frauenhaft=stolz
2546 1754 2819 1824 er könnte
148 1776 478 1840 mann Greinz.
730 1772 1763 1841 Tragik steigert, ist mit den feinsten Nuancen dar¬
1753 1782 2809 1852 eine Novelle schreiben um dieser einzigen Linie
738 1821 920 1895 gestellt.
152 1817 738 1890 daß Arthur Schnitzler vor¬
1755 1835 2759 1914 willen. Dabei mag sie das platteste Wesen sein.
152 1874 738 1944 freibt. Denn seinem Wesen
785 1870 1773 1939 Es ist aber das specifisch Wienerische, das allen
1819 1893 2803 1963 Anders Schnitzler. Der sieht seinem Mädel
151 1922 727 1994 nie Epiker und man möchte
721 1909 1767 1997 Schöpfungen Schnitzlers das eigenartige Gepräge
1763 1941 2809 2010 vorerst tief in die Augen und findet er drinnen
150 1976 736 2060 Halbe und Hartleben erbli¬
721 1972 1758 2053 leiht. Man kann auf Grillparzer und Bauernfeld
1763 1993 2809 2052 einen heimlichen, verborgenen Schatz, dann weiß
731 2027 1771 2073 zurückgreifen und kann, wie es einer bereits ge¬
1751 2037 2811 2108 er ihn mit der ganzen Tiefe seiner Kunst zu heben
146 2045 728 2139 Drama mit der Last der Er¬
722 2078 2807 2152 than, in der Hero das erste „süße Mädel“ Wiens und zu edeln. Man denke nur an die Christine in
141 2120 730 2182 ks Dialoges und der Fülle
720 2130 2802 2205 erblicken. Die Novellen Ferdinand v. Saars der Liebelei“. Ein solches Mädchen würde Bahr
152 2166 2800 2248 hbald eine Art entgegenge= geben dieses heimathliche Milieu in den prächtig= nie zeichnen, die wäre ihm vielleicht zu alltäglich in
141 2215 2805 2298 #u ungleich feiner ist und an sten Farben wieder. Da ist der Prater in seinem ihrer Liebe und Güte. Ihn reizt nur das Abson¬
139 2261 2790 2333 ßen und weitausgreifenden ersten Grün, ein Sonntagnachmittag im Frühling, derliche und Bizarre, das, wozu er recht viel sei¬
147 2317 2805 2399 stimmungsreiche Handlung der Himmel dehnt sich in wolkenlosem Blau über nes eigenen Wesens hinzugeben kann, um es auf
143 2359 2199 2433 kennt das die „lyrische Er= die Stadt, dann wieder die breiten, hellen Stra¬ feste Füße zu stellen.
146 2405 1755 2473 tischen Dramas“. Bemer=ßen mit dem Glanz und der lachenden Sünde und
1808 2402 2798 2494 Das „süße Mädel“ Schnitzlers ist so, wie es
154 2450 2795 2558 ß die meisten Stoffe dieser nicht zuletzt die Cafe's aus deren dumpfer Atmo= der Dichter einmal schildert: Ich kann Dir nun
148 2491 432 2568 Natur sind.
716 2500 2798 2578 sphäre uns Leo Hirschfeld seine Comödie „Die einmal nicht helfen . .. sie erinnert mich so an ei¬
136 2539 1744 2614 lbe's „Jugend“ ebenso gut Lumpen“ geschrieben hat. Dieses Leichte und
1736 2574 2793 2644 nen getragenen Wiener Walzer — sentimentale
137 2606 726 2671 Movelle denken mit all den
706 2597 2745 2655 Schwebende Lärm und Hast der Großstadt und Heiterkeit . .. lächelnde, schalkhafte Wehmuth
138 2649 717 2718 anzen, lyrischen Einschlag,
713 2639 2794 2740 von fernen Gärten ein verirrter Duft von Flieder Das ist so ihr Wesen.. Daß einer solchen Zeich¬
736 2697 1746 2773 — das ist Wien, wie es seine Dichter schildern.
149 2697 722 2753 der Handlung eher erdrückt
1737 2707 2796 2789 nung eine Gestalt der tiefsten Tragik entwachsen
714 2736 1632 2813 Hermann Bahr mit seinem „Tschaperl“.
148 2745 711 2814 Die Lore“ Hartlebens war
1616 2755 2791 2824 dem kann, zeigt die „Liebelei“ und „Das Vermächt¬
715 2788 1741 2872 „Star“, den „Wienerinnen“ und Schnitzler mit
139 2782 709 2860 le und hieß „Die Geschichte
1746 2811 2796 2884 niß". Schnitzlers Kunst steht aber auf festem und
714 2832 1563 2909 der „Liebelei“ und dem „Vermächtniß“.
213 2843 714 2916 In der Dramatisirung
1745 2856 2788 2930 sicherem Boden. Wenn er sich auch in geistreichen
136 2867 718 2973 iten Theil seiner zarten Un¬
757 2895 2790 2928 Da möchte ich gleich auf einen wesentlichen Un= Spöttereien seines „Anatol“ gefallen mag, so än¬
690 2940 2801 3041 terschied zwischen diesen beiden, Bahr und Schnitz= dert dies nicht das geringste an seinem Charakter:
689 2983 2423 3069 ler, hinweisen Bahr ist der leichte und leider oft lächelnde, schalkhafte-Wehmuth.
149 2997 607 3106 1 S. Fischer, Berlin W.
704 3036 1756 3128 zu flüchtige=Plauderer, es steckt viel vom Pariser¬
1808 3026 2805 3139 Etwas nelies gab Schnitzler in seinem Ein¬
1979 3096 2397 3218 —
367 3139 568 3244 #as
1540 3179 2438 3281 —
