3436 4256
376 260 445 362 X
1565 183 2080 317 Sport und Salon.
2333 203 2565 331 —
1874 390 2265 507 OHRONK.
1421 389 1831 512 TIIETER=
1815 490 3187 622 Manne eine Gefährtin sein, und nicht eine Geliebte.
542 528 1814 611 Burgtheater. Schon einmal in der heurigen Theater¬
1824 588 3186 670 Wenn sie aber nur immer eine Geliebte wäre, wenigstens
473 600 1818 687 saison war Arthur Schnitzler vor dem Burgtheater¬
1824 646 3183 721 die eines Anderen — oft aber ist sie nicht einmal die
478 666 1829 739 publicum erschienen; damals galt der Erfolg seinem drei¬
1834 701 3189 784 Geliebte eines Anderen, sondern nur seine Dirne! — Dies
467 708 1831 798 actigen Schauspiel-Das Vermächtnisse, neulich, am 1. März,
1821 761 3187 831 ist an einem concreten Falle gezeigt. Professors Pilgram
470 784 1834 875 konnte er für die freundliche Aufnahme seiner drei Einacter:
1825 834 3180 899 Frau ist eben begraben worden, er weiss, dass sie ihm
475 839 1819 912 Paracelsuss,Die Gefährtins und -Der grüne Kakadu¬
1829 885 3184 969 nicht treu war, er gibt ihr keine Schuld, er ist für sie zu
481 903 1825 973 danken. Ich will weder den bereits üblichen Vergleich mit
1819 938 3195 1010 alt gewesen. Er weiss, dass sie ihn mit seinem Assistenten
466 963 1830 1041 Sudermann’s Morituris anwenden, noch mich, wie andere¬
1821 1006 3149 1083 Dr. Hausmann hinterging. Er zürnt Keinem von Beiden. —
469 1012 1827 1092 Herren, damit quälen, den drei Stücken einen gemeinsamen
1829 1066 3194 1141 Als er aber erfährt, dass sein Schüler verlobt ist, seit
479 1071 1847 1160 Titel zu geben oder ihnen eine Grundidee aufzuzwängen; —
482 1119 3181 1202 ich bin der Meinung, der Autor selbst hätte es gethan, zwei vollen Jahren verlobt, und dennoch ihn mit seiner
486 1171 3185 1281 wenn es nothwendig gewesen wäre. — Die drei Stücke Frau hinterging, da jagt er ihn wüthend aus dem
2454 1240 3189 1319 Hause. — Von der Freundin
475 1254 1199 1316 sind grundverschieden, sowohl
2475 1281 3196 1373 seines Hauses aufgeklärt, dass
473 1314 1208 1394 in Bezug auf Inhalt, als auch
1193 1282 2471 1420 2
2469 1349 3190 1439 seine Frau es ja gewusst und
480 1382 1204 1465 auf Mache, Theatereffect und
2468 1414 3190 1495 gut geheissen, bricht er gänz¬
470 1428 1204 1512 Form des Dialoges. Das erste
2463 1474 3188 1557 lich zusammen. — Sonnen¬
471 1489 1195 1577 Schauspiel -Paracelsuse führt
2461 1531 3196 1604 thal spielte mit feiner Modu¬
467 1545 1211 1632 uns in das 16. Jahrhundert
2467 1592 3161 1684 lirung den alten Professor. —
478 1598 1202 1688 zurück. Der grosse Alchymist
2474 1646 3202 1731 Das beste und vollste Stück
475 1683 1205 1746 ist eben in Basel erschienen, wo
1781 1505 1962 1794 5
2456 1701 3195 1803 jedoch ist das letzte: -Der
481 1731 1198 1808 er als Student die jetzige Frau
2462 1758 3193 1856 grüne Kakadu.: Es steckt viel
483 1791 1197 1859 des Waffenschmied Cyprian,
2465 1831 3187 1914 Humor und viel Tragik in
469 1849 1197 1934 Justina, liebte. Er zeigt am
2465 1888 3186 1963 diesem einen Act. Und immer
478 1910 1195 1986 Marktplatz vor dem versam¬
2465 1959 3203 2024 wenn Schnitzler humorvoll
483 1956 1198 2048 melten Volke zum Aerger
2349 1961 2453 2066 4
2479 2006 3196 2099 wird, ist er am besten; der
470 2023 1201 2099 des Stadtarztes Copus seine
2466 2069 3188 2165 grosse Sprung vom lustig¬
478 2069 1199 2168 Künste. Cyprian, der biedere
2478 2129 3199 2203 tollen Ausgelassenen zur
473 2143 1208 2214 Bürger, der gerne fahrendes
2366 2146 2474 2256 #.
2466 2188 3194 2257 furchtbaren Tragik gelingt ihm
483 2207 1194 2270 Volk in sein Haus aufnimmt,
2476 2254 3187 2318 famos. Im .Grünen Kakadue
482 2264 1207 2344 um sich nachher desto mehr
2471 2306 3192 2385 zu Paris kommt alles mögliche
479 2310 1196 2397 seiner Sesshaftigkeit zu freuen,
2478 2364 3185 2449 Volk zusammen. Die Aristo¬
486 2383 1196 2449 bringt Paracelsus in sein Haus.
2468 2416 3189 2505 kraten lachen über die Schmä¬
470 2437 1201 2503 Justina, Cyprians Gattin, hat
2476 2483 3188 2549 hungen des Pöbels, der — das
484 2492 1202 2563 eben die Liebeswerbungen des
1358 2489 1493 2597 s2
2331 2494 2455 2609 8
2475 2548 3185 2623 Stück spielt zu Beginn der
476 2557 1197 2635 Junker Anselm ausgeschlagen.
2472 2599 3106 2689 französischen Revolution
505 2612 1196 2693 — Im Laufe des Gespräches
2042 2625 2461 2731 N 3055 (6.
1208 2611 2031 2747 E  110 „3l N J00
2471 2649 3181 2738 die Bastille erstürmen will.
475 2664 1212 2755 fordert Cyprian den grossen
2560 2700 3195 2797 Man lacht, man spielt
1588 2697 2092 2788 Louise ven Ehrenstein.
485 2724 1212 2812 Zauberer auf, seine Kunst zu
1253 2746 2424 2852 Nach einer Original-Aufnahme aus dem k. u. k. Hof-Atelier Karl Pietzner.
2416 2770 3194 2853 Komödie, man stiehlt, man
493 2782 1207 2858 zeigen. Er hypnotisirt Frau
2462 2835 3193 2918 schimpft und — mordet.
488 2840 1213 2915 Justina und suggerirt ihr den
1832 2887 3187 2964 Auch in dem Stücke ist für eine Glanzrolle für Sonnen¬
483 2881 1844 2972 bösen Traum, sie sei in Anselms Arme gelegen. Als sie aus
1831 2944 3183 3027 thal gesorgt. Er gibt einen Komödianten, der eine Eifer¬
478 2956 1836 3037 der Hypnose erwacht, flehtsie ihren Gatten um Erbarmen an;
1835 3008 3184 3088 suchtsscene darstellt, und in dem auf einmal wirklich die
480 3015 1838 3098 Cyprian weiss zum Schluss nicht mehr, was an ihren Reden
1839 3058 3197 3148 Eifersucht um sein junges, eben angetrautes, leichtlebiges
492 3085 1840 3168 Wahres dran sei, bis Paracelsus sie abermals hypnotisirt und
1841 3127 3183 3202 Weib erwacht und der sich in diesem Momente der Lei¬
490 3136 1824 3211 sie die Wahrheit bekennt; sie hat einst Paracelsus heiss
1821 3178 3196 3254 denschaft hinreissen lässt, den Liebhaber seiner Frau zu
474 3198 1822 3280 geliebt und hätte Alles für ihn hingegeben; seitdem sind
1829 3247 3184 3329 ermorden. — So grundverschieden die drei Stücke sind, so
480 3258 1835 3345 Jahre verflossen, sie hat Cyprian geheiratet und ist ihm!
1833 3306 3191 3387 sind sie alle gut, die einen mehr, die anderen minder!
486 3326 1827 3393 ein treues Weib geworden. Alle Verwirrung ist beseitigt.
1831 3369 3186 3440 Alle drei sind volle und ganze Talentproben Schnitzler’s,
492 3370 1827 3447 Allseitige Freude, Ende gut — Alles gut. Die dankbare
1835 3413 3190 3504 der vor allen jungen Dramatikern Oesterreichs berufen ist,
477 3424 1832 3503 Rolle des Paracelsus spielte Robert meisterhaft. Es ist
1820 3478 3182 3549 das Beste zu leisten. Dort wo er unconstruirt ist, wo er
478 3489 1836 3561 alles im Leben — Spiel, — und Paracelsus hat sich das
1832 3550 3190 3608 menschlich und nicht allzu menschliche wird, reisst er
485 3553 1837 3632 Spiel mit Seelen und Menschenschicksalen gewählt= ist
1823 3592 3188 3674 immer hin. Die Stücke beweisen das; dennoch bleibt er
479 3600 1837 3681 die Grundidee. — Düster und drückend ist das zweite
1833 3663 3188 3738 weiter der Dichter der -Liebeleis, — vielleicht wird sein
488 3671 1846 3742 StückDie Gefährtins. Es ist überaus fein gemacht und
1832 3718 3153 3813 nächstes Stück auch diese in den Schatten stellen. C. C. S.
484 3725 1835 3802 seelisch differenzirt, so dass der gewöhnliche Zuschauer
483 3770 1834 3864 keinen grossen Genuss daran findet; die Handlung ist dünn,
551 3860 1836 3947 die dramatische Idec ist folgende: Die Frau sollte dem
364 3867 462 3996 10
384 3934 608 4050 78.—
3144 257 3276 387 □
