<?xml version="1.0" encoding="UTF-8" standalone="yes"?>
<PcGts xmlns="http://schema.primaresearch.org/PAGE/gts/pagecontent/2013-07-15" xmlns:xsi="http://www.w3.org/2001/XMLSchema-instance" xsi:schemaLocation="http://schema.primaresearch.org/PAGE/gts/pagecontent/2013-07-15 http://schema.primaresearch.org/PAGE/gts/pagecontent/2013-07-15/pagecontent.xsd">
    <Metadata>
        <Creator>prov=University of Rostock/Institute of Mathematics/CITlab/Gundram Leifert/gundram.leifert@uni-rostock.de:name=ONB_Newseye_GT_M1+(htr_id=10810)::::v=2.4.2
prov=University of Rostock/Institute of Mathematics/CITlab/Tobias Gruening/tobias.gruening@uni-rostock.de:name=de.uros.citlab.module.baseline2polygon.B2PSeamMultiOriented:v=2.4.2
prov=University of Rostock/Institute of Mathematics/CITlab/Tobias Gruening/tobias.gruening@uni-rostock.de:name=/mnt/transkribus/LA/DEA/URO/LA_news_onb_att.pb:de.uros.citlab.segmentation.CITlab_LA_ML:v=2.4.2
Transkribus</Creator>
        <Created>2019-10-07T11:42:18.248+02:00</Created>
        <LastChange>2019-10-08T18:44:32.442+02:00</LastChange>
        <TranskribusMetadata docId="223987" pageId="9503189" pageNr="271" tsid="16606661" status="IN_PROGRESS" userId="40391" imgUrl="https://files.transkribus.eu/Get?id=OUCMCZWARXYBKQZUAVAIOJVL&amp;fileType=view" xmlUrl="https://files.transkribus.eu/Get?id=WQRTPNSGLVDAMDWYDBTFTPYP" imageId="6193403"/>
    </Metadata>
    <Page imageFilename="223987_0271.jpeg" imageWidth="3436" imageHeight="4256">
        <ReadingOrder>
            <OrderedGroup id="ro_1711447384060" caption="Regions reading order">
                <RegionRefIndexed index="0" regionRef="r1"/>
                <RegionRefIndexed index="1" regionRef="r2"/>
            </OrderedGroup>
        </ReadingOrder>
        <TextRegion orientation="0.0" id="r1" custom="readingOrder {index:0;}">
            <Coords points="187,198 187,3293 2981,3293 2981,198"/>
            <TextLine id="r1l1" custom="readingOrder {index:0;}">
                <Coords points="1463,226 1525,238 1551,227 1574,248 1684,232 1735,255 1872,238 1911,223 1912,189 1872,164 1827,170 1783,152 1747,171 1709,161 1659,194 1599,168 1464,166"/>
                <Baseline points="1472,220 1497,220 1522,220 1547,221 1572,221 1598,222 1623,223 1648,223 1673,224 1699,224 1724,225 1749,225 1774,225 1800,225 1825,224 1850,223 1875,222 1901,221"/>
                <TextEquiv>
                    <Unicode>box 15/3</Unicode>
                </TextEquiv>
            </TextLine>
            <TextLine id="r1l2" custom="readingOrder {index:1;}">
                <Coords points="786,240 968,243 1017,220 1041,241 1330,230 1329,187 1258,165 1215,189 1133,173 1105,191 1046,169 1013,194 895,172 872,193 840,180 786,195"/>
                <Baseline points="795,228 821,228 847,228 873,227 900,227 926,227 952,227 979,227 1005,227 1031,227 1058,227 1084,227 1110,227 1136,227 1163,227 1189,226 1215,226 1242,226 1268,225 1294,225 1321,225"/>
                <TextEquiv>
                    <Unicode>uene Kakadu</Unicode>
                </TextEquiv>
            </TextLine>
            <TextLine id="r1l3" custom="readingOrder {index:2;}">
                <Coords points="521,238 560,236 602,241 613,236 619,241 645,241 645,194 624,196 609,187 568,193 544,176 521,180"/>
                <Baseline points="530,229 556,230 582,230 608,229 635,230"/>
                <TextEquiv>
                    <Unicode>Der</Unicode>
                </TextEquiv>
            </TextLine>
            <TextLine id="r1l4" custom="readingOrder {index:3;}">
                <Coords points="246,228 583,284 1329,258 1318,226 808,234 753,181 574,231 410,169 247,193"/>
                <Baseline points="256,227 309,232 362,237 415,240 468,244 522,247 575,249 628,251 681,252 734,252 788,253 841,253 894,253 947,252 1000,252 1054,251 1107,251 1160,250 1213,249 1266,248 1320,248"/>
                <TextEquiv>
                    <Unicode>9.3  e</Unicode>
                </TextEquiv>
            </TextLine>
            <TextLine id="r1l5" custom="readingOrder {index:4;}">
                <Coords points="182,1256 287,1268 334,1250 355,1263 402,1253 471,1265 518,1252 536,1264 581,1255 582,1210 473,1216 412,1202 372,1215 340,1207 323,1220 286,1203 250,1215 183,1211"/>
                <Baseline points="191,1243 216,1244 241,1244 267,1245 292,1245 318,1246 343,1247 369,1247 394,1247 420,1248 445,1248 471,1248 496,1248 522,1248 547,1247 573,1246"/>
                <TextEquiv>
                    <Unicode>eauseinander. Er</Unicode>
                </TextEquiv>
            </TextLine>
            <TextLine id="r1l6" custom="readingOrder {index:5;}">
                <Coords points="629,1258 1489,1258 1719,1293 1721,1201 1557,1229 630,1220"/>
                <Baseline points="638,1248 691,1250 745,1253 798,1255 852,1257 906,1259 959,1260 1013,1261 1066,1262 1120,1263 1174,1263 1227,1264 1281,1264 1334,1265 1388,1265 1442,1265 1495,1266 1549,1266 1602,1266 1656,1267 1710,1267"/>
                <TextEquiv>
                    <Unicode>wundert. Aber der fliehende, schleppende Gang auf</Unicode>
                </TextEquiv>
            </TextLine>
            <TextLine id="r1l7" custom="readingOrder {index:6;}">
                <Coords points="1788,1274 2840,1285 2825,1210 1789,1230"/>
                <Baseline points="1797,1268 1848,1268 1900,1269 1952,1270 2003,1271 2055,1272 2107,1273 2158,1274 2210,1275 2262,1276 2314,1277 2365,1278 2417,1278 2469,1279 2520,1279 2572,1279 2624,1279 2675,1279 2727,1278 2779,1277 2831,1276"/>
                <TextEquiv>
                    <Unicode>Niemals hat Barnowsky für Dramen, die Konse¬</Unicode>
                </TextEquiv>
            </TextLine>
            <TextLine id="r1l8" custom="readingOrder {index:7;}">
                <Coords points="188,1308 280,1292 355,1312 391,1299 565,1309 597,1298 597,1266 556,1257 486,1268 438,1256 355,1264 335,1251 271,1271 254,1258 188,1256"/>
                <Baseline points="197,1294 223,1294 249,1294 275,1294 301,1294 327,1294 353,1294 379,1294 405,1294 431,1294 457,1294 483,1294 509,1294 535,1295 561,1295 588,1295"/>
                <TextEquiv>
                    <Unicode>um Spielnuancen</Unicode>
                </TextEquiv>
            </TextLine>
            <TextLine id="r1l9" custom="readingOrder {index:8;}">
                <Coords points="615,1307 1625,1332 1721,1315 1722,1285 1488,1257 1441,1284 616,1275"/>
                <Baseline points="625,1296 679,1297 733,1299 787,1300 842,1302 896,1304 950,1306 1005,1307 1059,1309 1113,1310 1168,1312 1222,1313 1276,1314 1330,1315 1385,1316 1439,1317 1493,1318 1548,1318 1602,1318 1656,1318 1711,1318"/>
                <TextEquiv>
                    <Unicode>den Ballen, mit nach außen gedrückten Knieen sagt</Unicode>
                </TextEquiv>
            </TextLine>
            <TextLine id="r1l10" custom="readingOrder {index:9;}">
                <Coords points="1746,1327 2701,1345 2821,1339 2822,1304 1746,1282"/>
                <Baseline points="1756,1316 1808,1318 1861,1319 1914,1320 1967,1322 2020,1323 2072,1323 2125,1324 2178,1325 2231,1325 2284,1326 2336,1326 2389,1327 2442,1327 2495,1328 2548,1328 2600,1328 2653,1329 2706,1329 2759,1330 2812,1330"/>
                <TextEquiv>
                    <Unicode>quenz verlangen, Schärfe und Geduld gehabt. Schnitz¬</Unicode>
                </TextEquiv>
            </TextLine>
            <TextLine id="r1l11" custom="readingOrder {index:10;}">
                <Coords points="191,1355 266,1343 317,1363 358,1345 515,1359 583,1343 582,1302 549,1315 505,1301 472,1316 447,1301 325,1312 292,1294 191,1308"/>
                <Baseline points="201,1343 227,1343 254,1344 280,1344 307,1344 333,1344 360,1344 387,1344 413,1344 440,1343 466,1342 493,1341 519,1341 546,1340 573,1339"/>
                <TextEquiv>
                    <Unicode>m ihre letzten An¬</Unicode>
                </TextEquiv>
            </TextLine>
            <TextLine id="r1l12" custom="readingOrder {index:11;}">
                <Coords points="625,1354 1717,1388 1717,1309 626,1315"/>
                <Baseline points="634,1345 687,1347 741,1349 795,1351 848,1353 902,1354 956,1356 1009,1357 1063,1359 1117,1360 1171,1361 1224,1362 1278,1363 1332,1364 1385,1364 1439,1364 1493,1364 1546,1364 1600,1364 1654,1363 1708,1362"/>
                <TextEquiv>
                    <Unicode>nichts mehr. Der Ton, dünn, flach, unintensiv, ist</Unicode>
                </TextEquiv>
            </TextLine>
            <TextLine id="r1l13" custom="readingOrder {index:12;}">
                <Coords points="1745,1369 2773,1385 2837,1380 2838,1343 1745,1326"/>
                <Baseline points="1755,1364 1808,1366 1862,1367 1915,1368 1969,1369 2023,1370 2076,1371 2130,1371 2183,1372 2237,1373 2291,1373 2344,1374 2398,1375 2451,1375 2505,1376 2559,1376 2612,1377 2666,1377 2719,1377 2773,1378 2827,1378"/>
                <TextEquiv>
                    <Unicode>lers „Grüner Kakadu“ hätte ihm gelegen, wenn</Unicode>
                </TextEquiv>
            </TextLine>
            <TextLine id="r1l14" custom="readingOrder {index:13;}">
                <Coords points="201,1398 231,1407 270,1398 287,1412 319,1399 377,1415 422,1393 501,1416 590,1389 590,1369 558,1367 537,1349 408,1359 359,1344 313,1365 270,1345 200,1349"/>
                <Baseline points="209,1387 235,1388 262,1389 288,1390 315,1390 341,1390 368,1390 395,1390 421,1390 448,1389 474,1388 501,1387 527,1387 554,1386 581,1385"/>
                <TextEquiv>
                    <Unicode>fälle, statt Grund¬</Unicode>
                </TextEquiv>
            </TextLine>
            <TextLine id="r1l15" custom="readingOrder {index:14;}">
                <Coords points="631,1405 1708,1431 1708,1384 1649,1370 631,1356"/>
                <Baseline points="640,1395 695,1396 751,1397 807,1398 862,1399 918,1400 974,1401 1030,1402 1085,1404 1141,1405 1197,1406 1253,1407 1308,1408 1364,1408 1420,1408 1476,1409 1531,1409 1587,1408 1643,1408 1699,1407"/>
                <TextEquiv>
                    <Unicode>Manier. Tilla Durieux' Konversation barst nicht von zu¬</Unicode>
                </TextEquiv>
            </TextLine>
            <TextLine id="r1l16" custom="readingOrder {index:15;}">
                <Coords points="1739,1408 2009,1439 2824,1429 2813,1376 2555,1402 2484,1373 1740,1369"/>
                <Baseline points="1749,1411 1802,1412 1855,1413 1908,1414 1962,1414 2015,1415 2068,1416 2122,1416 2175,1417 2228,1417 2282,1418 2335,1418 2388,1418 2441,1419 2495,1419 2548,1420 2601,1420 2655,1421 2708,1422 2761,1423 2815,1424"/>
                <TextEquiv>
                    <Unicode>dessen Beweglichkeit nur Unruhe wäre. Die Leben¬</Unicode>
                </TextEquiv>
            </TextLine>
            <TextLine id="r1l17" custom="readingOrder {index:16;}">
                <Coords points="188,1436 196,1436 201,1441 210,1440 217,1445 227,1444 246,1458 262,1448 274,1449 278,1414 267,1413 260,1404 254,1408 248,1407 240,1400 229,1408 216,1395 206,1398 193,1395"/>
                <Baseline points="197,1436 231,1438 265,1444"/>
                <TextEquiv>
                    <Unicode>ung.</Unicode>
                </TextEquiv>
            </TextLine>
            <TextLine id="r1l18" custom="readingOrder {index:17;}">
                <Coords points="633,1452 1718,1467 1668,1419 634,1405"/>
                <Baseline points="642,1441 695,1442 748,1443 801,1444 855,1445 908,1446 961,1447 1015,1449 1068,1450 1121,1451 1175,1453 1228,1454 1281,1455 1334,1455 1388,1456 1441,1457 1494,1457 1548,1457 1601,1457 1654,1457 1708,1456"/>
                <TextEquiv>
                    <Unicode>rückgedrängten Energien. Ihr Händespreizen deutete</Unicode>
                </TextEquiv>
            </TextLine>
            <TextLine id="r1l19" custom="readingOrder {index:18;}">
                <Coords points="1752,1466 2824,1487 2824,1429 1753,1414"/>
                <Baseline points="1762,1457 1814,1459 1867,1460 1919,1462 1972,1463 2025,1464 2077,1464 2130,1465 2182,1465 2235,1466 2288,1466 2340,1466 2393,1467 2445,1467 2498,1467 2551,1468 2603,1468 2656,1469 2708,1469 2761,1470 2814,1471"/>
                <TextEquiv>
                    <Unicode>digkeit aber führt sich auf die Meisterschaft zurück,</Unicode>
                </TextEquiv>
            </TextLine>
            <TextLine id="r1l20" custom="readingOrder {index:19;}">
                <Coords points="186,1491 248,1484 283,1499 336,1490 448,1504 475,1486 585,1511 585,1458 522,1433 490,1456 419,1438 345,1460 274,1443 250,1460 222,1443 186,1459"/>
                <Baseline points="195,1482 220,1482 245,1483 271,1483 296,1484 321,1485 347,1485 372,1486 397,1486 423,1486 448,1486 473,1486 499,1486 524,1485 549,1484 575,1483"/>
                <TextEquiv>
                    <Unicode>it des zuerst auf¬</Unicode>
                </TextEquiv>
            </TextLine>
            <TextLine id="r1l21" custom="readingOrder {index:20;}">
                <Coords points="629,1501 1657,1523 1706,1516 1707,1460 629,1457"/>
                <Baseline points="638,1490 690,1490 743,1492 796,1492 849,1494 902,1495 955,1496 1008,1498 1061,1499 1114,1500 1167,1501 1219,1502 1272,1503 1325,1504 1378,1505 1431,1505 1484,1505 1537,1505 1590,1504 1643,1504 1696,1502"/>
                <TextEquiv>
                    <Unicode>keine innere Spannung an. Die Szenen waren nicht</Unicode>
                </TextEquiv>
            </TextLine>
            <TextLine id="r1l22" custom="readingOrder {index:21;}">
                <Coords points="1739,1513 2832,1519 2802,1477 2665,1464 1740,1468"/>
                <Baseline points="1748,1503 1801,1505 1855,1506 1909,1507 1963,1508 2016,1509 2070,1510 2124,1511 2178,1511 2231,1512 2285,1512 2339,1512 2393,1513 2446,1513 2500,1513 2554,1514 2608,1515 2661,1516 2715,1517 2769,1518 2823,1520"/>
                <TextEquiv>
                    <Unicode>mit der sie vorbereitet, gegliedert, gespannt, gesteigert</Unicode>
                </TextEquiv>
            </TextLine>
            <TextLine id="r1l23" custom="readingOrder {index:22;}">
                <Coords points="185,1549 217,1538 314,1538 340,1555 374,1540 462,1547 487,1534 588,1542 588,1502 575,1500 318,1491 275,1504 237,1489 185,1491"/>
                <Baseline points="195,1534 220,1534 246,1534 271,1534 297,1534 323,1534 348,1534 374,1534 399,1535 425,1535 451,1535 476,1535 502,1534 527,1534 553,1533 579,1532"/>
                <TextEquiv>
                    <Unicode>den Charakter der</Unicode>
                </TextEquiv>
            </TextLine>
            <TextLine id="r1l24" custom="readingOrder {index:23;}">
                <Coords points="625,1548 1703,1561 1687,1512 626,1508"/>
                <Baseline points="635,1538 690,1539 746,1539 802,1541 857,1542 913,1543 969,1545 1025,1546 1080,1548 1136,1549 1192,1551 1248,1552 1303,1553 1359,1554 1415,1554 1471,1554 1526,1554 1582,1554 1638,1553 1694,1552"/>
                <TextEquiv>
                    <Unicode>angelegt, nicht gebaut, nicht gezielt, nicht gerichtet.</Unicode>
                </TextEquiv>
            </TextLine>
            <TextLine id="r1l25" custom="readingOrder {index:24;}">
                <Coords points="1742,1564 2714,1582 2828,1570 2829,1529 1742,1531"/>
                <Baseline points="1751,1552 1804,1552 1857,1553 1911,1554 1964,1554 2018,1555 2071,1556 2124,1557 2178,1557 2231,1558 2285,1559 2338,1560 2391,1560 2445,1561 2498,1562 2552,1562 2605,1563 2658,1563 2712,1564 2765,1564 2819,1564"/>
                <TextEquiv>
                    <Unicode>wird. Die deutsche Literatur ist reich an zyklopischen</Unicode>
                </TextEquiv>
            </TextLine>
            <TextLine id="r1l26" custom="readingOrder {index:25;}">
                <Coords points="182,1590 246,1587 279,1601 349,1581 379,1600 431,1589 474,1602 491,1585 519,1599 585,1588 585,1556 503,1537 488,1550 374,1540 327,1554 308,1541 235,1538 182,1549"/>
                <Baseline points="192,1579 217,1579 243,1580 268,1581 294,1581 320,1582 345,1582 371,1582 396,1583 422,1583 448,1583 473,1583 499,1583 524,1582 550,1582 576,1581"/>
                <TextEquiv>
                    <Unicode>Klöpfer hurtig als</Unicode>
                </TextEquiv>
            </TextLine>
            <TextLine id="r1l27" custom="readingOrder {index:26;}">
                <Coords points="628,1599 1646,1621 1717,1604 1718,1568 629,1547"/>
                <Baseline points="638,1584 691,1586 745,1588 798,1589 852,1590 905,1592 959,1593 1012,1594 1066,1596 1119,1597 1173,1598 1226,1599 1280,1599 1333,1600 1387,1601 1440,1601 1494,1601 1547,1601 1601,1601 1654,1601 1708,1601"/>
                <TextEquiv>
                    <Unicode>Weder Regisseur, noch Schauspieler wußten um den</Unicode>
                </TextEquiv>
            </TextLine>
            <TextLine id="r1l28" custom="readingOrder {index:27;}">
                <Coords points="1738,1602 2733,1630 2837,1586 1739,1569"/>
                <Baseline points="1748,1600 1804,1600 1861,1601 1918,1601 1975,1602 2031,1602 2088,1603 2145,1604 2202,1605 2259,1606 2315,1607 2372,1608 2429,1608 2486,1609 2543,1609 2599,1610 2656,1610 2713,1610 2770,1609 2827,1609"/>
                <TextEquiv>
                    <Unicode>Dramen des Gefühls. Sie ist arm an bebachten</Unicode>
                </TextEquiv>
            </TextLine>
            <TextLine id="r1l29" custom="readingOrder {index:28;}">
                <Coords points="191,1639 211,1633 236,1647 245,1637 277,1651 326,1634 397,1649 481,1635 592,1641 592,1594 564,1589 545,1602 504,1592 401,1608 317,1589 266,1600 219,1585 191,1592"/>
                <Baseline points="200,1626 225,1627 250,1627 276,1629 301,1629 327,1630 352,1630 378,1630 403,1630 429,1630 454,1630 480,1630 505,1630 531,1629 556,1629 582,1629"/>
                <TextEquiv>
                    <Unicode>n anfing, war das</Unicode>
                </TextEquiv>
            </TextLine>
            <TextLine id="r1l30" custom="readingOrder {index:29;}">
                <Coords points="628,1647 1510,1654 1553,1683 1707,1660 1708,1622 628,1606"/>
                <Baseline points="638,1637 691,1636 744,1636 797,1636 850,1636 903,1637 956,1637 1009,1638 1062,1640 1115,1641 1168,1642 1221,1643 1274,1644 1327,1646 1380,1647 1433,1648 1486,1649 1539,1650 1592,1650 1645,1650 1698,1650"/>
                <TextEquiv>
                    <Unicode>geheimen Willen der Auftritte, um ihr Tempo, um</Unicode>
                </TextEquiv>
            </TextLine>
            <TextLine id="r1l31" custom="readingOrder {index:30;}">
                <Coords points="1738,1662 2831,1660 2831,1619 2764,1615 1739,1603"/>
                <Baseline points="1748,1646 1801,1648 1855,1649 1909,1650 1962,1651 2016,1652 2070,1653 2123,1653 2177,1653 2231,1654 2285,1654 2338,1655 2392,1655 2446,1655 2499,1655 2553,1656 2607,1656 2660,1657 2714,1657 2768,1658 2822,1659"/>
                <TextEquiv>
                    <Unicode>Dramen des geistig kontrollierten Handwerks. Es</Unicode>
                </TextEquiv>
            </TextLine>
            <TextLine id="r1l32" custom="readingOrder {index:31;}">
                <Coords points="179,1698 288,1677 352,1682 372,1697 427,1677 502,1695 584,1685 584,1666 525,1637 470,1650 326,1635 279,1653 180,1627"/>
                <Baseline points="188,1674 213,1675 239,1675 265,1675 290,1676 316,1676 342,1676 368,1677 393,1677 419,1678 445,1678 471,1678 496,1679 522,1679 548,1679 574,1679"/>
                <TextEquiv>
                    <Unicode>den. Man wußte,</Unicode>
                </TextEquiv>
            </TextLine>
            <TextLine id="r1l33" custom="readingOrder {index:32;}">
                <Coords points="649,1699 677,1689 703,1693 720,1678 737,1695 847,1690 875,1707 909,1683 930,1681 930,1668 827,1641 787,1650 769,1641 712,1644 699,1656 649,1646"/>
                <Baseline points="658,1685 684,1683 710,1682 736,1681 762,1681 789,1681 815,1681 841,1682 867,1683 893,1684 920,1685"/>
                <TextEquiv>
                    <Unicode>hre Tendenz.</Unicode>
                </TextEquiv>
            </TextLine>
            <TextLine id="r1l34" custom="readingOrder {index:33;}">
                <Coords points="1737,1711 1880,1705 1900,1718 2061,1703 2162,1717 2209,1714 2210,1684 2169,1661 1968,1667 1934,1651 1895,1666 1738,1662"/>
                <Baseline points="1746,1693 1771,1695 1796,1695 1821,1696 1846,1697 1872,1697 1897,1697 1922,1697 1947,1697 1973,1697 1998,1697 2023,1697 2048,1697 2073,1697 2099,1698 2124,1698 2149,1699 2174,1700 2200,1701"/>
                <TextEquiv>
                    <Unicode>bleibt außerordentlich,</Unicode>
                </TextEquiv>
            </TextLine>
            <TextLine id="r1l35" custom="readingOrder {index:34;}">
                <Coords points="2217,1707 2453,1721 2821,1707 2821,1673 2783,1666 2218,1665"/>
                <Baseline points="2226,1701 2255,1702 2284,1703 2313,1703 2343,1704 2372,1704 2401,1704 2430,1704 2460,1704 2489,1704 2518,1704 2547,1704 2577,1704 2606,1704 2635,1704 2664,1705 2694,1705 2723,1706 2752,1707 2781,1707 2811,1708"/>
                <TextEquiv>
                    <Unicode>wie Schnitzler politische und</Unicode>
                </TextEquiv>
            </TextLine>
            <TextLine id="r1l36" custom="readingOrder {index:35;}">
                <Coords points="177,1732 310,1742 323,1731 402,1730 457,1741 586,1728 585,1687 567,1684 497,1694 426,1679 377,1696 325,1684 259,1696 226,1683 177,1698"/>
                <Baseline points="187,1722 213,1723 239,1724 265,1725 291,1725 317,1726 343,1726 369,1726 395,1726 421,1726 447,1725 473,1724 499,1723 525,1722 551,1720 577,1718"/>
                <TextEquiv>
                    <Unicode>log, kein rhythmi¬</Unicode>
                </TextEquiv>
            </TextLine>
            <TextLine id="r1l37" custom="readingOrder {index:36;}">
                <Coords points="663,1733 1656,1765 1710,1749 1711,1681 1546,1718 1237,1680 663,1692"/>
                <Baseline points="672,1730 723,1732 774,1734 826,1735 877,1736 929,1737 980,1738 1031,1739 1083,1739 1134,1740 1186,1740 1237,1741 1288,1741 1340,1741 1391,1742 1443,1742 1494,1743 1545,1744 1597,1745 1648,1746 1700,1747"/>
                <TextEquiv>
                    <Unicode>„Fräulein Julie“ läßt sich hart, gemeißelt, ruhig,</Unicode>
                </TextEquiv>
            </TextLine>
            <TextLine id="r1l38" custom="readingOrder {index:37;}">
                <Coords points="1746,1767 2817,1751 2772,1711 1747,1712"/>
                <Baseline points="1757,1744 1809,1744 1862,1744 1914,1744 1967,1745 2019,1745 2072,1746 2124,1747 2177,1747 2229,1748 2282,1749 2335,1750 2387,1750 2440,1751 2492,1752 2545,1752 2597,1753 2650,1753 2702,1754 2755,1754 2808,1754"/>
                <TextEquiv>
                    <Unicode>seelische Leidenschaften: Revolution und Liebe tech¬</Unicode>
                </TextEquiv>
            </TextLine>
            <TextLine id="r1l39" custom="readingOrder {index:38;}">
                <Coords points="186,1788 306,1776 575,1789 575,1735 418,1743 343,1729 247,1743 186,1731"/>
                <Baseline points="195,1770 221,1771 248,1771 274,1772 301,1772 327,1773 354,1773 380,1773 407,1773 433,1773 460,1772 486,1772 513,1771 539,1771 566,1770"/>
                <TextEquiv>
                    <Unicode>tte. Herr Klöpfer</Unicode>
                </TextEquiv>
            </TextLine>
            <TextLine id="r1l40" custom="readingOrder {index:39;}">
                <Coords points="629,1787 1705,1791 1705,1761 1614,1750 630,1737"/>
                <Baseline points="638,1777 690,1778 743,1779 796,1780 849,1782 902,1783 955,1784 1007,1786 1060,1787 1113,1789 1166,1790 1219,1792 1272,1793 1325,1793 1377,1794 1430,1794 1483,1794 1536,1794 1589,1793 1642,1792 1695,1790"/>
                <TextEquiv>
                    <Unicode>ohne realistische Zwischentöne, ohne sprachliche Ver¬</Unicode>
                </TextEquiv>
            </TextLine>
            <TextLine id="r1l41" custom="readingOrder {index:40;}">
                <Coords points="1737,1807 2828,1799 2828,1767 2707,1749 1738,1770"/>
                <Baseline points="1747,1790 1800,1791 1854,1793 1907,1794 1961,1795 2014,1795 2068,1796 2121,1796 2175,1796 2228,1796 2282,1796 2336,1797 2389,1797 2443,1797 2496,1797 2550,1798 2603,1798 2657,1799 2710,1800 2764,1801 2818,1803"/>
                <TextEquiv>
                    <Unicode>nisch aufsaugt, so daß sie — im Widerschein von Wirk¬</Unicode>
                </TextEquiv>
            </TextLine>
            <TextLine id="r1l42" custom="readingOrder {index:41;}">
                <Coords points="193,1825 262,1839 298,1824 345,1832 362,1819 401,1834 468,1824 541,1838 579,1825 579,1780 534,1791 392,1780 364,1795 304,1775 193,1786"/>
                <Baseline points="202,1817 228,1818 254,1818 280,1819 307,1820 333,1820 359,1821 386,1821 412,1822 438,1822 464,1822 491,1822 517,1821 543,1820 570,1819"/>
                <TextEquiv>
                    <Unicode>rutalität und seine</Unicode>
                </TextEquiv>
            </TextLine>
            <TextLine id="r1l43" custom="readingOrder {index:42;}">
                <Coords points="621,1830 1704,1851 1688,1790 959,1812 622,1780"/>
                <Baseline points="630,1825 683,1826 736,1827 789,1828 842,1829 896,1830 949,1831 1002,1833 1055,1834 1108,1835 1162,1836 1215,1837 1268,1838 1321,1839 1374,1840 1428,1841 1481,1841 1534,1841 1587,1841 1640,1841 1694,1841"/>
                <TextEquiv>
                    <Unicode>wischung geben. Jeder Zufall der Wirklichkeit muß</Unicode>
                </TextEquiv>
            </TextLine>
            <TextLine id="r1l44" custom="readingOrder {index:43;}">
                <Coords points="1739,1850 2824,1864 2824,1821 2770,1807 1739,1807"/>
                <Baseline points="1748,1839 1801,1840 1854,1840 1907,1841 1961,1841 2014,1842 2067,1842 2121,1843 2174,1843 2227,1844 2281,1844 2334,1844 2387,1845 2440,1845 2494,1846 2547,1846 2600,1847 2654,1848 2707,1848 2760,1849 2814,1849"/>
                <TextEquiv>
                    <Unicode>lichkeit und Spiel — nur szenische Lichtquellen sind.</Unicode>
                </TextEquiv>
            </TextLine>
            <TextLine id="r1l45" custom="readingOrder {index:44;}">
                <Coords points="192,1874 421,1874 458,1889 500,1874 582,1882 582,1828 571,1826 539,1841 458,1826 348,1837 290,1825 262,1839 192,1823"/>
                <Baseline points="201,1868 227,1867 254,1867 280,1867 307,1868 333,1868 360,1868 386,1869 413,1869 439,1869 466,1869 492,1869 519,1868 545,1867 572,1865"/>
                <TextEquiv>
                    <Unicode>eine Eitelkeit, seine</Unicode>
                </TextEquiv>
            </TextLine>
            <TextLine id="r1l46" custom="readingOrder {index:45;}">
                <Coords points="624,1880 1698,1891 1698,1854 1582,1846 625,1841"/>
                <Baseline points="633,1872 685,1872 738,1873 791,1873 844,1874 896,1876 949,1877 1002,1879 1055,1881 1107,1882 1160,1884 1213,1885 1266,1887 1318,1888 1371,1888 1424,1889 1477,1889 1529,1889 1582,1888 1635,1887 1688,1885"/>
                <TextEquiv>
                    <Unicode>entfernt und das Stück auf einem neutralen Schau¬</Unicode>
                </TextEquiv>
            </TextLine>
            <TextLine id="r1l47" custom="readingOrder {index:46;}">
                <Coords points="1739,1898 2817,1902 2817,1861 2650,1851 1740,1853"/>
                <Baseline points="1749,1883 1801,1884 1854,1885 1907,1886 1960,1887 2013,1888 2066,1889 2119,1890 2172,1890 2225,1891 2278,1892 2330,1892 2383,1893 2436,1893 2489,1894 2542,1894 2595,1895 2648,1895 2701,1896 2754,1897 2807,1897"/>
                <TextEquiv>
                    <Unicode>Weil Schnitzler die menschliche Belastung abstößt, kann</Unicode>
                </TextEquiv>
            </TextLine>
            <TextLine id="r1l48" custom="readingOrder {index:47;}">
                <Coords points="189,1922 446,1929 463,1918 527,1939 587,1913 587,1887 551,1877 499,1875 459,1891 422,1874 392,1887 373,1876 353,1891 325,1876 190,1873"/>
                <Baseline points="199,1914 224,1914 249,1914 274,1914 299,1914 325,1915 350,1915 375,1915 400,1916 425,1916 451,1916 476,1917 501,1916 526,1916 551,1915 577,1914"/>
                <TextEquiv>
                    <Unicode>Aber er hatte nicht</Unicode>
                </TextEquiv>
            </TextLine>
            <TextLine id="r1l49" custom="readingOrder {index:48;}">
                <Coords points="623,1938 1710,1944 1677,1899 1583,1893 624,1897"/>
                <Baseline points="633,1922 686,1921 739,1921 793,1922 846,1922 899,1923 953,1924 1006,1925 1059,1926 1113,1928 1166,1929 1219,1930 1273,1932 1326,1933 1379,1934 1433,1935 1486,1936 1539,1936 1593,1936 1646,1936 1700,1936"/>
                <TextEquiv>
                    <Unicode>platz aus Licht und Dunkel geschaffen werden. (Zwei</Unicode>
                </TextEquiv>
            </TextLine>
            <TextLine id="r1l50" custom="readingOrder {index:49;}">
                <Coords points="1735,1925 2459,1966 2818,1947 2818,1919 2691,1897 1735,1895"/>
                <Baseline points="1744,1931 1797,1932 1850,1932 1903,1933 1956,1934 2010,1934 2063,1935 2116,1935 2169,1936 2222,1936 2276,1936 2329,1937 2382,1937 2435,1938 2488,1938 2542,1939 2595,1940 2648,1940 2701,1941 2754,1942 2808,1943"/>
                <TextEquiv>
                    <Unicode>er aufwühlende Erlebnisse als theatralische Motore</Unicode>
                </TextEquiv>
            </TextLine>
            <TextLine id="r1l51" custom="readingOrder {index:50;}">
                <Coords points="191,1965 255,1980 291,1967 390,1981 441,1970 482,1985 515,1972 585,1980 585,1914 536,1932 461,1917 433,1932 192,1920"/>
                <Baseline points="201,1961 227,1961 254,1962 281,1963 307,1963 334,1964 361,1965 388,1965 414,1965 441,1965 468,1965 494,1964 521,1963 548,1963 575,1961"/>
                <TextEquiv>
                    <Unicode>besten ist, wenn er</Unicode>
                </TextEquiv>
            </TextLine>
            <TextLine id="r1l52" custom="readingOrder {index:51;}">
                <Coords points="616,1975 1707,1991 1689,1940 617,1942"/>
                <Baseline points="625,1970 678,1969 732,1969 785,1969 839,1969 893,1970 946,1972 1000,1973 1053,1974 1107,1976 1161,1977 1214,1979 1268,1981 1321,1982 1375,1983 1429,1984 1482,1984 1536,1984 1589,1984 1643,1983 1697,1981"/>
                <TextEquiv>
                    <Unicode>Sätze des Vorworts, mit denen Strindberg die Not¬</Unicode>
                </TextEquiv>
            </TextLine>
            <TextLine id="r1l53" custom="readingOrder {index:52;}">
                <Coords points="1745,2000 2815,2002 2791,1951 1745,1946"/>
                <Baseline points="1754,1981 1806,1981 1859,1982 1911,1983 1964,1983 2016,1983 2069,1984 2121,1984 2174,1985 2226,1985 2279,1986 2332,1986 2384,1987 2437,1987 2489,1988 2542,1988 2594,1989 2647,1990 2699,1991 2752,1991 2805,1992"/>
                <TextEquiv>
                    <Unicode>geben, ohne den Takt zu verletzen. (Nur daß heute</Unicode>
                </TextEquiv>
            </TextLine>
            <TextLine id="r1l54" custom="readingOrder {index:53;}">
                <Coords points="178,2029 294,2016 318,2027 476,2019 498,2030 585,2015 584,1978 560,1972 483,1985 371,1972 352,1982 337,1971 298,1984 273,1971 249,1986 178,1961"/>
                <Baseline points="188,2013 213,2011 239,2010 265,2010 291,2010 317,2011 342,2012 368,2012 394,2013 420,2014 446,2014 471,2013 497,2012 523,2011 549,2008 575,2005"/>
                <TextEquiv>
                    <Unicode>lt, zerfloß und zer¬</Unicode>
                </TextEquiv>
            </TextLine>
            <TextLine id="r1l55" custom="readingOrder {index:54;}">
                <Coords points="616,2021 1698,2035 1698,2000 1578,1988 617,1984"/>
                <Baseline points="625,2016 678,2016 731,2017 784,2018 837,2019 890,2020 943,2021 997,2022 1050,2023 1103,2024 1156,2025 1209,2026 1262,2027 1315,2028 1369,2029 1422,2030 1475,2031 1528,2031 1581,2031 1634,2031 1688,2031"/>
                <TextEquiv>
                    <Unicode>wendigkeit des impressionistischen Darstellungsstils für</Unicode>
                </TextEquiv>
            </TextLine>
            <TextLine id="r1l56" custom="readingOrder {index:55;}">
                <Coords points="1741,2038 2819,2048 2797,1999 2673,1990 1742,1995"/>
                <Baseline points="1750,2026 1803,2027 1856,2028 1909,2029 1962,2030 2015,2030 2068,2031 2121,2031 2174,2032 2227,2032 2280,2033 2333,2033 2386,2034 2439,2035 2492,2035 2545,2036 2598,2037 2651,2038 2704,2039 2757,2040 2810,2041"/>
                <TextEquiv>
                    <Unicode>einige Billigkeiten und Überpointierungen auffallen.)</Unicode>
                </TextEquiv>
            </TextLine>
            <TextLine id="r1l57" custom="readingOrder {index:56;}">
                <Coords points="181,2070 274,2064 284,2074 316,2061 342,2074 363,2061 514,2077 580,2066 580,2019 552,2015 514,2032 453,2018 361,2029 204,2017 181,2028"/>
                <Baseline points="190,2060 215,2058 240,2057 266,2057 291,2057 317,2058 342,2058 367,2060 393,2060 418,2061 444,2061 469,2061 494,2061 520,2059 545,2058 571,2055"/>
                <TextEquiv>
                    <Unicode>geführt, die banale</Unicode>
                </TextEquiv>
            </TextLine>
            <TextLine id="r1l58" custom="readingOrder {index:57;}">
                <Coords points="622,2082 1600,2103 1707,2073 1569,2039 622,2035"/>
                <Baseline points="632,2067 685,2066 738,2066 791,2066 845,2067 898,2067 951,2068 1004,2070 1058,2071 1111,2072 1164,2073 1217,2075 1271,2075 1324,2077 1377,2078 1430,2078 1484,2079 1537,2079 1590,2079 1643,2078 1697,2077"/>
                <TextEquiv>
                    <Unicode>„Fräulein Julie“ beweisen will, beweisen das Gegen¬</Unicode>
                </TextEquiv>
            </TextLine>
            <TextLine id="r1l59" custom="readingOrder {index:58;}">
                <Coords points="1781,2083 2817,2108 2818,2048 1781,2040"/>
                <Baseline points="1790,2075 1840,2076 1891,2077 1942,2078 1993,2079 2044,2080 2095,2080 2145,2081 2196,2081 2247,2082 2298,2082 2349,2082 2400,2083 2451,2083 2501,2084 2552,2085 2603,2085 2654,2087 2705,2088 2756,2090 2807,2092"/>
                <TextEquiv>
                    <Unicode>Dieser schwingende, elastische Einakter verlangt</Unicode>
                </TextEquiv>
            </TextLine>
            <TextLine id="r1l60" custom="readingOrder {index:59;}">
                <Coords points="192,2120 227,2134 254,2113 286,2112 310,2125 372,2113 400,2128 456,2114 572,2127 583,2125 584,2073 192,2069"/>
                <Baseline points="201,2106 227,2105 254,2105 281,2104 307,2105 334,2105 361,2106 388,2107 414,2108 441,2109 468,2109 494,2109 521,2109 548,2108 575,2106"/>
                <TextEquiv>
                    <Unicode>icht die dämonische</Unicode>
                </TextEquiv>
            </TextLine>
            <TextLine id="r1l61" custom="readingOrder {index:60;}">
                <Coords points="613,2121 1653,2148 1694,2141 1695,2095 614,2075"/>
                <Baseline points="623,2113 676,2113 729,2113 782,2114 835,2114 888,2115 941,2116 994,2117 1047,2118 1100,2119 1154,2121 1207,2122 1260,2123 1313,2124 1366,2125 1419,2126 1472,2127 1525,2128 1578,2129 1631,2129 1685,2129"/>
                <TextEquiv>
                    <Unicode>teil. Strindberg verlangt eine Dekoration, die sich</Unicode>
                </TextEquiv>
            </TextLine>
            <TextLine id="r1l62" custom="readingOrder {index:61;}">
                <Coords points="1726,2124 2818,2138 2790,2096 1726,2076"/>
                <Baseline points="1736,2125 1789,2126 1843,2126 1896,2127 1950,2127 2004,2128 2057,2128 2111,2128 2165,2129 2218,2129 2272,2129 2326,2129 2379,2130 2433,2130 2487,2131 2540,2132 2594,2133 2648,2134 2701,2135 2755,2138 2809,2140"/>
                <TextEquiv>
                    <Unicode>Übersicht, Klarheit und Disposition. Er verlangt die</Unicode>
                </TextEquiv>
            </TextLine>
            <TextLine id="r1l63" custom="readingOrder {index:62;}">
                <Coords points="188,2168 261,2155 293,2165 312,2152 364,2171 378,2161 576,2167 576,2124 561,2119 486,2126 456,2115 423,2126 357,2112 310,2126 254,2112 228,2133 188,2121"/>
                <Baseline points="197,2154 223,2153 249,2153 276,2153 302,2153 329,2153 355,2154 382,2154 408,2155 434,2155 461,2155 487,2155 514,2154 540,2153 567,2151"/>
                <TextEquiv>
                    <Unicode>n der ersten Sene</Unicode>
                </TextEquiv>
            </TextLine>
            <TextLine id="r1l64" custom="readingOrder {index:63;}">
                <Coords points="617,2176 1700,2183 1700,2142 1599,2131 617,2124"/>
                <Baseline points="626,2160 679,2160 732,2160 785,2161 838,2162 892,2162 945,2164 998,2165 1051,2166 1104,2167 1158,2169 1211,2170 1264,2171 1317,2172 1370,2173 1424,2174 1477,2174 1530,2174 1583,2174 1636,2173 1690,2172"/>
                <TextEquiv>
                    <Unicode>seitwärts ohne Türen und Fenster im Raum verliert</Unicode>
                </TextEquiv>
            </TextLine>
            <TextLine id="r1l65" custom="readingOrder {index:64;}">
                <Coords points="1727,2182 2727,2202 2825,2182 2826,2136 1727,2146"/>
                <Baseline points="1736,2173 1790,2173 1844,2174 1898,2174 1952,2175 2006,2175 2060,2176 2114,2176 2168,2177 2222,2178 2276,2179 2330,2179 2384,2180 2438,2181 2492,2182 2546,2182 2600,2183 2654,2184 2708,2184 2762,2185 2816,2185"/>
                <TextEquiv>
                    <Unicode>Gliederung, die dem Schauspieler die Einsätze erleichtert.</Unicode>
                </TextEquiv>
            </TextLine>
            <TextLine id="r1l66" custom="readingOrder {index:65;}">
                <Coords points="207,2215 318,2205 414,2220 432,2209 573,2209 573,2166 357,2170 309,2153 290,2166 207,2166"/>
                <Baseline points="216,2203 242,2202 269,2203 296,2203 323,2203 349,2203 376,2204 403,2204 430,2204 456,2204 483,2203 510,2203 537,2202 564,2201"/>
                <TextEquiv>
                    <Unicode>„Die Dienstboten“</Unicode>
                </TextEquiv>
            </TextLine>
            <TextLine id="r1l67" custom="readingOrder {index:66;}">
                <Coords points="619,2212 1698,2237 1699,2190 1654,2182 620,2181"/>
                <Baseline points="628,2208 681,2209 734,2209 787,2210 840,2211 893,2212 946,2213 999,2213 1052,2214 1105,2216 1159,2217 1212,2217 1265,2218 1318,2219 1371,2220 1424,2220 1477,2221 1530,2221 1583,2221 1636,2221 1690,2220"/>
                <TextEquiv>
                    <Unicode>und nimmt expressionistische Experimente vorweg. Er</Unicode>
                </TextEquiv>
            </TextLine>
            <TextLine id="r1l68" custom="readingOrder {index:67;}">
                <Coords points="1732,2229 2785,2243 2814,2199 1733,2186"/>
                <Baseline points="1742,2221 1795,2221 1848,2222 1901,2222 1954,2222 2007,2223 2060,2224 2114,2225 2167,2226 2220,2227 2273,2228 2326,2229 2379,2229 2432,2231 2486,2231 2539,2232 2592,2233 2645,2234 2698,2234 2751,2234 2805,2234"/>
                <TextEquiv>
                    <Unicode>Im Lessing=Theater gab es Löcher und Risse, weil die</Unicode>
                </TextEquiv>
            </TextLine>
            <TextLine id="r1l69" custom="readingOrder {index:68;}">
                <Coords points="207,2276 269,2255 299,2274 321,2262 338,2277 421,2271 454,2283 511,2264 527,2274 562,2254 586,2260 587,2213 352,2216 313,2205 208,2214"/>
                <Baseline points="217,2244 242,2246 268,2247 293,2248 319,2249 345,2250 370,2250 396,2251 422,2251 447,2251 473,2252 499,2252 524,2252 550,2253 576,2254"/>
                <TextEquiv>
                    <Unicode>die Akteure nicht</Unicode>
                </TextEquiv>
            </TextLine>
            <TextLine id="r1l70" custom="readingOrder {index:69;}">
                <Coords points="602,2257 1704,2271 1704,2237 1630,2225 603,2227"/>
                <Baseline points="611,2256 665,2256 719,2256 773,2257 827,2258 881,2259 935,2260 990,2262 1044,2263 1098,2265 1152,2266 1206,2267 1260,2268 1314,2269 1369,2270 1423,2270 1477,2271 1531,2271 1585,2270 1639,2269 1694,2268"/>
                <TextEquiv>
                    <Unicode>lehnt das verwirrende Rampenlicht ab und fordert die</Unicode>
                </TextEquiv>
            </TextLine>
            <TextLine id="r1l71" custom="readingOrder {index:70;}">
                <Coords points="1723,2272 2787,2295 2814,2235 1724,2221"/>
                <Baseline points="1732,2270 1785,2270 1839,2270 1892,2270 1946,2270 2000,2271 2053,2272 2107,2273 2160,2274 2214,2275 2268,2276 2321,2278 2375,2279 2428,2280 2482,2280 2536,2281 2589,2282 2643,2282 2696,2282 2750,2281 2804,2281"/>
                <TextEquiv>
                    <Unicode>Darsteller nichts hatten, woran sie sich halten konnten,</Unicode>
                </TextEquiv>
            </TextLine>
            <TextLine id="r1l72" custom="readingOrder {index:71;}">
                <Coords points="616,2318 1692,2324 1670,2280 617,2257"/>
                <Baseline points="626,2302 678,2303 731,2305 784,2306 837,2308 890,2309 943,2311 995,2312 1048,2314 1101,2315 1154,2316 1207,2318 1260,2318 1313,2319 1365,2319 1418,2319 1471,2319 1524,2319 1577,2318 1630,2316 1683,2314"/>
                <TextEquiv>
                    <Unicode>kongentrierende, also die Realität aufhebende Reflek¬</Unicode>
                </TextEquiv>
            </TextLine>
            <TextLine id="r1l73" custom="readingOrder {index:72;}">
                <Coords points="1734,2332 2810,2330 2766,2284 1735,2278"/>
                <Baseline points="1744,2318 1796,2319 1849,2319 1902,2319 1955,2320 2008,2321 2060,2321 2113,2322 2166,2322 2219,2323 2272,2323 2324,2324 2377,2325 2430,2325 2483,2326 2536,2327 2588,2327 2641,2328 2694,2329 2747,2330 2800,2330"/>
                <TextEquiv>
                    <Unicode>mit ihrem Gehör nach dem Stichwort tasteten und</Unicode>
                </TextEquiv>
            </TextLine>
            <TextLine id="r1l74" custom="readingOrder {index:73;}">
                <Coords points="186,2349 336,2361 405,2351 469,2365 495,2353 548,2357 582,2341 583,2296 545,2288 466,2320 447,2305 395,2312 332,2280 251,2305 187,2293"/>
                <Baseline points="196,2341 221,2342 246,2343 271,2344 296,2345 321,2346 346,2347 371,2348 396,2348 421,2349 446,2349 471,2349 496,2348 521,2348 546,2347 572,2345"/>
                <TextEquiv>
                    <Unicode>ens Momente, die</Unicode>
                </TextEquiv>
            </TextLine>
            <TextLine id="r1l75" custom="readingOrder {index:74;}">
                <Coords points="617,2357 1649,2382 1690,2372 1691,2327 617,2318"/>
                <Baseline points="626,2350 678,2352 731,2353 784,2355 837,2356 889,2358 942,2359 995,2360 1048,2362 1100,2363 1153,2364 1206,2365 1259,2365 1311,2366 1364,2366 1417,2367 1470,2367 1522,2366 1575,2366 1628,2365 1681,2364"/>
                <TextEquiv>
                    <Unicode>torenbeleuchtung.) Wenn der Einakter als konzentrier¬</Unicode>
                </TextEquiv>
            </TextLine>
            <TextLine id="r1l76" custom="readingOrder {index:75;}">
                <Coords points="1734,2386 2815,2374 2815,2344 2716,2332 1734,2334"/>
                <Baseline points="1744,2367 1797,2368 1850,2369 1903,2370 1956,2371 2009,2371 2062,2372 2115,2372 2168,2372 2221,2373 2275,2373 2328,2374 2381,2374 2434,2374 2487,2375 2540,2375 2593,2376 2646,2377 2699,2378 2752,2379 2806,2380"/>
                <TextEquiv>
                    <Unicode>glücklich waren, wenn sie es im Lärm erwischten.</Unicode>
                </TextEquiv>
            </TextLine>
            <TextLine id="r1l77" custom="readingOrder {index:76;}">
                <Coords points="200,2406 432,2401 481,2411 579,2396 579,2366 549,2358 530,2369 375,2350 347,2363 326,2353 200,2356"/>
                <Baseline points="210,2393 235,2393 261,2394 287,2394 312,2395 338,2396 364,2396 390,2397 415,2397 441,2398 467,2398 492,2398 518,2397 544,2396 570,2394"/>
                <TextEquiv>
                    <Unicode>hatte nicht einmal</Unicode>
                </TextEquiv>
            </TextLine>
            <TextLine id="r1l78" custom="readingOrder {index:77;}">
                <Coords points="614,2405 1646,2434 1702,2420 1703,2384 614,2358"/>
                <Baseline points="624,2397 677,2399 730,2400 784,2401 837,2402 891,2404 944,2405 997,2406 1051,2407 1104,2408 1158,2409 1211,2410 1264,2411 1318,2411 1371,2412 1425,2413 1478,2413 1531,2414 1585,2414 1638,2415 1692,2415"/>
                <TextEquiv>
                    <Unicode>ter Einakter gegeben wird, wird, was bei Strindberg</Unicode>
                </TextEquiv>
            </TextLine>
            <TextLine id="r1l79" custom="readingOrder {index:78;}">
                <Coords points="1731,2415 2357,2443 2818,2419 2786,2387 2371,2370 1732,2385"/>
                <Baseline points="1740,2415 1793,2415 1846,2416 1900,2417 1953,2417 2007,2418 2060,2418 2114,2418 2167,2419 2221,2419 2274,2419 2327,2420 2381,2420 2434,2420 2488,2421 2541,2422 2595,2422 2648,2423 2702,2424 2755,2426 2809,2427"/>
                <TextEquiv>
                    <Unicode>Immerhin setzte sich Herr Klöpfer mit dem sanften</Unicode>
                </TextEquiv>
            </TextLine>
            <TextLine id="r1l80" custom="readingOrder {index:79;}">
                <Coords points="211,2447 267,2450 307,2437 327,2457 373,2446 406,2465 446,2447 464,2461 515,2452 541,2467 571,2459 572,2417 516,2401 480,2412 469,2403 212,2404"/>
                <Baseline points="220,2435 246,2438 272,2440 298,2441 325,2443 351,2444 377,2444 404,2444 430,2444 456,2444 483,2444 509,2443 535,2443 562,2443"/>
                <TextEquiv>
                    <Unicode>der sie spürbar</Unicode>
                </TextEquiv>
            </TextLine>
            <TextLine id="r1l81" custom="readingOrder {index:80;}">
                <Coords points="607,2448 1705,2460 1705,2420 608,2400"/>
                <Baseline points="616,2444 670,2446 724,2449 778,2450 832,2452 886,2453 940,2454 994,2455 1048,2455 1102,2456 1156,2456 1210,2456 1264,2457 1318,2457 1372,2458 1426,2458 1480,2459 1534,2460 1588,2461 1642,2462 1696,2464"/>
                <TextEquiv>
                    <Unicode>Experiment ist, in die Unerbittlichkeit der Gestaltung</Unicode>
                </TextEquiv>
            </TextLine>
            <TextLine id="r1l82" custom="readingOrder {index:81;}">
                <Coords points="1730,2491 2026,2463 2821,2482 2821,2444 2653,2427 2349,2449 1731,2419"/>
                <Baseline points="1740,2460 1793,2462 1847,2464 1900,2465 1954,2467 2008,2468 2061,2469 2115,2470 2168,2471 2222,2472 2276,2472 2329,2473 2383,2474 2436,2474 2490,2475 2544,2475 2597,2475 2651,2476 2704,2476 2758,2476 2812,2477"/>
                <TextEquiv>
                    <Unicode>Tantenmörder Grain durch. Und Frau Durieux</Unicode>
                </TextEquiv>
            </TextLine>
            <TextLine id="r1l83" custom="readingOrder {index:82;}">
                <Coords points="192,2495 231,2499 265,2483 347,2505 405,2486 485,2512 570,2486 571,2460 462,2459 444,2446 410,2460 350,2447 327,2458 311,2443 271,2465 260,2453 193,2446"/>
                <Baseline points="202,2486 227,2487 253,2487 278,2488 304,2489 329,2489 355,2490 381,2491 406,2491 432,2492 457,2492 483,2493 508,2493 534,2493 560,2492"/>
                <TextEquiv>
                    <Unicode>us dieser Schau¬</Unicode>
                </TextEquiv>
            </TextLine>
            <TextLine id="r1l84" custom="readingOrder {index:83;}">
                <Coords points="608,2501 1672,2527 1697,2482 608,2462"/>
                <Baseline points="618,2494 671,2496 725,2498 778,2500 832,2501 885,2503 939,2504 992,2505 1046,2506 1099,2506 1153,2507 1206,2507 1260,2507 1313,2507 1367,2508 1420,2508 1474,2508 1527,2508 1581,2508 1634,2509 1688,2509"/>
                <TextEquiv>
                    <Unicode>hineingerissen. Und Requisit und Ort werden dus, was</Unicode>
                </TextEquiv>
            </TextLine>
            <TextLine id="r1l85" custom="readingOrder {index:84;}">
                <Coords points="1731,2529 2822,2524 2822,2481 2762,2477 1732,2473"/>
                <Baseline points="1740,2514 1793,2514 1847,2515 1900,2515 1954,2516 2008,2516 2061,2517 2115,2517 2168,2518 2222,2519 2276,2519 2329,2520 2383,2520 2436,2520 2490,2521 2544,2521 2597,2521 2651,2521 2704,2521 2758,2521 2812,2520"/>
                <TextEquiv>
                    <Unicode>parodierte zwar die Marquise, aber diese Parodie</Unicode>
                </TextEquiv>
            </TextLine>
            <TextLine id="r1l86" custom="readingOrder {index:85;}">
                <Coords points="191,2562 1169,2553 1693,2603 1709,2545 192,2494"/>
                <Baseline points="201,2541 275,2542 350,2544 425,2545 500,2547 575,2548 650,2549 725,2551 800,2552 875,2553 950,2554 1024,2556 1099,2557 1174,2558 1249,2560 1324,2561 1399,2563 1474,2564 1549,2566 1624,2568 1699,2570"/>
                <TextEquiv>
                    <Unicode>zu Durieux oft be¬ sie im Grunde schon sind: Verankerung der Vision,</Unicode>
                </TextEquiv>
            </TextLine>
            <TextLine id="r1l87" custom="readingOrder {index:86;}">
                <Coords points="1731,2595 1868,2597 1903,2575 1926,2573 1946,2585 1982,2572 2001,2578 2016,2574 2016,2527 1973,2532 1952,2519 1945,2527 1891,2523 1874,2532 1862,2524 1834,2534 1806,2520 1786,2535 1731,2529"/>
                <Baseline points="1740,2562 1766,2563 1793,2563 1820,2564 1846,2564 1873,2564 1900,2564 1926,2564 1953,2564 1980,2564 2007,2564"/>
                <TextEquiv>
                    <Unicode>war gekonnt.</Unicode>
                </TextEquiv>
            </TextLine>
            <TextLine id="r1l88" custom="readingOrder {index:87;}">
                <Coords points="1891,2630 1902,2629 1906,2633 1915,2627 1927,2634 1934,2629 1943,2633 1949,2628 1957,2634 1962,2631 1979,2632 1976,2576 1966,2577 1954,2585 1948,2585 1936,2577 1929,2583 1921,2579 1910,2582 1888,2580"/>
                <Baseline points="1900,2616 1934,2612 1968,2612"/>
                <TextEquiv>
                    <Unicode>öb</Unicode>
                </TextEquiv>
            </TextLine>
            <TextLine id="r1l89" custom="readingOrder {index:88;}">
                <Coords points="1941,2682 2990,2715 2974,2664 1943,2630"/>
                <Baseline points="1951,2676 2002,2679 2054,2682 2105,2683 2157,2686 2208,2688 2260,2689 2311,2691 2363,2692 2414,2694 2466,2695 2517,2697 2569,2698 2620,2699 2672,2701 2723,2703 2775,2705 2826,2707 2878,2709 2929,2712 2981,2715"/>
                <TextEquiv>
                    <Unicode>Es ist schwer, gerade heute gegen Barnowsky zu</Unicode>
                </TextEquiv>
            </TextLine>
            <TextLine id="r1l90" custom="readingOrder {index:89;}">
                <Coords points="1890,2729 2986,2758 2948,2719 2832,2710 1891,2693"/>
                <Baseline points="1900,2728 1953,2729 2007,2729 2061,2731 2115,2732 2169,2734 2223,2736 2276,2738 2330,2739 2384,2742 2438,2744 2492,2745 2546,2747 2600,2749 2653,2751 2707,2753 2761,2755 2815,2756 2869,2757 2923,2758 2977,2759"/>
                <TextEquiv>
                    <Unicode>schreiben, wo über dem Lessing=Theater sich drohend</Unicode>
                </TextEquiv>
            </TextLine>
            <TextLine id="r1l91" custom="readingOrder {index:90;}">
                <Coords points="1900,2778 2832,2820 2987,2783 1901,2740"/>
                <Baseline points="1909,2777 1962,2779 2015,2780 2069,2782 2122,2783 2176,2785 2229,2787 2282,2788 2336,2790 2389,2792 2443,2794 2496,2796 2549,2797 2603,2799 2656,2800 2710,2802 2763,2803 2816,2804 2870,2805 2923,2806 2977,2806"/>
                <TextEquiv>
                    <Unicode>der Geist der Trianon= und Residenz=Bühne er¬</Unicode>
                </TextEquiv>
            </TextLine>
            <TextLine id="r1l92" custom="readingOrder {index:91;}">
                <Coords points="1891,2823 2985,2864 2953,2809 1892,2791"/>
                <Baseline points="1900,2824 1953,2825 2007,2827 2061,2828 2115,2830 2168,2831 2222,2833 2276,2834 2330,2836 2383,2837 2437,2839 2491,2841 2545,2843 2598,2844 2652,2846 2706,2848 2760,2849 2813,2852 2867,2853 2921,2855 2975,2856"/>
                <TextEquiv>
                    <Unicode>hebt. Aber je heftiger man die Gebrüder</Unicode>
                </TextEquiv>
            </TextLine>
            <TextLine id="r1l93" custom="readingOrder {index:92;}">
                <Coords points="1894,2881 2956,2922 2989,2884 2623,2843 1896,2836"/>
                <Baseline points="1904,2873 1957,2874 2011,2875 2065,2876 2118,2877 2172,2879 2226,2880 2279,2881 2333,2883 2387,2885 2441,2886 2494,2888 2548,2890 2602,2892 2655,2893 2709,2895 2763,2897 2816,2899 2870,2900 2924,2902 2978,2903"/>
                <TextEquiv>
                    <Unicode>Rotter ablehnt, je schroffer man das Theater Otto</Unicode>
                </TextEquiv>
            </TextLine>
            <TextLine id="r1l94" custom="readingOrder {index:93;}">
                <Coords points="1885,2920 2985,2953 2974,2919 2615,2893 1886,2888"/>
                <Baseline points="1895,2921 1949,2922 2003,2923 2057,2924 2111,2926 2165,2927 2219,2928 2273,2930 2327,2931 2381,2933 2435,2935 2489,2937 2543,2938 2597,2940 2651,2942 2705,2944 2759,2945 2813,2948 2867,2949 2921,2951 2975,2953"/>
                <TextEquiv>
                    <Unicode>Brahms der Praxis theatralischer Kommis entziehen</Unicode>
                </TextEquiv>
            </TextLine>
            <TextLine id="r1l95" custom="readingOrder {index:94;}">
                <Coords points="1892,2965 2976,3020 2953,2961 1893,2937"/>
                <Baseline points="1901,2968 1954,2969 2007,2971 2060,2973 2114,2974 2167,2975 2220,2977 2274,2978 2327,2979 2380,2980 2434,2981 2487,2983 2540,2984 2593,2985 2647,2987 2700,2989 2753,2991 2807,2994 2860,2997 2913,3000 2967,3003"/>
                <TextEquiv>
                    <Unicode>will, desto rücksichtsloser muß man Barnowsky auf</Unicode>
                </TextEquiv>
            </TextLine>
            <TextLine id="r1l96" custom="readingOrder {index:95;}">
                <Coords points="1888,3022 2975,3056 2976,3016 2725,2995 1890,2985"/>
                <Baseline points="1897,3017 1950,3017 2003,3018 2057,3019 2110,3020 2164,3021 2217,3022 2270,3024 2324,3026 2377,3027 2431,3029 2484,3031 2537,3033 2591,3035 2644,3037 2698,3039 2751,3041 2804,3044 2858,3046 2911,3048 2965,3050"/>
                <TextEquiv>
                    <Unicode>seine eigene Begabung zurückweisen und ihm, vor</Unicode>
                </TextEquiv>
            </TextLine>
            <TextLine id="r1l97" custom="readingOrder {index:96;}">
                <Coords points="1884,3069 2972,3107 2973,3066 2893,3056 1886,3022"/>
                <Baseline points="1894,3063 1947,3065 2000,3066 2054,3067 2107,3069 2161,3070 2214,3071 2268,3072 2321,3074 2375,3075 2428,3077 2481,3078 2535,3080 2588,3082 2642,3083 2695,3085 2749,3087 2802,3089 2856,3092 2909,3094 2963,3097"/>
                <TextEquiv>
                    <Unicode>allem für Strindberg, zu dem er Beziehungen des</Unicode>
                </TextEquiv>
            </TextLine>
            <TextLine id="r1l98" custom="readingOrder {index:97;}">
                <Coords points="1887,3116 2971,3166 2973,3119 2909,3104 1889,3073"/>
                <Baseline points="1897,3110 1950,3111 2003,3113 2056,3114 2110,3116 2163,3118 2216,3119 2270,3121 2323,3122 2376,3124 2430,3125 2483,3127 2536,3129 2589,3131 2643,3132 2696,3134 2749,3136 2803,3139 2856,3141 2909,3143 2963,3146"/>
                <TextEquiv>
                    <Unicode>Ehrgeizes, aber nicht der Begabung unterhält, das</Unicode>
                </TextEquiv>
            </TextLine>
            <TextLine id="r1l99" custom="readingOrder {index:98;}">
                <Coords points="1880,3167 2839,3208 2990,3180 2607,3136 1881,3133"/>
                <Baseline points="1889,3157 1943,3159 1998,3160 2052,3162 2107,3164 2161,3167 2216,3168 2270,3170 2325,3172 2379,3174 2434,3176 2488,3178 2543,3180 2597,3182 2652,3184 2706,3185 2761,3187 2815,3189 2870,3191 2924,3193 2979,3195"/>
                <TextEquiv>
                    <Unicode>Engagement eines härtenden, ätzenden, konzentrieren¬</Unicode>
                </TextEquiv>
            </TextLine>
            <TextLine id="r1l100" custom="readingOrder {index:99;}">
                <Coords points="1872,3210 1979,3233 2022,3220 2089,3246 2127,3222 2158,3235 2228,3221 2340,3231 2341,3189 2268,3173 2234,3184 2086,3165 2062,3178 1873,3171"/>
                <Baseline points="1882,3205 1907,3208 1932,3210 1957,3211 1982,3213 2007,3214 2032,3214 2057,3215 2082,3215 2107,3215 2132,3215 2157,3214 2182,3214 2207,3214 2232,3215 2257,3215 2282,3215 2307,3216 2332,3217"/>
                <TextEquiv>
                    <Unicode>den Regisseurs raten.</Unicode>
                </TextEquiv>
            </TextLine>
            <TextLine id="r1l101" custom="readingOrder {index:100;}">
                <Coords points="2664,3248 2690,3240 2705,3251 2756,3240 2870,3252 2915,3244 2944,3272 2970,3275 2974,3202 2949,3209 2861,3199 2840,3209 2826,3197 2754,3201 2723,3191 2666,3205"/>
                <Baseline points="2674,3231 2700,3232 2726,3233 2752,3235 2778,3236 2804,3238 2831,3240 2857,3241 2883,3243 2909,3243 2935,3244 2962,3243"/>
                <TextEquiv>
                    <Unicode>Herpert Jhering.</Unicode>
                </TextEquiv>
            </TextLine>
            <TextLine id="r1l102" custom="readingOrder {index:101;}">
                <Coords points="2375,3286 2390,3284 2407,3293 2422,3289 2437,3293 2442,3287 2461,3283 2487,3288 2487,3238 2477,3238 2468,3231 2460,3234 2453,3227 2442,3225 2429,3237 2419,3235 2410,3225 2399,3235 2374,3231"/>
                <Baseline points="2384,3282 2415,3281 2446,3282 2478,3280"/>
                <TextEquiv>
                    <Unicode>69</Unicode>
                </TextEquiv>
            </TextLine>
            <TextEquiv>
                <Unicode>box 15/3
uene Kakadu
Der
9.3  e
eauseinander. Er
wundert. Aber der fliehende, schleppende Gang auf
Niemals hat Barnowsky für Dramen, die Konse¬
um Spielnuancen
den Ballen, mit nach außen gedrückten Knieen sagt
quenz verlangen, Schärfe und Geduld gehabt. Schnitz¬
m ihre letzten An¬
nichts mehr. Der Ton, dünn, flach, unintensiv, ist
lers „Grüner Kakadu“ hätte ihm gelegen, wenn
fälle, statt Grund¬
Manier. Tilla Durieux' Konversation barst nicht von zu¬
dessen Beweglichkeit nur Unruhe wäre. Die Leben¬
ung.
rückgedrängten Energien. Ihr Händespreizen deutete
digkeit aber führt sich auf die Meisterschaft zurück,
it des zuerst auf¬
keine innere Spannung an. Die Szenen waren nicht
mit der sie vorbereitet, gegliedert, gespannt, gesteigert
den Charakter der
angelegt, nicht gebaut, nicht gezielt, nicht gerichtet.
wird. Die deutsche Literatur ist reich an zyklopischen
Klöpfer hurtig als
Weder Regisseur, noch Schauspieler wußten um den
Dramen des Gefühls. Sie ist arm an bebachten
n anfing, war das
geheimen Willen der Auftritte, um ihr Tempo, um
Dramen des geistig kontrollierten Handwerks. Es
den. Man wußte,
hre Tendenz.
bleibt außerordentlich,
wie Schnitzler politische und
log, kein rhythmi¬
„Fräulein Julie“ läßt sich hart, gemeißelt, ruhig,
seelische Leidenschaften: Revolution und Liebe tech¬
tte. Herr Klöpfer
ohne realistische Zwischentöne, ohne sprachliche Ver¬
nisch aufsaugt, so daß sie — im Widerschein von Wirk¬
rutalität und seine
wischung geben. Jeder Zufall der Wirklichkeit muß
lichkeit und Spiel — nur szenische Lichtquellen sind.
eine Eitelkeit, seine
entfernt und das Stück auf einem neutralen Schau¬
Weil Schnitzler die menschliche Belastung abstößt, kann
Aber er hatte nicht
platz aus Licht und Dunkel geschaffen werden. (Zwei
er aufwühlende Erlebnisse als theatralische Motore
besten ist, wenn er
Sätze des Vorworts, mit denen Strindberg die Not¬
geben, ohne den Takt zu verletzen. (Nur daß heute
lt, zerfloß und zer¬
wendigkeit des impressionistischen Darstellungsstils für
einige Billigkeiten und Überpointierungen auffallen.)
geführt, die banale
„Fräulein Julie“ beweisen will, beweisen das Gegen¬
Dieser schwingende, elastische Einakter verlangt
icht die dämonische
teil. Strindberg verlangt eine Dekoration, die sich
Übersicht, Klarheit und Disposition. Er verlangt die
n der ersten Sene
seitwärts ohne Türen und Fenster im Raum verliert
Gliederung, die dem Schauspieler die Einsätze erleichtert.
„Die Dienstboten“
und nimmt expressionistische Experimente vorweg. Er
Im Lessing=Theater gab es Löcher und Risse, weil die
die Akteure nicht
lehnt das verwirrende Rampenlicht ab und fordert die
Darsteller nichts hatten, woran sie sich halten konnten,
kongentrierende, also die Realität aufhebende Reflek¬
mit ihrem Gehör nach dem Stichwort tasteten und
ens Momente, die
torenbeleuchtung.) Wenn der Einakter als konzentrier¬
glücklich waren, wenn sie es im Lärm erwischten.
hatte nicht einmal
ter Einakter gegeben wird, wird, was bei Strindberg
Immerhin setzte sich Herr Klöpfer mit dem sanften
der sie spürbar
Experiment ist, in die Unerbittlichkeit der Gestaltung
Tantenmörder Grain durch. Und Frau Durieux
us dieser Schau¬
hineingerissen. Und Requisit und Ort werden dus, was
parodierte zwar die Marquise, aber diese Parodie
zu Durieux oft be¬ sie im Grunde schon sind: Verankerung der Vision,
war gekonnt.
öb
Es ist schwer, gerade heute gegen Barnowsky zu
schreiben, wo über dem Lessing=Theater sich drohend
der Geist der Trianon= und Residenz=Bühne er¬
hebt. Aber je heftiger man die Gebrüder
Rotter ablehnt, je schroffer man das Theater Otto
Brahms der Praxis theatralischer Kommis entziehen
will, desto rücksichtsloser muß man Barnowsky auf
seine eigene Begabung zurückweisen und ihm, vor
allem für Strindberg, zu dem er Beziehungen des
Ehrgeizes, aber nicht der Begabung unterhält, das
Engagement eines härtenden, ätzenden, konzentrieren¬
den Regisseurs raten.
Herpert Jhering.
69</Unicode>
            </TextEquiv>
        </TextRegion>
        <TextRegion orientation="0.0" id="r2" custom="readingOrder {index:1;}">
            <Coords points="3014,2648 3014,2804 3074,2804 3074,2648"/>
            <TextLine id="r2l1" custom="readingOrder {index:0;}">
                <Coords points="3006,2768 3029,2764 3033,2767 3049,2766 3055,2769 3069,2756 3084,2755 3079,2704 3066,2705 3052,2716 3043,2715 3028,2724 3022,2721 3015,2726 3011,2722 3002,2723"/>
                <Baseline points="3014,2754 3044,2748 3074,2748"/>
                <TextEquiv>
                    <Unicode>t</Unicode>
                </TextEquiv>
            </TextLine>
            <TextEquiv>
                <Unicode>t</Unicode>
            </TextEquiv>
        </TextRegion>
    </Page>
</PcGts>
