3436 4256
2156 128 2627 214 box 15//6
369 93 2017 213 9.4. Der-Bruene Kakadn Zuklus
904 1029 3177 1120 Witz, manch geistreiches Weet Anregung gab, so übersah man; Dichtung am Schlusse gewünscht, um verloren in ihrem berückenden
1115 1068 1183 1119 i
1280 1072 2077 1128 ## tieser und empfindungsreicher menschliche
2056 1081 3158 1145 Zarber und den ätherischen Lauten still alle aufgerührten Empfind¬
936 1103 2060 1164 1 Prebieme gefaßt werden können, bei denen Schein und Wirklichkeit
2049 1118 3158 1186 ungen nachklingen zu lassen. Aber das Publikum theilte offenbar
932 1139 2056 1216 in einander rinnen. Was im „grünen Kakadu“ vorgeht, drapirt
2044 1155 3157 1220 diese Meinung nicht. Es zerstörte in nüchterner Opposition den
945 1175 2055 1253 sich mit einer gewissen grotesken Größe, das macht der geschicht¬
2047 1202 3168 1258 ##raphischen Frühlingstraum d'Annunzios, der neben Maeterlinck
944 1228 2057 1284 liche Hintergrund. Es war ein sehr gescheidter Einfall, in den
2058 1233 3160 1305 #e##e wohl der differenzirtesie und fernstwandelnde Dichter ist.
948 1264 2058 1324 Weinkeller Prosperes, wo Scheinverbrecher für eine verlotterte
2053 1270 3166 1350 Jn, eine Handlung oder Zeitfrage gibt uns d'Annunzio nicht. Aber
948 1300 2054 1362 Adelsgesellschaft Komödie spielen, wirre Töne vom Bastillensturm
2080 1313 3167 1384 mann er spricht, so schweigt der Alltag und es ist für eine Spanne!
948 1338 2064 1400 dringen zu lassen. Aber doch nur ein Einfall. Den Schauspieler
2074 1356 3169 1400 ##eit Feiertag um uns und in unserer Seele. Und deshalb
950 1380 2052 1453 Heuri, der aus dem Schein Wahrheit macht, als er erfährt, seine
2047 1390 3168 1460 hatte ich geglaubt, daß auch die auf strengkalte Bühnenrealistik
951 1416 2056 1479 Severine sei die Geliebte des Herzogs von Cadignan, gab hier
2051 1432 3178 1487 Sit#lenden von der tiefen Schönheit dieser Sprache hätten er¬
946 1459 2051 1521 Herr Kainz; in Wien spielte ihn Herr Sonnenthal.
2044 1478 3165 1553 gnßen werden müssen. Aber was sollen sie aus dem Stammeln
941 1491 2054 1561 Derlei Rollen regen die Phantasie des Hörers leicht auf. Der
2039 1513 3152 1561 j dieier Wahnsinnigen machen, die wie eine Blume in der Früh¬
931 1535 2059 1597 Komödiant spielt erst seine verzwerfelte That und dann führt er
2046 1548 3155 1614 #ungspracht dahinwandelt? Ueberriefelt vom heißen Blute des
935 1575 2048 1634 sie blitzschnell in Wirklichkeit durch das ist ein ewig dankbares
2050 1581 3152 1648 gewordeten Geliebten hielt sie ihn eine ganze Nacht in ihren
934 1611 2055 1677 Bühnenthema und doch hat mich persönlich Kainz diesmal nicht
2044 1605 3153 1688 Armen und dieweil sein letzter Tropfen Blut sie drängte,
939 1654 2067 1721 getroffen. — Weit reizvoller und weit beweglicher erschien mir
2047 1659 3153 1743 Hot das Licht ihrer Seele in ferne Weiten. Nun spricht sie
3136 1678 3219 1744 2
945 1686 2051 1755 sein frohgelanntes und sinnreiches Spiel im Paracelsus.
2043 1707 3149 1768 ###lich verzückte Worte und träumt schöne süße Träume. Und
950 1723 2055 1804 Dies sauber gefeilte Versspiel giebt vielleicht Echteres von
2043 1746 3159 1786 Schwester und Pfiegerin erträumen für die Arme das Wunder der
937 1752 2053 1832 der Natur Schnin#s, als der „Kakadu.“ Hier leuchtel ein
2044 1783 3157 1828 Heilung. Mit der siegreichen Jugendkraft soll der lebensstarke
947 1807 2050 1879 wenig von warmblmtiger Fröhlichkeit auf, dort breitet sich ein
2035 1813 3144 1889 Bruder des gemordeten Geliebten die Kranke heilen. Aber ihre
937 1839 2043 1916 Stückchen öinnender Melancholie aus; es gibt eine zierliche und
2033 1847 3213 1928 wunde Seele blutet beim Anblick des Ersehnten nur noch mehr.  m
945 1890 2043 1943 zarte Arbeit, kein kraft= und gehaltvolles Lebensgleichniß. Was
2034 1894 3147 1969 So irrt sie weiter in der blühenden Pracht des Frühlings. Es
3130 1914 3231 1970 u
940 1934 2046 1986 aus dem Paracelsus, der mit seiner hypnotisirenden Gewalt der
2028 1935 3152 1995 war ein Traum! Wenn es wahr ist, daß eine Dichtung sich der
3124 1958 3222 2006 in
945 1967 2050 2022 Frau Justina eine Generalbeichteentlockt, herauszuholen war,
2045 1980 3150 2055 Schönheit und höheren Wahrhett in dem Maße nähert, als sie die
3143 1988 3225 2057 ir
943 2000 2049 2066 hat Herr Kainz in seiner köstlichen Studie herausgeholt. Aber das
2034 2008 3140 2084 Worte ausscheid'et, welche die Handlung ausdrücken, um sie
3130 2033 3217 2079 w
937 2040 2057 2106 Publikum ging mit dem Paracelsus nicht so lebhaft mit, wie bei!
2036 2054 3152 2123 ###nrch Warten erienen, welche zwar keinen Seelenzustand aus¬
933 2074 2043 2144 dem effektreicheren „Kakadu“. Es ist die letzte neue Rolle gewesen,
2034 2084 3140 2159 brücken, wohl aber gewisse unfaßliche und unaufhörliche Beweg¬
940 2118 2050 2175 die Kainz vor seinem Eintritt ins Burgiheater bei uns gespielt
2032 2132 3157 2212 unzen der Seele nach ihrer Wahrheit und Schönheit hin“, so hat
941 2162 2043 2218 hat. — Die kleine Tragödie „Die Gefährtin“ gehört zu den
2032 2176 3141 2244 Annunzio diese offenbarenden Tropfen seinem Werke zugesetzt.
933 2189 2057 2265 Pramen, die nachdenklich stimmen können, wiewohl man doch nicht
2035 2217 3148 2272 Ganz verstehen ued empfinden würde man sie aber erst, wenn die
923 2234 2048 2296 #vergint, daß sie auf spitzfindigen Motiven aufgebaut sind. Auch
2032 2241 3152 2310 [Dase, die Priestern, der d'Annunzio'schen Poesie, in der Größe
932 2264 2041 2343 hier knnn mnan sich mehr am Können, als an der Kraft der Be¬
2038 2283 3143 2351 hier Kunst den „Frühllugstraum“ auch bei uns zum Leben auf¬
193 2287 487 2357 e Tevenptügen
934 2318 2043 2373 gabung erfreuen. Herr Nissen gab in seiner schlicht eindring¬
2049 2322 3129 2371 Fuhen ließe. W. u. Scholz gab uns in seinem „Mein Fürst“
181 2329 945 2400 heater.] Aus Berlin wird uns vom 30.
932 2356 2048 2415 ##lichen Art den einsom alternden Professor, der nach dem Tode
2058 2370 3146 2430 #Aehreniese einer Weisheit, die ihrer dramatischen Einkleidung
187 2381 944 2439 Diesmal liegt für uns in Berlin nur die Ver¬
932 2390 2052 2451 seine Gattin erst über seine. nichtige Ehe mit einen dirnenhaften
2040 2408 3134 2474 ###eaubt, zu einer Standrede zusammenschrumpfte, die ein Fürsten¬
190 2411 939 2477 letzten Première des Deutschen Theaters
930 2427 2040 2492 Werb volle Klarheit gewinnt. — Nächst den Gastspielen von Frau
2036 2436 3131 2508 erzieher dem angehenden Herrscher hält. Der Fürst soll auf die
181 2451 945 2518 se zu halten. Es handelt sich um die neuesten
937 2463 2050 2529 Sandrock und Frau Bruck bringen diese Tage eine Novität im
2030 2474 3136 2551 Imerströmung im Volke hören, ehe sich der Gedanke zum Zündstoff,
197 2501 942 2564 chnitzler's. Wegen des „Grünen
939 2503 3134 2591 Schauspielhaus, aber nicht Faber's Ewige Liebe“ son= pas Gemüth zur Miene verwandelt. Ob der Fürst darauf hören
187 2533 948 2603 hier portzernme Schwierigkeiten bereitet und
933 2540 1392 2610 dern gin Drama „Krone“.
1813 2560 3132 2619 r Mit diesem Fragezeichen entläßt uns der Autor. Und
183 2576 951 2643 langte man für einen Vrtreter der Pollsei
1058 2579 2043 2648 Münchener Literarische.Gesellschaft.] Man schreibt
2031 2597 3125 2662 hann kam Schnitzler mit seinem vulkanischen Tanz. Wie die
182 2620 950 2686 probe. Direktor Brahm gewahrte ihn. Ver
929 2612 2045 2694 uns is München vom 30. April: Die „Literarische Ge¬
2029 2630 3135 2701 Rntige kleine Bestialität abgewandelt im „grünen Kakadu“ mitten
172 2656 946 2704 Kakadu nicht staatsgefährlich. Inzwischen
929 2661 2037 2736 sellschaft“ führte d' Annunzio's „Frühlingsmorgen¬
2016 2656 3130 2739 in der großen Tragik entfesselter Instinkte uns den Veristen.
173 2689 940 2743 am Wiener Burgtheater gegeben und in der
933 2696 2031 2762 traum“, „Mein Fürst“ von dem jungen Münchener Autor Wilhelm
2019 2719 3136 2794 zeigt, den neben dem Feierlichen das Grausige gepackt hat, wäre
187 2723 947 2787 ich besprochen worden. Im Wesentlichen ver¬
928 2737 2037 2818 v. Scholz und Schnitzler'& grotesken „Kakadu“ auf. Wie
2029 2756 3123 2816 der Schritt zu aristophanischer Höhe nicht mehr weit. Jenen
177 2774 945 2833 ähnlich wie in Wien. „Der grüne Kalahn“.
921 2785 2027 2840 sich die drei Werie in der #orm gleichen, so grundver¬
2025 2784 3127 2859 mächtigen Energien, die die Weltgeschichte formen, nachzuspüren
176 2811 2037 2874 8 Antors eigener Venennung. wurde beinbelt, schieben sind sie in ihrem innersten Wesen, sodaß die Wirkung des
2020 2825 3170 2920 und bewegt und lebensvoll auf die Bühne zu stellen, das hieße
184 2840 2038 2910 erraschenden Meisterstück. Die Komödie hat einen nothwendig von der des andern überholt werden mußte. Am
2023 2860 2269 2926 „Geschichte
208 2877 2041 2955 starken Bühnenvortheil. Sie ist für; meisten hatte d' Annunzio's duftiges Stimmungsbild unter
2128 2910 3127 2989 Akademische Nachrichten.] Gestern, am 30. April,
189 2918 3160 3032 eschaffen; und da überdies mauch kluger der Assoziation zu leiden. Ich hätte mir diese poesieumwobene] beging, wie die Bossische Zeitung melbet, der Geheime Regierungs= 1
1687 3089 1897 3276 □
