<?xml version="1.0" encoding="UTF-8" standalone="yes"?>
<PcGts xmlns="http://schema.primaresearch.org/PAGE/gts/pagecontent/2013-07-15" xmlns:xsi="http://www.w3.org/2001/XMLSchema-instance" xsi:schemaLocation="http://schema.primaresearch.org/PAGE/gts/pagecontent/2013-07-15 http://schema.primaresearch.org/PAGE/gts/pagecontent/2013-07-15/pagecontent.xsd">
    <Metadata>
        <Creator>prov=University of Rostock/Institute of Mathematics/CITlab/Gundram Leifert/gundram.leifert@uni-rostock.de:name=ONB_Newseye_GT_M1+(htr_id=10810)::::v=2.4.2
prov=University of Rostock/Institute of Mathematics/CITlab/Tobias Gruening/tobias.gruening@uni-rostock.de:name=de.uros.citlab.module.baseline2polygon.B2PSeamMultiOriented:v=2.4.2
prov=University of Rostock/Institute of Mathematics/CITlab/Tobias Gruening/tobias.gruening@uni-rostock.de:name=/mnt/transkribus/LA/DEA/URO/LA_news_onb_att.pb:de.uros.citlab.segmentation.CITlab_LA_ML:v=2.4.2
Transkribus</Creator>
        <Created>2019-10-07T11:41:43.797+02:00</Created>
        <LastChange>2019-10-08T16:58:45.614+02:00</LastChange>
        <TranskribusMetadata docId="223987" pageId="9502621" pageNr="137" tsid="16602955" status="IN_PROGRESS" userId="40391" imgUrl="https://files.transkribus.eu/Get?id=QXBNJSJDFPRLRJTOFTCWLZAE&amp;fileType=view" xmlUrl="https://files.transkribus.eu/Get?id=WSCPEOUYYPQHYJETHKHZGWVT" imageId="6192839"/>
    </Metadata>
    <Page imageFilename="223987_0137.jpeg" imageWidth="3484" imageHeight="4256">
        <ReadingOrder>
            <OrderedGroup id="ro_1711447317570" caption="Regions reading order">
                <RegionRefIndexed index="0" regionRef="r1"/>
                <RegionRefIndexed index="1" regionRef="r2"/>
            </OrderedGroup>
        </ReadingOrder>
        <TextRegion orientation="0.0" id="r1" custom="readingOrder {index:0;}">
            <Coords points="206,201 206,264 1247,264 1247,201"/>
            <TextLine id="r1l1" custom="readingOrder {index:0;}">
                <Coords points="939,230 995,239 1254,233 1253,174 1241,170 1205,180 1163,164 1111,188 1076,170 1027,182 1011,169 986,177 970,169 939,191"/>
                <Baseline points="947,227 972,226 997,226 1022,225 1047,225 1072,224 1097,224 1122,224 1147,223 1172,223 1197,222 1222,222 1247,221"/>
                <TextEquiv>
                    <Unicode>Kakadu</Unicode>
                </TextEquiv>
            </TextLine>
            <TextLine id="r1l2" custom="readingOrder {index:1;}">
                <Coords points="687,242 729,230 748,241 771,242 783,233 802,243 820,234 853,242 934,231 933,193 901,193 876,182 777,190 755,180 734,189 686,180"/>
                <Baseline points="694,227 719,228 745,228 771,228 797,227 822,226 848,226 874,224 900,224 926,223"/>
                <TextEquiv>
                    <Unicode>ruene</Unicode>
                </TextEquiv>
            </TextLine>
            <TextLine id="r1l3" custom="readingOrder {index:2;}">
                <Coords points="444,245 456,242 457,244 460,241 463,244 473,241 458,176 450,178 447,184 439,191 432,193"/>
                <Baseline points="450,236 464,233"/>
                <TextEquiv>
                    <Unicode>1</Unicode>
                </TextEquiv>
            </TextLine>
            <TextLine id="r1l4" custom="readingOrder {index:3;}">
                <Coords points="199,244 472,277 1252,263 1252,228 692,238 572,188 451,235 352,184 199,184"/>
                <Baseline points="206,229 260,236 315,242 370,245 424,249 479,251 534,253 588,254 643,254 698,254 752,253 807,253 862,252 916,250 971,249 1026,247 1080,246 1135,245 1190,244 1245,244"/>
                <TextEquiv>
                    <Unicode>9.3. Je1 eeeere e   </Unicode>
                </TextEquiv>
            </TextLine>
            <TextEquiv>
                <Unicode>Kakadu
ruene
1
9.3. Je1 eeeere e   </Unicode>
            </TextEquiv>
        </TextRegion>
        <TextRegion orientation="0.0" id="r2" custom="readingOrder {index:1;}">
            <Coords points="1417,193 1417,4123 2691,4123 2691,193"/>
            <TextLine id="r2l1" custom="readingOrder {index:0;}">
                <Coords points="1410,238 1520,226 1552,240 1597,219 1716,234 1758,223 1790,236 1832,219 1832,164 1802,152 1761,146 1732,163 1642,153 1604,179 1539,171 1481,187 1441,155 1410,152"/>
                <Baseline points="1417,218 1442,218 1468,218 1493,219 1519,219 1544,220 1570,221 1595,221 1621,222 1646,222 1672,222 1697,222 1723,222 1748,221 1774,220 1799,218 1825,216"/>
                <TextEquiv>
                    <Unicode>box 15/2</Unicode>
                </TextEquiv>
            </TextLine>
            <TextLine id="r2l2" custom="readingOrder {index:1;}">
                <Coords points="1570,673 1734,705 1970,665 2030,690 2122,648 2120,601 2040,613 1984,586 1946,613 1900,596 1857,628 1802,630 1707,600 1666,626 1568,634"/>
                <Baseline points="1578,682 1604,683 1631,683 1658,683 1685,683 1712,681 1739,680 1766,679 1793,677 1820,674 1847,672 1873,670 1900,669 1927,667 1954,665 1981,663 2008,663 2035,662 2062,662 2089,663 2116,664"/>
                <TextEquiv>
                    <Unicode>Aee</Unicode>
                </TextEquiv>
            </TextLine>
            <TextLine id="r2l3" custom="readingOrder {index:2;}">
                <Coords points="2226,786 2263,807 2327,812 2602,788 2601,758 2515,722 2405,755 2348,728 2328,739 2293,728 2225,736"/>
                <Baseline points="2233,783 2258,783 2284,782 2310,781 2336,781 2362,779 2388,778 2414,777 2439,776 2465,775 2491,775 2517,775 2543,776 2569,777 2595,779"/>
                <TextEquiv>
                    <Unicode>Telephon 12.801.</Unicode>
                </TextEquiv>
            </TextLine>
            <TextLine id="r2l4" custom="readingOrder {index:3;}">
                <Coords points="2341,903 2366,909 2383,892 2398,893 2406,902 2419,893 2432,898 2459,898 2459,866 2408,864 2395,872 2357,847 2341,846"/>
                <Baseline points="2349,886 2374,885 2400,885 2425,886 2451,886"/>
                <TextEquiv>
                    <Unicode>S </Unicode>
                </TextEquiv>
            </TextLine>
            <TextLine id="r2l5" custom="readingOrder {index:4;}">
                <Coords points="1538,963 2036,971 2348,917 2438,950 2564,938 2563,890 2367,901 2280,835 1536,896"/>
                <Baseline points="1544,930 1594,938 1645,943 1695,948 1746,950 1797,952 1847,953 1898,952 1949,952 1999,950 2050,948 2101,944 2151,941 2202,938 2253,934 2303,931 2354,928 2405,925 2455,922 2506,920 2557,919"/>
                <TextEquiv>
                    <Unicode> „OBSERVER —</Unicode>
                </TextEquiv>
            </TextLine>
            <TextLine id="r2l6" custom="readingOrder {index:5;}">
                <Coords points="1512,1029 2610,1010 2608,958 2525,948 1511,1002"/>
                <Baseline points="1520,1028 1574,1027 1628,1025 1682,1024 1736,1023 1790,1021 1844,1019 1898,1018 1952,1016 2006,1013 2060,1011 2114,1009 2168,1007 2222,1005 2276,1002 2330,1000 2384,998 2438,995 2492,993 2546,990 2601,987"/>
                <TextEquiv>
                    <Unicode>1. österr. behördl. konz. Unternehmen für Zeitungs-Ausschnltte</Unicode>
                </TextEquiv>
            </TextLine>
            <TextLine id="r2l7" custom="readingOrder {index:6;}">
                <Coords points="1660,1111 1825,1124 1866,1093 2369,1092 2493,1066 2491,1020 2429,1010 2370,1033 2171,1018 2134,1044 1968,1026 1937,1053 1658,1034"/>
                <Baseline points="1667,1089 1710,1089 1753,1089 1796,1088 1839,1088 1882,1086 1925,1085 1968,1084 2011,1083 2054,1081 2098,1079 2141,1078 2184,1076 2227,1074 2270,1072 2313,1071 2356,1068 2399,1066 2442,1065 2486,1063"/>
                <TextEquiv>
                    <Unicode>Wien, I., Concordiaplatz 4.</Unicode>
                </TextEquiv>
            </TextLine>
            <TextLine id="r2l8" custom="readingOrder {index:7;}">
                <Coords points="1852,1144 1924,1158 2072,1148 2095,1167 2148,1148 2286,1153 2285,1098 2260,1092 2184,1114 2027,1101 2005,1116 1852,1116"/>
                <Baseline points="1860,1146 1886,1147 1912,1147 1938,1147 1964,1147 1990,1147 2016,1146 2042,1145 2069,1144 2095,1144 2121,1143 2147,1142 2173,1141 2199,1139 2225,1138 2251,1137 2278,1136"/>
                <TextEquiv>
                    <Unicode>Vertretungen</Unicode>
                </TextEquiv>
            </TextLine>
            <TextLine id="r2l9" custom="readingOrder {index:8;}">
                <Coords points="1525,1212 2607,1183 2572,1143 2363,1136 2016,1146 1928,1183 1759,1140 1703,1180 1524,1177"/>
                <Baseline points="1533,1210 1586,1209 1639,1208 1692,1207 1746,1206 1799,1204 1852,1202 1906,1201 1959,1199 2012,1197 2066,1195 2119,1193 2172,1191 2225,1189 2279,1187 2332,1185 2385,1183 2439,1181 2492,1179 2545,1178 2599,1177"/>
                <TextEquiv>
                    <Unicode>in Berlin, Budapest, Chicago, Christiania, Genf. Kopen¬</Unicode>
                </TextEquiv>
            </TextLine>
            <TextLine id="r2l10" custom="readingOrder {index:9;}">
                <Coords points="1525,1264 2610,1234 2618,1193 1523,1220"/>
                <Baseline points="1532,1251 1588,1250 1645,1248 1702,1246 1759,1245 1815,1243 1872,1240 1929,1239 1986,1237 2043,1235 2099,1233 2156,1231 2213,1229 2270,1227 2327,1225 2383,1223 2440,1222 2497,1220 2554,1218 2611,1217"/>
                <TextEquiv>
                    <Unicode>hagen, London, Madrid, Mailand, Minneapolis, New-Vork,</Unicode>
                </TextEquiv>
            </TextLine>
            <TextLine id="r2l11" custom="readingOrder {index:10;}">
                <Coords points="1579,1297 2526,1274 2579,1265 2578,1233 1578,1265"/>
                <Baseline points="1586,1287 1635,1286 1684,1285 1733,1283 1783,1281 1832,1280 1881,1278 1930,1276 1980,1274 2029,1273 2078,1271 2127,1270 2177,1268 2226,1267 2275,1266 2324,1265 2374,1264 2423,1263 2472,1263 2521,1263 2571,1264"/>
                <TextEquiv>
                    <Unicode>Paris, Rom, San Francisco, Stockholm, St. Petersburg.</Unicode>
                </TextEquiv>
            </TextLine>
            <TextLine id="r2l12" custom="readingOrder {index:11;}">
                <Coords points="1858,1327 1890,1336 1951,1321 1982,1348 2036,1315 2094,1311 2163,1340 2207,1313 2290,1316 2289,1268 2127,1288 1887,1279 1857,1295"/>
                <Baseline points="1865,1315 1891,1314 1917,1313 1943,1312 1969,1312 1995,1310 2021,1310 2047,1309 2074,1307 2100,1306 2126,1306 2152,1305 2178,1304 2204,1304 2230,1303 2256,1303 2283,1303"/>
                <TextEquiv>
                    <Unicode>(Quellenapcihe ohne dewfhr).</Unicode>
                </TextEquiv>
            </TextLine>
            <TextLine id="r2l13" custom="readingOrder {index:12;}">
                <Coords points="1525,1403 2111,1409 2548,1358 2699,1404 2696,1312 2501,1331 2366,1295 2163,1340 1524,1352"/>
                <Baseline points="1532,1397 1593,1396 1654,1394 1715,1393 1776,1390 1837,1388 1898,1386 1959,1383 2020,1380 2081,1378 2142,1375 2203,1373 2264,1371 2325,1369 2386,1368 2447,1367 2508,1367 2569,1367 2630,1368 2691,1369"/>
                <TextEquiv>
                    <Unicode>Ausschnitt ams; Maceel de ez</Unicode>
                </TextEquiv>
            </TextLine>
            <TextLine id="r2l14" custom="readingOrder {index:13;}">
                <Coords points="1538,1513 1604,1542 1968,1546 2131,1489 2425,1526 2542,1487 2542,1452 2400,1472 2218,1431 2066,1468 1752,1420 1538,1474"/>
                <Baseline points="1546,1505 1595,1500 1644,1497 1694,1495 1743,1494 1793,1493 1842,1493 1891,1494 1941,1495 1990,1496 2040,1498 2089,1499 2138,1501 2188,1502 2237,1503 2287,1505 2336,1505 2385,1505 2435,1505 2484,1504 2534,1502"/>
                <TextEquiv>
                    <Unicode>#270 Reue</Unicode>
                </TextEquiv>
            </TextLine>
            <TextLine id="r2l15" custom="readingOrder {index:14;}">
                <Coords points="1556,1667 2278,1681 2660,1649 2610,1610 1556,1615"/>
                <Baseline points="1564,1654 1618,1654 1672,1654 1727,1654 1781,1655 1836,1655 1890,1656 1945,1656 1999,1657 2054,1658 2108,1658 2162,1658 2217,1659 2271,1659 2326,1658 2380,1658 2435,1657 2489,1655 2544,1653 2598,1651 2653,1648"/>
                <TextEquiv>
                    <Unicode>II pappagallo verde, dramma in un atto di A. SCHNTT-</Unicode>
                </TextEquiv>
            </TextLine>
            <TextLine id="r2l16" custom="readingOrder {index:15;}">
                <Coords points="1597,1715 2205,1736 2669,1700 2668,1645 2342,1686 1597,1671"/>
                <Baseline points="1604,1708 1656,1708 1709,1708 1762,1709 1815,1709 1868,1709 1921,1708 1973,1708 2026,1708 2079,1708 2132,1707 2185,1707 2238,1706 2291,1706 2343,1705 2396,1705 2449,1704 2502,1704 2555,1703 2608,1703 2661,1702"/>
                <TextEquiv>
                    <Unicode>ZLAR. Roma — Teatro Argentina — 25 gennaio 1909.</Unicode>
                </TextEquiv>
            </TextLine>
            <TextLine id="r2l17" custom="readingOrder {index:16;}">
                <Coords points="1606,1772 2660,1772 2660,1727 2588,1718 1606,1727"/>
                <Baseline points="1613,1765 1665,1765 1717,1766 1769,1766 1821,1766 1873,1766 1925,1766 1977,1766 2029,1765 2081,1765 2133,1765 2185,1765 2237,1764 2289,1764 2341,1764 2393,1763 2445,1763 2497,1762 2549,1762 2601,1761 2653,1761"/>
                <TextEquiv>
                    <Unicode>7 ippagallo verde &amp; l'insegna di una di quelle strane</Unicode>
                </TextEquiv>
            </TextLine>
            <TextLine id="r2l18" custom="readingOrder {index:17;}">
                <Coords points="1567,1818 2598,1827 2671,1809 2671,1776 1567,1788"/>
                <Baseline points="1575,1815 1629,1816 1683,1817 1738,1817 1792,1817 1847,1818 1901,1818 1955,1818 2010,1817 2064,1817 2119,1817 2173,1816 2227,1816 2282,1815 2336,1815 2391,1814 2445,1813 2499,1813 2554,1812 2608,1811 2663,1811"/>
                <TextEquiv>
                    <Unicode>taveräé, mezzo osterie, mez#e, birrerie, di cui ancora oggi</Unicode>
                </TextEquiv>
            </TextLine>
            <TextLine id="r2l19" custom="readingOrder {index:18;}">
                <Coords points="1566,1860 2660,1881 2659,1817 1566,1830"/>
                <Baseline points="1573,1861 1629,1862 1686,1864 1743,1865 1800,1866 1856,1866 1913,1867 1970,1867 2027,1866 2084,1866 2140,1865 2197,1865 2254,1864 2311,1863 2368,1862 2424,1861 2481,1860 2538,1859 2595,1859 2652,1858"/>
                <TextEquiv>
                    <Unicode>abbiamö a PParigi qualche pallido esempio in quei caba¬</Unicode>
                </TextEquiv>
            </TextLine>
            <TextLine id="r2l20" custom="readingOrder {index:19;}">
                <Coords points="1556,1915 2527,1926 2633,1918 2666,1871 1556,1879"/>
                <Baseline points="1563,1912 1617,1913 1672,1913 1727,1914 1782,1914 1837,1914 1891,1914 1946,1914 2001,1914 2056,1913 2111,1912 2165,1912 2220,1911 2275,1910 2330,1910 2385,1909 2439,1908 2494,1908 2549,1908 2604,1908 2659,1907"/>
                <TextEquiv>
                    <Unicode>retsschefsekgono nelle vicinanze della Place blanc su al</Unicode>
                </TextEquiv>
            </TextLine>
            <TextLine id="r2l21" custom="readingOrder {index:20;}">
                <Coords points="1566,1957 1672,1987 1760,1958 2570,1977 2656,1968 2656,1920 1565,1928"/>
                <Baseline points="1573,1963 1626,1962 1680,1962 1734,1961 1788,1960 1842,1960 1895,1959 1949,1959 2003,1958 2057,1958 2111,1958 2164,1958 2218,1957 2272,1957 2326,1957 2380,1957 2433,1957 2487,1957 2541,1957 2595,1958 2649,1958"/>
                <TextEquiv>
                    <Unicode>quattiefe eccentrico di Montmartre. Ne conosco diversi,e</Unicode>
                </TextEquiv>
            </TextLine>
            <TextLine id="r2l22" custom="readingOrder {index:21;}">
                <Coords points="1563,2011 2657,2010 2656,1967 2523,1962 1563,1977"/>
                <Baseline points="1571,2009 1624,2010 1678,2010 1732,2010 1786,2010 1840,2010 1894,2009 1948,2009 2002,2008 2056,2008 2110,2007 2163,2006 2217,2006 2271,2005 2325,2005 2379,2005 2433,2005 2487,2005 2541,2005 2595,2006 2649,2007"/>
                <TextEquiv>
                    <Unicode>ognuno di essi si distingue per una particolare fisionomia</Unicode>
                </TextEquiv>
            </TextLine>
            <TextLine id="r2l23" custom="readingOrder {index:22;}">
                <Coords points="1552,2060 2656,2062 2655,2010 1552,2031"/>
                <Baseline points="1559,2059 1613,2059 1668,2059 1722,2059 1777,2059 1831,2059 1886,2059 1940,2058 1995,2058 2049,2058 2104,2057 2158,2057 2213,2056 2267,2055 2322,2055 2376,2054 2431,2054 2485,2053 2540,2052 2594,2051 2649,2051"/>
                <TextEquiv>
                    <Unicode>per una speciale stravaganza. Vi è ad esempio il cabaret</Unicode>
                </TextEquiv>
            </TextLine>
            <TextLine id="r2l24" custom="readingOrder {index:23;}">
                <Coords points="1554,2100 2665,2123 2654,2049 1553,2087"/>
                <Baseline points="1561,2110 1615,2110 1670,2110 1725,2109 1780,2109 1835,2108 1889,2108 1944,2107 1999,2106 2054,2106 2109,2105 2163,2104 2218,2103 2273,2103 2328,2102 2383,2101 2437,2101 2492,2100 2547,2100 2602,2100 2657,2099"/>
                <TextEquiv>
                    <Unicode>de la mort, lugubre, imspressionante, dove i mobili hanno</Unicode>
                </TextEquiv>
            </TextLine>
            <TextLine id="r2l25" custom="readingOrder {index:24;}">
                <Coords points="1554,2153 2585,2176 2660,2158 2660,2114 1554,2132"/>
                <Baseline points="1561,2158 1615,2158 1670,2158 1724,2158 1779,2158 1834,2157 1888,2157 1943,2156 1997,2155 2052,2155 2107,2154 2161,2153 2216,2153 2270,2152 2325,2152 2380,2151 2434,2151 2489,2151 2543,2151 2598,2151 2653,2152"/>
                <TextEquiv>
                    <Unicode>forma di casse funebri e le pareti sono adorne di teschi</Unicode>
                </TextEquiv>
            </TextLine>
            <TextLine id="r2l26" custom="readingOrder {index:25;}">
                <Coords points="1563,2207 2648,2224 2618,2162 1563,2174"/>
                <Baseline points="1571,2207 1624,2207 1678,2206 1731,2206 1785,2205 1838,2205 1892,2204 1945,2204 1999,2204 2052,2204 2106,2203 2159,2203 2213,2203 2266,2202 2320,2202 2373,2202 2427,2201 2480,2201 2534,2201 2587,2200 2641,2199"/>
                <TextEquiv>
                    <Unicode>e ossa di morti e i camerieri cammuffati da becchini ac¬</Unicode>
                </TextEquiv>
            </TextLine>
            <TextLine id="r2l27" custom="readingOrder {index:26;}">
                <Coords points="1561,2262 2389,2265 2409,2219 1560,2210"/>
                <Baseline points="1568,2252 1609,2253 1651,2253 1692,2254 1734,2254 1776,2254 1817,2254 1859,2254 1901,2254 1942,2253 1984,2253 2026,2252 2067,2252 2109,2251 2151,2250 2192,2249 2234,2248 2276,2248 2317,2246 2359,2246 2401,2244"/>
                <TextEquiv>
                    <Unicode>colgono gli avventori con orazioni funebri!</Unicode>
                </TextEquiv>
            </TextLine>
            <TextLine id="r2l28" custom="readingOrder {index:27;}">
                <Coords points="1601,2301 2472,2322 2648,2301 2648,2269 1601,2272"/>
                <Baseline points="1608,2300 1659,2301 1711,2301 1762,2301 1814,2301 1866,2302 1917,2302 1969,2302 2021,2302 2072,2302 2124,2301 2176,2301 2227,2301 2279,2300 2331,2300 2382,2299 2434,2299 2486,2298 2537,2297 2589,2297 2641,2296"/>
                <TextEquiv>
                    <Unicode>Vi eil cabaret de tricands dove ogni avventore é ac¬</Unicode>
                </TextEquiv>
            </TextLine>
            <TextLine id="r2l29" custom="readingOrder {index:28;}">
                <Coords points="1554,2366 2652,2369 2637,2300 1554,2335"/>
                <Baseline points="1562,2350 1616,2351 1670,2351 1724,2351 1778,2351 1832,2351 1886,2351 1941,2351 1995,2351 2049,2351 2103,2351 2157,2351 2211,2350 2265,2350 2320,2349 2374,2348 2428,2347 2482,2347 2536,2346 2590,2344 2645,2343"/>
                <TextEquiv>
                    <Unicode>colto al suo ingresso da grida pazze di gioia e speciali</Unicode>
                </TextEquiv>
            </TextLine>
            <TextLine id="r2l30" custom="readingOrder {index:29;}">
                <Coords points="1559,2404 2659,2404 2659,2367 2602,2352 1559,2367"/>
                <Baseline points="1566,2401 1620,2401 1674,2401 1728,2401 1783,2401 1837,2401 1891,2401 1946,2400 2000,2400 2054,2400 2109,2400 2163,2399 2217,2399 2271,2398 2326,2398 2380,2397 2434,2396 2489,2395 2543,2394 2597,2393 2652,2392"/>
                <TextEquiv>
                    <Unicode>artisti, specie di giullari, esaltano a voce altissima i ti¬</Unicode>
                </TextEquiv>
            </TextLine>
            <TextLine id="r2l31" custom="readingOrder {index:30;}">
                <Coords points="1556,2455 2593,2461 2667,2440 2667,2399 1556,2430"/>
                <Baseline points="1564,2451 1618,2450 1673,2450 1728,2449 1783,2449 1838,2448 1892,2448 1947,2447 2002,2447 2057,2447 2112,2446 2166,2446 2221,2445 2276,2445 2331,2445 2386,2444 2440,2444 2495,2444 2550,2444 2605,2444 2660,2444"/>
                <TextEquiv>
                    <Unicode>toli c le doti dei frequentatori del locale, naturalmente</Unicode>
                </TextEquiv>
            </TextLine>
            <TextLine id="r2l32" custom="readingOrder {index:31;}">
                <Coords points="1555,2516 2656,2494 2571,2449 1555,2457"/>
                <Baseline points="1563,2498 1617,2498 1671,2498 1725,2498 1780,2499 1834,2499 1888,2499 1943,2499 1997,2499 2051,2499 2106,2499 2160,2499 2214,2499 2268,2499 2323,2498 2377,2497 2431,2497 2486,2495 2540,2494 2594,2493 2649,2491"/>
                <TextEquiv>
                    <Unicode>senza conoscerli. Vi é il cabaref du eiel e ve ne sono</Unicode>
                </TextEquiv>
            </TextLine>
            <TextLine id="r2l33" custom="readingOrder {index:32;}">
                <Coords points="1562,2547 2239,2545 2353,2577 2595,2546 2660,2579 2660,2521 2576,2499 1562,2511"/>
                <Baseline points="1569,2546 1623,2546 1677,2545 1731,2545 1785,2545 1840,2545 1894,2546 1948,2546 2002,2546 2056,2546 2111,2546 2165,2546 2219,2546 2273,2546 2327,2546 2382,2545 2436,2545 2490,2544 2544,2542 2598,2541 2653,2539"/>
                <TextEquiv>
                    <Unicode>cento altri dei quali sarebbe troppo lungo rilevare la stra¬</Unicode>
                </TextEquiv>
            </TextLine>
            <TextLine id="r2l34" custom="readingOrder {index:33;}">
                <Coords points="1561,2597 1584,2607 1612,2602 1635,2610 1646,2603 1655,2611 1681,2602 1692,2611 1716,2609 1715,2558 1707,2560 1695,2550 1679,2557 1660,2553 1654,2559 1630,2558 1621,2564 1599,2554 1573,2558 1560,2552"/>
                <Baseline points="1568,2594 1596,2593 1624,2592 1652,2591 1680,2591 1708,2592"/>
                <TextEquiv>
                    <Unicode>nezza.</Unicode>
                </TextEquiv>
            </TextLine>
            <TextLine id="r2l35" custom="readingOrder {index:34;}">
                <Coords points="1609,2650 2665,2652 2664,2603 2550,2589 1609,2612"/>
                <Baseline points="1616,2646 1668,2646 1720,2646 1772,2646 1824,2647 1876,2647 1928,2647 1980,2647 2032,2648 2084,2648 2136,2648 2188,2648 2240,2647 2292,2647 2344,2646 2396,2645 2448,2644 2500,2643 2552,2641 2604,2639 2657,2637"/>
                <TextEquiv>
                    <Unicode>I puppagallo verde potrebbe dunque ascriversi a questa</Unicode>
                </TextEquiv>
            </TextLine>
            <TextLine id="r2l36" custom="readingOrder {index:35;}">
                <Coords points="1568,2697 2626,2704 2661,2646 1568,2660"/>
                <Baseline points="1575,2694 1631,2693 1688,2692 1745,2692 1802,2691 1858,2691 1915,2690 1972,2690 2029,2690 2086,2690 2142,2690 2199,2690 2256,2690 2313,2690 2370,2689 2426,2689 2483,2689 2540,2688 2597,2688 2654,2687"/>
                <TextEquiv>
                    <Unicode>categoria di locali. Lo Schnitzler finge in esso l’azione</Unicode>
                </TextEquiv>
            </TextLine>
            <TextLine id="r2l37" custom="readingOrder {index:36;}">
                <Coords points="1569,2755 2666,2752 2665,2703 2565,2692 1569,2711"/>
                <Baseline points="1576,2742 1630,2742 1684,2742 1738,2742 1792,2742 1846,2742 1900,2742 1954,2742 2008,2742 2062,2742 2117,2741 2171,2741 2225,2741 2279,2741 2333,2740 2387,2740 2441,2739 2495,2738 2549,2738 2603,2737 2658,2736"/>
                <TextEquiv>
                    <Unicode>del suo dramma che fa risalire alla sera famosa del 14</Unicode>
                </TextEquiv>
            </TextLine>
            <TextLine id="r2l38" custom="readingOrder {index:37;}">
                <Coords points="1569,2796 1679,2811 1705,2795 1738,2803 1812,2799 1825,2794 1825,2761 1782,2760 1735,2743 1676,2759 1647,2743 1619,2755 1568,2755"/>
                <Baseline points="1576,2790 1602,2789 1629,2789 1656,2789 1683,2788 1710,2788 1737,2788 1764,2788 1791,2788 1818,2788"/>
                <TextEquiv>
                    <Unicode>Luglio 1789.</Unicode>
                </TextEquiv>
            </TextLine>
            <TextLine id="r2l39" custom="readingOrder {index:38;}">
                <Coords points="1587,2856 2656,2847 2656,2812 2506,2793 1587,2811"/>
                <Baseline points="1595,2840 1647,2841 1700,2842 1753,2842 1805,2842 1858,2843 1911,2842 1963,2842 2016,2842 2069,2841 2122,2841 2174,2840 2227,2840 2280,2839 2332,2839 2385,2838 2438,2837 2490,2837 2543,2837 2596,2837 2649,2837"/>
                <TextEquiv>
                    <Unicode>Prospero, l’oste proprietario del-Pappagallo verde“, ha</Unicode>
                </TextEquiv>
            </TextLine>
            <TextLine id="r2l40" custom="readingOrder {index:39;}">
                <Coords points="1569,2895 2654,2896 2653,2845 2594,2840 1569,2856"/>
                <Baseline points="1576,2889 1629,2889 1683,2889 1736,2889 1790,2888 1843,2888 1897,2887 1950,2887 2004,2886 2057,2886 2111,2885 2164,2884 2218,2884 2271,2883 2325,2882 2378,2882 2432,2882 2485,2882 2539,2882 2592,2882 2646,2882"/>
                <TextEquiv>
                    <Unicode>T’abitudine di scritturare dei comici che vengano a reci¬</Unicode>
                </TextEquiv>
            </TextLine>
            <TextLine id="r2l41" custom="readingOrder {index:40;}">
                <Coords points="1557,2952 2588,2949 2662,2934 2662,2899 1557,2908"/>
                <Baseline points="1564,2940 1618,2940 1673,2939 1727,2939 1782,2938 1836,2938 1891,2937 1945,2937 2000,2936 2054,2935 2109,2934 2164,2934 2218,2933 2273,2933 2327,2932 2382,2932 2436,2932 2491,2931 2545,2931 2600,2932 2655,2932"/>
                <TextEquiv>
                    <Unicode>tare, improvvisando delle scene, per lo piu truci, della</Unicode>
                </TextEquiv>
            </TextLine>
            <TextLine id="r2l42" custom="readingOrder {index:41;}">
                <Coords points="1556,2997 2636,2995 2669,2950 1556,2953"/>
                <Baseline points="1563,2991 1620,2990 1678,2990 1736,2989 1794,2988 1852,2988 1910,2987 1967,2986 2025,2986 2083,2985 2141,2985 2199,2984 2257,2983 2314,2983 2372,2982 2430,2982 2488,2982 2546,2981 2604,2981 2662,2981"/>
                <TextEquiv>
                    <Unicode>mala vita, nel locale per divertire, strano divertimento</Unicode>
                </TextEquiv>
            </TextLine>
            <TextLine id="r2l43" custom="readingOrder {index:42;}">
                <Coords points="1556,3032 2603,3033 2602,2993 2565,2991 1555,3012"/>
                <Baseline points="1563,3036 1614,3036 1666,3037 1717,3036 1769,3036 1821,3036 1872,3036 1924,3035 1975,3035 2027,3035 2079,3034 2130,3034 2182,3033 2233,3033 2285,3032 2337,3032 2388,3032 2440,3032 2491,3032 2543,3032 2595,3032"/>
                <TextEquiv>
                    <Unicode>fatto di violente emozioni, gli aristocratici avventori.</Unicode>
                </TextEquiv>
            </TextLine>
            <TextLine id="r2l44" custom="readingOrder {index:43;}">
                <Coords points="1592,3091 2564,3100 2649,3091 2649,3039 1592,3051"/>
                <Baseline points="1599,3083 1651,3083 1703,3084 1755,3084 1807,3084 1859,3084 1911,3084 1964,3084 2016,3084 2068,3084 2120,3084 2172,3083 2224,3083 2276,3083 2329,3082 2381,3082 2433,3082 2485,3081 2537,3081 2589,3081 2642,3080"/>
                <TextEquiv>
                    <Unicode>Chi viene simulando d’aver commesso un delitto, chi</Unicode>
                </TextEquiv>
            </TextLine>
            <TextLine id="r2l45" custom="readingOrder {index:44;}">
                <Coords points="1565,3148 2561,3147 2660,3138 2660,3091 1565,3116"/>
                <Baseline points="1572,3134 1626,3133 1680,3133 1734,3133 1788,3133 1842,3133 1896,3133 1950,3133 2004,3132 2058,3132 2112,3132 2166,3132 2220,3132 2274,3132 2328,3131 2382,3131 2436,3131 2490,3130 2544,3130 2598,3129 2653,3129"/>
                <TextEquiv>
                    <Unicode>racconta i particolari terribili di una turpe violenza, di</Unicode>
                </TextEquiv>
            </TextLine>
            <TextLine id="r2l46" custom="readingOrder {index:45;}">
                <Coords points="1560,3183 1704,3202 1800,3182 2169,3189 2169,3165 2095,3167 2003,3136 1560,3156"/>
                <Baseline points="1568,3179 1597,3180 1627,3180 1657,3181 1686,3181 1716,3181 1746,3181 1775,3181 1805,3181 1835,3181 1865,3181 1894,3181 1924,3181 1954,3181 1983,3181 2013,3181 2043,3181 2072,3181 2102,3181 2132,3181 2162,3181"/>
                <TextEquiv>
                    <Unicode>una rapina, di un incendio..</Unicode>
                </TextEquiv>
            </TextLine>
            <TextLine id="r2l47" custom="readingOrder {index:46;}">
                <Coords points="1604,3226 2652,3238 2652,3193 2511,3183 1604,3194"/>
                <Baseline points="1611,3228 1662,3229 1714,3230 1766,3231 1817,3232 1869,3232 1921,3233 1972,3233 2024,3233 2076,3233 2128,3233 2179,3233 2231,3232 2283,3232 2334,3231 2386,3230 2438,3229 2489,3228 2541,3226 2593,3225 2645,3223"/>
                <TextEquiv>
                    <Unicode>I giovanotti del gran mondo e le donnine allegre che</Unicode>
                </TextEquiv>
            </TextLine>
            <TextLine id="r2l48" custom="readingOrder {index:47;}">
                <Coords points="1566,3286 2651,3287 2651,3248 2484,3235 1566,3244"/>
                <Baseline points="1574,3279 1627,3280 1681,3280 1734,3279 1788,3279 1841,3279 1895,3279 1948,3279 2002,3278 2055,3278 2109,3277 2162,3277 2216,3277 2269,3276 2323,3276 2376,3276 2430,3276 2483,3276 2537,3276 2590,3276 2644,3276"/>
                <TextEquiv>
                    <Unicode>formano il pubblico viziato del e Pappagallo verde“, pen¬</Unicode>
                </TextEquiv>
            </TextLine>
            <TextLine id="r2l49" custom="readingOrder {index:48;}">
                <Coords points="1565,3331 2567,3347 2654,3325 2654,3286 1565,3299"/>
                <Baseline points="1573,3328 1626,3328 1680,3329 1734,3329 1787,3329 1841,3329 1895,3330 1948,3330 2002,3330 2056,3330 2110,3330 2163,3330 2217,3330 2271,3330 2324,3329 2378,3329 2432,3328 2485,3327 2539,3326 2593,3325 2647,3323"/>
                <TextEquiv>
                    <Unicode>dono dalle labbra degli strani e improvvisati attori e ap¬</Unicode>
                </TextEquiv>
            </TextLine>
            <TextLine id="r2l50" custom="readingOrder {index:49;}">
                <Coords points="1562,3390 2512,3394 2660,3370 2660,3340 1562,3352"/>
                <Baseline points="1569,3380 1623,3380 1677,3379 1731,3378 1785,3378 1840,3377 1894,3377 1948,3377 2002,3377 2056,3377 2111,3377 2165,3377 2219,3377 2273,3377 2327,3377 2382,3377 2436,3376 2490,3376 2544,3375 2598,3375 2653,3374"/>
                <TextEquiv>
                    <Unicode>plaudono a chi, meglio simulando, ottiene effetti piü im¬</Unicode>
                </TextEquiv>
            </TextLine>
            <TextLine id="r2l51" custom="readingOrder {index:50;}">
                <Coords points="1561,3447 1610,3435 1634,3441 1645,3432 1703,3443 1734,3435 1786,3447 1802,3437 1821,3442 1819,3389 1811,3387 1788,3395 1777,3389 1762,3400 1627,3390 1560,3407"/>
                <Baseline points="1568,3432 1595,3428 1622,3426 1649,3424 1676,3423 1704,3423 1731,3424 1758,3424 1785,3424 1813,3423"/>
                <TextEquiv>
                    <Unicode>pressionanti.</Unicode>
                </TextEquiv>
            </TextLine>
            <TextLine id="r2l52" custom="readingOrder {index:51;}">
                <Coords points="1597,3471 2386,3495 2659,3469 2632,3415 2358,3454 1597,3441"/>
                <Baseline points="1605,3473 1657,3474 1709,3476 1761,3477 1814,3477 1866,3478 1918,3478 1971,3478 2023,3478 2075,3477 2128,3477 2180,3476 2232,3475 2284,3474 2337,3473 2389,3472 2441,3472 2494,3471 2546,3470 2598,3469 2651,3469"/>
                <TextEquiv>
                    <Unicode>Tra i comici il piü bravo é Enrico. La sera del 14 lu¬</Unicode>
                </TextEquiv>
            </TextLine>
            <TextLine id="r2l53" custom="readingOrder {index:52;}">
                <Coords points="1562,3538 2588,3538 2668,3521 2667,3465 2462,3500 1561,3499"/>
                <Baseline points="1569,3529 1623,3528 1678,3527 1732,3526 1787,3525 1842,3524 1896,3524 1951,3523 2005,3522 2060,3522 2115,3521 2169,3521 2224,3520 2278,3520 2333,3520 2388,3519 2442,3519 2497,3519 2551,3520 2606,3520 2661,3520"/>
                <TextEquiv>
                    <Unicode>glio, egli é in vena perchè si sente felice. Ha sposato i1d</Unicode>
                </TextEquiv>
            </TextLine>
            <TextLine id="r2l54" custom="readingOrder {index:53;}">
                <Coords points="1565,3575 2588,3586 2654,3574 2654,3533 1565,3541"/>
                <Baseline points="1573,3578 1626,3577 1680,3576 1734,3575 1787,3574 1841,3573 1895,3573 1948,3572 2002,3571 2056,3570 2110,3570 2163,3569 2217,3569 2271,3568 2324,3568 2378,3568 2432,3568 2485,3568 2539,3568 2593,3568 2647,3568"/>
                <TextEquiv>
                    <Unicode>giorno innanzi Leocadia, un'attrice che egli ama folle¬</Unicode>
                </TextEquiv>
            </TextLine>
            <TextLine id="r2l55" custom="readingOrder {index:54;}">
                <Coords points="1556,3623 2474,3639 2668,3629 2667,3566 2405,3605 1555,3596"/>
                <Baseline points="1563,3624 1617,3624 1672,3623 1727,3623 1782,3622 1837,3622 1892,3621 1947,3621 2002,3621 2057,3620 2112,3620 2166,3619 2221,3619 2276,3619 2331,3618 2386,3618 2441,3618 2496,3618 2551,3617 2606,3617 2661,3617"/>
                <TextEquiv>
                    <Unicode>mente. Quella sera dunque vuol superarsi, e recita dar</Unicode>
                </TextEquiv>
            </TextLine>
            <TextLine id="r2l56" custom="readingOrder {index:55;}">
                <Coords points="1561,3680 2655,3686 2666,3626 1561,3654"/>
                <Baseline points="1569,3675 1623,3674 1678,3674 1732,3673 1787,3673 1841,3672 1896,3671 1950,3671 2005,3670 2059,3669 2114,3669 2168,3668 2223,3667 2277,3667 2332,3666 2386,3666 2441,3666 2495,3666 2550,3666 2604,3666 2659,3666"/>
                <TextEquiv>
                    <Unicode>pari suo. Ma viceversa scherza col fuoco. Figuratevi chei</Unicode>
                </TextEquiv>
            </TextLine>
            <TextLine id="r2l57" custom="readingOrder {index:56;}">
                <Coords points="1554,3731 2624,3733 2648,3678 1553,3707"/>
                <Baseline points="1561,3723 1615,3723 1669,3723 1723,3723 1777,3722 1831,3722 1885,3722 1939,3721 1993,3720 2047,3720 2101,3719 2155,3719 2209,3718 2263,3718 2317,3718 2371,3717 2425,3717 2479,3717 2533,3717 2587,3718 2641,3718"/>
                <TextEquiv>
                    <Unicode>finge di aver sorpreso la moglie in intimo colloquio cof</Unicode>
                </TextEquiv>
            </TextLine>
            <TextLine id="r2l58" custom="readingOrder {index:57;}">
                <Coords points="1567,3778 2643,3782 2663,3733 1567,3738"/>
                <Baseline points="1574,3769 1628,3769 1682,3769 1736,3769 1790,3769 1844,3768 1898,3768 1952,3768 2006,3768 2060,3767 2115,3767 2169,3767 2223,3767 2277,3766 2331,3766 2385,3766 2439,3766 2493,3766 2547,3767 2601,3767 2656,3767"/>
                <TextEquiv>
                    <Unicode>duca di Cadignan e racconta, con meravigliosa finzione</Unicode>
                </TextEquiv>
            </TextLine>
            <TextLine id="r2l59" custom="readingOrder {index:58;}">
                <Coords points="1564,3819 2004,3841 2314,3820 2313,3791 2257,3779 1564,3784"/>
                <Baseline points="1572,3818 1608,3819 1645,3820 1682,3820 1718,3820 1755,3820 1792,3820 1828,3819 1865,3819 1902,3818 1939,3817 1975,3817 2012,3816 2049,3815 2085,3814 2122,3814 2159,3813 2195,3813 2232,3813 2269,3814 2306,3814"/>
                <TextEquiv>
                    <Unicode>di particolari, di aver ucciso il rivale.</Unicode>
                </TextEquiv>
            </TextLine>
            <TextLine id="r2l60" custom="readingOrder {index:59;}">
                <Coords points="1591,3872 2596,3879 2659,3863 2659,3823 1591,3834"/>
                <Baseline points="1598,3865 1650,3866 1703,3867 1756,3867 1808,3867 1861,3868 1914,3868 1966,3868 2019,3868 2072,3868 2125,3868 2177,3867 2230,3867 2283,3866 2335,3866 2388,3865 2441,3865 2493,3865 2546,3864 2599,3863 2652,3863"/>
                <TextEquiv>
                    <Unicode>Disgraziatamente il tradimento della bella Leocadia, che</Unicode>
                </TextEquiv>
            </TextLine>
            <TextLine id="r2l61" custom="readingOrder {index:60;}">
                <Coords points="1559,3932 2654,3925 2654,3881 2584,3873 1988,3898 1559,3870"/>
                <Baseline points="1566,3914 1620,3915 1674,3916 1728,3916 1782,3917 1836,3917 1890,3917 1944,3917 1998,3917 2052,3917 2106,3916 2160,3916 2214,3915 2268,3915 2322,3914 2376,3913 2430,3913 2484,3912 2538,3911 2592,3910 2647,3909"/>
                <TextEquiv>
                    <Unicode>E una poco di buono, non &amp; che la veritä. E l’oste egli</Unicode>
                </TextEquiv>
            </TextLine>
            <TextLine id="r2l62" custom="readingOrder {index:61;}">
                <Coords points="1562,3979 2669,3975 2669,3939 2502,3919 1562,3933"/>
                <Baseline points="1569,3962 1623,3963 1678,3964 1732,3964 1787,3964 1842,3965 1896,3965 1951,3965 2005,3965 2060,3965 2115,3965 2169,3964 2224,3964 2278,3963 2333,3963 2388,3962 2442,3961 2497,3960 2551,3959 2606,3958 2661,3956"/>
                <TextEquiv>
                    <Unicode>avventori del e Pappagalio verde  che lo sanno, credono</Unicode>
                </TextEquiv>
            </TextLine>
            <TextLine id="r2l63" custom="readingOrder {index:62;}">
                <Coords points="1561,4026 2633,4026 2652,3981 1561,3997"/>
                <Baseline points="1569,4010 1622,4011 1676,4012 1730,4012 1784,4013 1838,4013 1891,4014 1945,4014 1999,4014 2053,4014 2107,4014 2160,4014 2214,4013 2268,4013 2322,4013 2376,4012 2429,4012 2483,4012 2537,4011 2591,4011 2645,4011"/>
                <TextEquiv>
                    <Unicode>che Enrico parli sul serio &amp; lo approvanoe lo eccitano.</Unicode>
                </TextEquiv>
            </TextLine>
            <TextLine id="r2l64" custom="readingOrder {index:63;}">
                <Coords points="1557,4060 2474,4076 2626,4070 2653,4024 1557,4038"/>
                <Baseline points="1565,4060 1619,4061 1673,4061 1727,4062 1781,4062 1835,4062 1889,4062 1943,4062 1997,4062 2051,4062 2105,4062 2159,4061 2213,4061 2267,4061 2321,4061 2375,4060 2429,4060 2483,4060 2537,4060 2591,4059 2646,4059"/>
                <TextEquiv>
                    <Unicode>Egli alla fine intuisce il veroe la finzione diviene realtä.</Unicode>
                </TextEquiv>
            </TextLine>
            <TextLine id="r2l65" custom="readingOrder {index:64;}">
                <Coords points="1564,4108 2642,4122 2683,4113 2683,4060 1564,4067"/>
                <Baseline points="1571,4104 1626,4107 1681,4108 1736,4110 1792,4111 1847,4113 1902,4113 1957,4113 2013,4113 2068,4113 2123,4113 2178,4113 2234,4112 2289,4112 2344,4111 2399,4110 2455,4110 2510,4109 2565,4109 2620,4108 2676,4108"/>
                <TextEquiv>
                    <Unicode>Contro il duca di Cadignan. che entra in quel momento,</Unicode>
                </TextEquiv>
            </TextLine>
            <TextEquiv>
                <Unicode>box 15/2
Aee
Telephon 12.801.
S 
 „OBSERVER —
1. österr. behördl. konz. Unternehmen für Zeitungs-Ausschnltte
Wien, I., Concordiaplatz 4.
Vertretungen
in Berlin, Budapest, Chicago, Christiania, Genf. Kopen¬
hagen, London, Madrid, Mailand, Minneapolis, New-Vork,
Paris, Rom, San Francisco, Stockholm, St. Petersburg.
(Quellenapcihe ohne dewfhr).
Ausschnitt ams; Maceel de ez
#270 Reue
II pappagallo verde, dramma in un atto di A. SCHNTT-
ZLAR. Roma — Teatro Argentina — 25 gennaio 1909.
7 ippagallo verde &amp; l'insegna di una di quelle strane
taveräé, mezzo osterie, mez#e, birrerie, di cui ancora oggi
abbiamö a PParigi qualche pallido esempio in quei caba¬
retsschefsekgono nelle vicinanze della Place blanc su al
quattiefe eccentrico di Montmartre. Ne conosco diversi,e
ognuno di essi si distingue per una particolare fisionomia
per una speciale stravaganza. Vi è ad esempio il cabaret
de la mort, lugubre, imspressionante, dove i mobili hanno
forma di casse funebri e le pareti sono adorne di teschi
e ossa di morti e i camerieri cammuffati da becchini ac¬
colgono gli avventori con orazioni funebri!
Vi eil cabaret de tricands dove ogni avventore é ac¬
colto al suo ingresso da grida pazze di gioia e speciali
artisti, specie di giullari, esaltano a voce altissima i ti¬
toli c le doti dei frequentatori del locale, naturalmente
senza conoscerli. Vi é il cabaref du eiel e ve ne sono
cento altri dei quali sarebbe troppo lungo rilevare la stra¬
nezza.
I puppagallo verde potrebbe dunque ascriversi a questa
categoria di locali. Lo Schnitzler finge in esso l’azione
del suo dramma che fa risalire alla sera famosa del 14
Luglio 1789.
Prospero, l’oste proprietario del-Pappagallo verde“, ha
T’abitudine di scritturare dei comici che vengano a reci¬
tare, improvvisando delle scene, per lo piu truci, della
mala vita, nel locale per divertire, strano divertimento
fatto di violente emozioni, gli aristocratici avventori.
Chi viene simulando d’aver commesso un delitto, chi
racconta i particolari terribili di una turpe violenza, di
una rapina, di un incendio..
I giovanotti del gran mondo e le donnine allegre che
formano il pubblico viziato del e Pappagallo verde“, pen¬
dono dalle labbra degli strani e improvvisati attori e ap¬
plaudono a chi, meglio simulando, ottiene effetti piü im¬
pressionanti.
Tra i comici il piü bravo é Enrico. La sera del 14 lu¬
glio, egli é in vena perchè si sente felice. Ha sposato i1d
giorno innanzi Leocadia, un'attrice che egli ama folle¬
mente. Quella sera dunque vuol superarsi, e recita dar
pari suo. Ma viceversa scherza col fuoco. Figuratevi chei
finge di aver sorpreso la moglie in intimo colloquio cof
duca di Cadignan e racconta, con meravigliosa finzione
di particolari, di aver ucciso il rivale.
Disgraziatamente il tradimento della bella Leocadia, che
E una poco di buono, non &amp; che la veritä. E l’oste egli
avventori del e Pappagalio verde  che lo sanno, credono
che Enrico parli sul serio &amp; lo approvanoe lo eccitano.
Egli alla fine intuisce il veroe la finzione diviene realtä.
Contro il duca di Cadignan. che entra in quel momento,</Unicode>
            </TextEquiv>
        </TextRegion>
    </Page>
</PcGts>
