3436 4256
1155 223 1222 296 K
2093 224 2559 309 box 15//6
299 229 1942 336 9.4. ber enaan zvklus
1389 504 2472 601 einer gewissen Höchstgeschwindigkeit nicht eine Grenze
1385 566 1528 624 hätte.
1642 663 2402 762 Theater und Musik. 72#00
1453 731 2472 806 * Das altersgraue Gebäude des „Deutschen
1378 759 2455 841 Theaters“ liegt versteckt in einem Winkel der Welt¬
1382 833 2454 888 stadt, wo man vom Frühling kaum etwas merkt. Aber
1375 884 2460 931 das Gerücht, daß sich Wald und Flur zur Lenzfeier
1375 916 2468 977 rüsten, daß der Apfelbaum sein weißes Blüthenkleid
1386 964 2463 1039 überwirft und die Birke in grünen Schleiern prangt,
1383 1008 2464 1072 verbreitet sich nachgerade doch selbst unter den An¬
1385 1052 2472 1115 wohnern der Schumannstraße. Und da die Bühnen¬
1392 1095 2461 1172 leitung aus mehrjähriger Erfahrung weiß, daß diese
1388 1137 2469 1211 Kunde nur zu bald durch eine wachsende Theaterscheu
1392 1178 2459 1247 bestätigt werden wird, so richtet sie sich ergebungsvoll
1387 1225 2462 1286 auf das Ende der Spielzeit ein. Am Sonnabend
1385 1275 2466 1331 hat sie die letzten Neuheiten, drei Einakter von
1381 1307 2462 1386 Arthur Schnitzler, herausgebracht. Der Erfolg
1390 1354 2465 1421 war so, wie ihn eine Leitung nach monatelanger Arbeit
1392 1409 2461 1450 zum guten Abschluß sich wünschen darf. Von allen
1383 1451 2464 1499 Berliner Theatern hat nur das „Deutsche" Erfolge
1381 1486 2469 1555 aufzuweisen, die nicht allein für die Kasse, sondern auch
1385 1532 2458 1593 einigermaßen für Literatur und Kunst bedeutsam waren.
1380 1583 2457 1630 Mit Hauptmanns „Fuhrmann Henschel“ erhielten wir
1391 1625 2458 1675 ein Musterwerk naturalistischer Kleinkunst, in ähnlichem
1384 1671 2464 1719 Sinne war Hirschfelds „Pauline“ beachtenswerth, Max
1386 1704 2465 1791 Dreyers „Haus“ erfreute durch die Verschmelzung
1389 1760 2470 1820 frischer Realistik mit einer anziehenden ethischen Tendenz.
1387 1798 2457 1865 Enge Grenzen sind es allerdings, die das Literatur¬
1390 1835 2461 1901 gebiet des „Deutschen Theaters“, seine Leistungen und
1382 1882 2457 1946 Wirkungen umspannen. Manches Echte, abernichts Großes.
1382 1935 2459 1997 Das einzige Werk, das über den Alltag hinausstrebte,
1379 1961 2460 2036 Sudermanns „Drei Reiherfedern“, war ein ohnmächtiger
1379 2020 2458 2079 Versuch, mit Ikarusflügeln die Sonnenhöhen der Poesie
1367 2071 2460 2131 zu gewinnen. Sudermann möchte uns faustisch kommen,
1385 2103 2433 2151 zugleich aber den großen Theatererfolg der „Saison“
1383 2145 2444 2210 einheimsen. Von dem inneren Widerspruch, in den er
1367 2185 2460 2254 damit geräth, scheint er kaum etwas zu ahnen. Daß
1368 2240 2461 2302 er ihn nicht begreift, das ist sein Verhängniß. Mit all
1377 2273 2464 2332 seinem Wollen wird er infolge dessen nur in die Reihe
1379 2329 2466 2377 der Theatraliker Kotzebuc, Raupach, Halm und Laube
1377 2366 2452 2446 einzureihen sein... In der Theaterei aber bleibt auch
1380 2411 2440 2469 Arthur Schnitzler stecken. Sein Schaffen ist fast
1380 2456 2457 2532 ausschließlich auf die Augenblickswirkung, den Effekt
1378 2498 2442 2556 gerichtet; würde er die Ideen und Stimmungen,
1378 2538 2450 2616 die ihn erfüllen, ausreifen lassen, statt sie in flüchtiger
1379 2587 2458 2639 Zustutzung für den „Saifonbedarf“ zu verwerthen, so.
1374 2635 2454 2694 hätten wir einen Theaterliebling weniger, aber einen
1374 2671 2443 2722 bedeutenden Künstler mehr. Seine drei Einakter sind
1373 2721 2453 2787 ein echtes und rechtes Nachgericht zur „Saison“ Es
1372 2760 2451 2834 giebt da allerlei zu naschen, an Witz, Laune, Geist,
1374 2812 2446 2869 Gefühl, aber es bleibt Alles in innerem Gehalt und
1373 2854 2450 2913 äußerer Fülle auf das Maß beschränkt, wie es einem
1383 2890 2433 2947 Durchschnittspublikum als theatralische Abendkost zu¬
1376 2937 2449 3017 träglich und angenehm ist. Jedes der kleinen Dramen
1379 2983 2448 3053 gründet sich auf eine niedliche oder auch geistreiche Idee,
1385 3026 2457 3098 die Erfindung ist nicht ohne Eigenart, die Ausführung
1383 3069 2449 3119 in Einzelheiten fesselnd, wenn auch im Ganzen zu
1378 3116 2453 3187 mager und oberflächlich. Der Theatraliker aber hat in
1373 3156 2448 3208 allen drei durchaus die Oberhand, während der Künstler,
1363 3200 2453 3269 der nicht von der Wirkung ausgeht, sondern in seinen
1382 3247 2441 3317 Werken sich möglichst reich und entschieden auszuleben
1383 3287 2446 3335 sucht, nur hier und da zur Geltung kommt. Die
1384 3334 2443 3393 Probleme sind durchweg erkünstelt und konstruirt, auf
1376 3375 2443 3434 Ueberraschung und Erstaunen berechnet, statt auf ein
1383 3417 2441 3492 inncres Lebensinteresse auszugehen; ebenso läuft die
1374 3453 2441 3533 Gestaltung des Stoffs vorwiegend auf Blendung und
1380 3501 2439 3560 Spielerei hinaus, um Wahrheit und Tiefe ist es schwach
1370 3560 2431 3607 bestellt. Der erste der Einakter, der sich „Die Ge¬
1384 3595 2443 3662 fährtin“ nennt, könnte in altem Titelstil heißen:
1380 3641 2438 3688 „Ueberraschung auf Ueberraschung — Oder: Er erbost
1383 3685 1820 3740 sich schließlich doch.“
1845 3683 2438 3743 Professor Robert Pilgram
1380 3729 2437 3789 ist der Typus eines Modernen, eines Menschen,
1370 3775 2435 3839 der genährt mit dem Studium neuester Philosophen
1375 3810 2436 3876 und Ethiker, alle Dinge nimmt, wie sie sind, ohne
1378 3862 2436 3924 Zorn und Eifer, immer bemüht, der Losung nachzu¬
1369 3905 2436 3967 leben, die da lautet: Alles Verstehen heißt Alles Ver¬
1365 3941 2432 4014 zeihen. Vor einer Stunde hat er sein Weib begraben.
1378 3992 2420 4044 Sie ist jung gestorben, einem Herzschlag plötzlich er¬
1367 4025 2439 4078 legen. Die Bekannten, die sich zur Trauerfeier einge¬
1370 4076 2431 4141 funden, haben das Haus verlassen. Der Professor ist
1365 4115 2434 4162 allein mit einer Freundin, einer Frau, die ebenso
1370 4156 2396 4212 modern wie er. Sie bittet ihn. dem Schreibtisch der
