3436 4256
1432 173 1870 260 box 15/2
778 183 1289 261 uene Kakadu
506 202 603 262 er
230 194 1280 289 9.3  KTUSAELRRR
1017 1095 1535 1245 A
1683 1168 2072 1267 Telephon 12.801.
1779 1268 1857 1342 64
1195 1302 1807 1419 „UBSENTER
978 1399 2081 1480 l. österr. behördl. konz. Unternehmen für Zeitungs-Ausschnitte
1099 1458 1944 1560 Wien, I., Concordiaplatz 4.
1303 1543 1741 1604 Vertrefungen
981 1578 2068 1651 in Berlin, Budapest, Chicago, Christiania, Gent, Kopen¬
973 1629 2086 1683 hagen, London, Madrid, Mailand, Minneapolis, New-Vork,
1011 1690 2022 1756 Paris, Rom, San Francisco, Stockholm, St. Petersburg.
1315 1719 1738 1791 (Quellenangabe ohns Gewähs).
971 1726 2172 1858 M #  We en
993 1843 1371 1938 vom: TO : Z.
1391 1844 1936 1988 9 Sar
983 2068 1911 2197 SIL PPRPPNGRLLo VERDE,
1357 2171 1643 2242 à ROMA.
985 2235 2040 2332 II Punnagallo Verde. dramma in un atto di Arturo
953 2297 2045 2369 Schnitzler, nuovo per i'’Italia, a Vienna ebbe un infinito
947 2362 2038 2433 Eseguito di repliche. E' originale neil'insieme — sebbene in
950 2419 2041 2489 un punto ricordi la Femme de Tabarin — ed altamente
950 2484 2036 2534 Esuggestivo. In una trattoria, condotta da un ex capocomico,
946 2522 2052 2595 alcuni attori rappresentano ail'’improvviso delle scene... da
949 2577 2047 2639 Grand Guignol, unendosi al pubblico formato da nobili
955 2633 2050 2705 parigini, mentre di fuori rombano le cannonate contro la
958 2686 1155 2758 Bastiglia.
989 2720 2046 2797 La finzione si confende con la reaitä. L'attore Enrico
959 2802 2052 2856 finge di avere ucciso il duca di Cadignan, amante di sua
960 2830 2056 2911 moglie. Lo stesso capocomico (Dondini) crede che ció sia
966 2885 2055 2954 vero — e svela la tresca, che veramente esisteva, fra Lo¬
958 2957 1922 3014 cadia (Ada Dondini) la moglie di Enrico, e il Duca.
994 3001 2051 3064 Sicche quando poi Cadignac entra.., il marito oitraggiato
952 3052 2050 3119 l’uceide, e il popolo trionfatore irrompe sulla scena ad
963 3116 1666 3174 inneggiare alla caduta della Bastiglia.
997 3161 2048 3230 II Mascalchi fu un Enrico potente, e la sua signora A¬
965 3212 2049 3289 melia Rossi Bissi un'elegantissima, affascinante Murchesa
970 3283 2044 3335 di Lanzac, molto precisa nella sua viziosa perversità, sma¬
962 3327 2064 3388 niosa di vibrare e nel vero e nel falso; nell'azione simulata
960 3390 1448 3446 e in quella.., sanguinosa.
1001 3431 2067 3483 Tutte le macchiette di quei nobili n decadenti n sono di¬
967 3494 2056 3569 segnate con abile mano, e furono rese con sufficiente a¬
967 3550 1102 3605 bilitä.
992 3586 1778 3664 II lavoro, credo, impressionera ovunque.
1860 3528 2084 3703 30
