3436 4256
1397 171 1862 265 box 15/2
980 184 1298 253 Kakadu
809 209 878 259 E
238 188 1300 304 9.3. Der Kru eeane See
1111 877 1506 974 Telephon 12.801.
438 1054 503 1113 S
632 1003 1256 1152 „OBSERVER“
580 1097 615 1129 —
412 1114 1505 1222 C österr. behördl. konz. Unternehmen für Zeitungs-Ausschnltte
557 1170 1389 1279 Wien, I., Concordiaplatz 4.
740 1259 1192 1331 Vertretungen
420 1300 1498 1401 in Berlin, Budapest, Chicago, Christiania, Genf, Kopen¬
426 1339 1505 1437 hagen, London, Madrid, Mailand, Minneapolis, New-Vork,
463 1380 1475 1482 Paris, Rom, San Francisco, Stockholm, St. Petersburg.
754 1435 1183 1507 (Quellenfhgäbe ehne Gewähr).
418 1479 1135 1591 Ausschnitt aus: +279.40
1056 1556 1491 1645 Grs
845 1598 1021 1701 9S
443 1637 855 1748 P prunse
629 1767 1322 1861 rappresentazioni
412 1873 1063 1967 II pappagallo verde „
780 1941 1303 2043 di A. Schnitzler
402 2004 1302 2089 Ggeob siafla prima volta che st rappresenti un
373 2080 1296 2147 lavoro del giovane drammaturgo austriaco in
375 2131 1303 2203 Italia: dobbiamo, dunque e comunque, esser grati
371 2176 1288 2238 all'Argentma che ci ha fatto conoscere /7 Happa¬
367 2227 1295 2300 gallo verde. Dico comunque, perché egli ha scritto
361 2294 1302 2354 cose di maggior valore e piu originali: ma i
370 2349 1279 2411 carattere della sua opera, densa, rapida direi im¬
355 2398 1282 2481 pressionista si rivela anche in questo breue epi¬
363 2445 980 2519 sodio della rivoluzione francese.
396 2513 1281 2574 Episodio immaginario, ma vivo: ci troviamo
357 2548 1285 2635 in un'osteria del sobborgo e nella storica sera del
361 2607 1291 2689 14 luglio 1789 In quell'osteria si raccolgono
363 2665 1278 2742 improvvisatori di scene e di commedie, e nello
351 2726 1284 2781 stesso tempo preparatori di un terribile dramma
361 2776 1286 2849 storico. Ma la friquentano anche gli dristocratici
364 2831 1284 2903 ### dilettano delle loro finzioni drammatiche e,
453 2874 1283 2954 eiu wro mnacce reali. Una scena
353 2884 1269 3023 Ta Taltro, quela sera, mentre il popolo st astepa
347 2976 1272 3064 giä minaccioso intorno alla Bastilia, essi ammirano:
346 3013 1276 3102 il ragconto che un attore, Enrico, marito da
348 3079 1268 3173 giorno innanzi di Leocadia, attrice della Porte
343 3123 1269 3230 Saint-Martin, fa dell’ uccisione dell' amante della
335 3200 1262 3281 moglie, duca di Cadignan. Ma il racconto é tanto
342 3235 1263 3341 vero che anche isuoi compagni gli credono clo
325 3297 1255 3390 approvano e lo confortano: cosi che quando, dopo
321 3349 1261 3450 poco, fra la folla ebra di ritorno dalla Bastiglia
318 3414 1245 3497 presa, entra il duca per fuori gli amici ari¬
325 3459 1253 3554 stocratici, Enrico gli va incontro e lo ammazza.
363 3510 1249 3603 Ció non & molto originale: ma & originale la
314 3571 1243 3669 pittura del luogo e degli uomini e dell' ora. Re¬
313 3615 1242 3718 citato con afliatamento e con disinvoltura sotto
320 3663 1241 3767 la dirczione del Dondini il lavoro dello Schintzler
305 3717 795 3812 ha-Wuto büdn successo.
2724 484 3107 562 Telephon 12301.
2841 628 2948 727 800
2981 633 3092 728 MM
2696 637 2788 730 11
1969 636 2635 755 & MDEEEIRN
1951 750 3092 813 G l. österr. behördl. konz. Unternehmen für Zeitungs¬
2436 787 2703 848 Ausschnitte
2127 824 3019 924 Wien, I., Concordiaplatz 4.
2382 906 2757 980 Vertretungen
1959 951 3103 1040 in Berlin, Budapest, Chicago, Christiania, Genf, Kopen¬
2044 996 3120 1069 hagen, London, Madrid, Mailand, Minneapolis, New Vork,
2045 1036 3123 1105 Paris, Rom, San Francisco, Stockholm, St. Petersburg.
2372 1088 2784 1146 (Quellenangabe ohne Gewähr.)
1988 1145 2461 1227 Ausschnitt aus:
2462 1161 3034 1267 La Stampa, Torind
2037 1271 2182 1321 vom
2651 1259 3117 1376 26. UAN 190g
2111 1387 3023 1531 II‘ Pappagallo verde,
2271 1507 2605 1583 di Arture S
2165 1542 2968 1625 allArgentin# Roma.
2563 1607 2967 1676 Roma, 26, ere 0,55.
2146 1657 2990 1715 Stesera con mediocre successo la Com¬
2090 1695 2991 1745 pagnia stabile detla città di Roma ha rap¬
2104 1736 3023 1798 presentato al teatro Argentina e per la pri¬
2989 1775 3025 1816 0
2096 1775 2988 1823 ma volta in Ialia il dramma in un atto
2101 1819 2992 1877 del notissimo scrittore tedesco A. Schnit¬
2095 1858 3005 1923 zler. II pubblico romano si & mostrato in¬
2095 1899 3006 1932 giustamente severo verso questo originale
2098 1928 3004 1987 lavoro drammatico cher ebbe recentemente
2093 1968 2999 2018 un grande successo al téatro Antoine à Pa¬
2087 1998 3008 2071 rigi. II dramma si svolge appunto a Parigi
2102 2055 3006 2118 all’epoca della rivoluzione francese, la sera
2093 2093 2672 2153 della presa della Bastiglia.
2144 2118 3002 2196 II Poppagallo perde é l’insegna di una
2093 2169 2991 2214 originale osteria esercita da Prospero, un
2091 2194 2998 2275 ex-direttore di teatro. Il furbo oste ha con¬
2098 2233 3002 2306 vertito il suo antro nel ritrovo della migiio¬
2100 2276 3007 2336 re società parigina, facendone undcaba¬
2087 2326 3012 2382 retn per i cercatori di forti emozioni. Egli
2096 2366 2999 2428 ha improvvisato al Pappagallo verde un
2097 2395 2999 2460 teatro, ma non un teatro cogli scenarie le,
2095 2438 2993 2483 esuinte. Una schiera di attori da lui serit¬
2089 2481 2991 2533 turati fingono fra quelle pareti fumose le
2088 2515 3006 2580 piu atroci scene della vita reale. Per gli
2081 2556 3004 2614 ägnari, per coloro che v. capitano la prima
2086 2605 2995 2666 volta il Pappagallo verde & il ritrovo dei
2097 2641 3009 2694 peggiori malandri parigini. Gli aristo¬
2091 2671 2990 2731 cratici, che vi pon mo piede, vengono svil¬
2083 2710 2990 2768 Taneggiati dagli a, iches del tempo; che vi
2084 2757 2981 2815 raccontano le proprie gesta e si dividono
2094 2789 2991 2849 in pubblico il frztto del loro bottino, ven¬
2082 2828 2988 2897 gono a contesa fra di loro, narrano gli as¬
2090 2874 2999 2935 sassini compinti, ecc. Tutto ció & cosi abil¬
2094 2917 2991 2961 mente posto in iscena, che riesce a dare
2081 2949 2992 3008 Tillusione della realtà. Le grandi dame
2082 2989 2987 3038 si fanno accompagnare al Pappagallo ver¬
2093 3022 2995 3079 de per conoscere da vicino i grandi crimi¬
2079 3050 3011 3130 nali. Un brivido di emozione e di piacerest
2090 3110 2994 3160 insieine seuotg i nervi di quella gento bla¬
2090 3142 2981 3198 sér. # cospetto dei sanguinari famosi ri¬
2090 3187 2982 3227 cercati dalla Polizia. Coloro, che conosco¬
2079 3217 2980 3277 no il trucco, vanno egualmente al Pappa¬
2091 3266 2987 3325 gallo verde per assistere ad uno spettacolo
2085 3299 2991 3347 sempre nuovoe diverso dal solito. L’oste
2077 3331 2993 3397 Prospero, che é, tra parentesi, un rivolu¬
2076 3376 2989 3433 zionario, fa ottimi affari alle spalle degli
2081 3415 2990 3464 odiati aristocratiei. Fatalmente un vero
2085 3457 2969 3508 dramnja viene a mescolarsi ai drammi si¬
2072 3492 2991 3546 mulati. Fra gli attori d’occasione scrittu¬
2075 3534 2984 3593 rati da Prospero vi & Enrico, marito di
2075 3567 2990 3630 Leocadia, giovane e bella attrice della
2080 3616 2970 3654 # Porte Saint-Martin „: Enrico era dappri¬
2069 3653 2981 3690 ma, come tanti altri, lamante della bella
2081 3694 2971 3733 e facile Leocadia, il cui ultimo amante ari¬
2075 3730 2986 3788 stocratico fu il duca di Cedignan. II ma¬
2080 3762 2970 3818 rito ignora questo particolare. La sera del¬
2082 3803 2980 3863 le nozze egli conduce per l’ultimn volta
2070 3840 2979 3907 Leocadia al Pappogallo verde. Innamora¬
2070 3885 2971 3941 stissimo della moglie, egli vuol sottrarla al¬
2083 3920 2976 3975 Ie tentazioni dell’ambiente parigino e con¬
2077 3948 2982 4023 durla seco in campagna. L’ultima appari¬
2074 3989 3007 4065 zione di Enrico all’osteria di Prospero pro¬
2081 4034 2977 4081 voca il dramma. Enrico, dopo aver accom¬
2072 4072 2981 4135 pagnsto Leocadia alla & Porte Saint-Mar¬
2076 4119 2954 4157 tin o ritorna al Pappagallo verde. per reci¬
