3484 4256
218 3207 315 3292 et
1407 143 1853 253 box 15/3
680 154 1293 241 fruene Kakadu
455 159 545 237 De
199 165 1282 278 9.3. Ser tacnenaanuan
918 1309 3371 1410 Lorden Waten. Durch den an. Rechle und AnPruche söwie sein Rechl auf die Konsu= in dems internationalen Su#
1630 1423 2724 1486 kreuzt die Motive und wiederholt sie. Er glaubt
601 1416 1505 1519 Strindberg-Schnitzler-Abend.
2750 1439 3366 1515 romantischen Schicksalsdrama
1624 1461 2730 1541 durch Einzelzüge den Gesamtzug zu verstärken und
2751 1485 3361 1555 gräfliche Stiefel, Lakaienrock,
817 1482 1291 1573 Lessing=Theckter.
1624 1512 2721 1598 schwächt und zersplittert ihn. Ibsen kommt durch
2751 1537 3379 1605 sind nicht Exponenten des Mili#
501 1549 1601 1619 Strindberg nennt „Fräulein Julie“ ein naturalistisches
1623 1567 2720 1642 Retardierung vorwärts, weil er an die schicksal¬
2744 1580 3378 1655 seelischer Situationen. Sie w
488 1599 1597 1689 — Trauerspiel. Aber dieses Drama wird nur schein¬
1627 1617 2721 1690 bestimmenden Kräfte glaubt, die durch diese Technik
2737 1634 3367 1701 nach innen, sondern von inn
486 1653 1607 1733 bar von Milien und Zuständen bestimmt. Seine Per¬
1629 1662 2726 1736 enthüllt werden. Strindberg stockt hier, weil er die
2747 1684 3378 1749 die Requisiten fordern die Spra
497 1708 1609 1782 sonen sind nicht abhängig von ihrer Umwelt, sondern
1623 1713 2724 1790 Weltanschauung nicht hat, die diese Technik legitimiert.
2743 1728 3368 1792 fordert die Requisiten heraus.
488 1758 1612 1820 von ihren geistigeseelischen Gesetzen. Der Naturalismus
1663 1761 2672 1842 Darum kämpft er — auch in „Fräulein Julie“ —
2782 1782 3377 1849 Der Naturalist Strindberg i
501 1803 1610 1876 ist bei Strindberg als Weltanschauung Kopie, als
1628 1813 2725 1892 unbewußt gegen das Dogma, das ihn theoretisch der
2744 1826 3377 1891 Technik geschlagen. Die For#
493 1848 1599 1928 Technik Experiment. Er zerrt eine fortreißende Vision
1622 1862 2719 1937 Zeit unterliegen ließ. Strindberg denkt Naturalist zu
2745 1879 3373 1938 sollte, widerlegt ihn. Als S#
499 1903 1596 1971 auf pedantische Motive zurück und zerbricht eine
1626 1919 2723 1984 sein, wenn er naturalistische Requisiten verwendet.
2753 1909 3365 1993 die Teile dieses Dramas als E
489 1958 1381 2024 geballte Handlung in Ansätze und Stücke.
1618 1968 2718 2039 Aber gerade seine Requisiten widerlegen seinen
2743 1967 3371 2040 stellte er sich wieder dem Ge
540 2002 1607 2070 Strindberg hat in „Fräulein Julie“ noch nicht den
1613 2006 2707 2082 Naturalismus. Wenn dem Diener die Stiefel, die
2740 2014 3337 2084 das er als psychologischer
499 2040 1598 2111 Mut zur Einseitigkeit. Julie, die Grafentochter, und
1616 2059 2725 2132 der Graf verlangen wird, Erinnerung an Knechtschaft
2723 2053 3369 2133 Alle Wucherungen konnte die Kl
486 2081 1591 2160 Jean, der Diener, deren Gesichter sich nur abzeichnen,
1614 2110 2720 2194 bedeuten sollen, so werden sie damit zum szenischen
2722 2128 3365 2175 Aber die einaktige Form, de
490 2141 1605 2217 wenn die Flamme des Geschlechts durch sie hindurch¬
1624 2162 2709 2237 Symbol und Akzent. Sie gliedern den Dialog und
2725 2169 3376 2229 berg in anderen Werken bleib#
490 2175 1593 2264 schlägt, werden auch dann einander zugekehrt, wenn
1614 2200 2714 2278 präzisieren die Charakteristik. Sie heben heraus.
2745 2209 3365 2287 den Punkt, von dem auch dies
499 2244 1599 2313 ihre Züge im Dunkeln liegen. Sie gehen in ihre
1624 2264 2721 2323 Sie intensivieren — wie das Sprachrohr, durch das
2775 2263 3360 2339 Barnowsky hatte ihn nicht
483 2270 1589 2347 Vergangenheit zurück und erklären sich aus Elternhaus
1623 2298 2723 2381 unhörbar der Graf spricht, wie die Glocke, mit der
2724 2308 3372 2385 der Fanatismus der Einseitig
486 2327 1592 2405 und Erziehung. Sie treten sich als Klassenmenschen
1620 2349 1850 2407 er läutet
1866 2367 2718 2420 — die Irrealität des äußeren und die
2732 2367 3357 2432 starr und glühend auf einem se
491 2384 1597 2467 entgegen und motivieren sich aus adliger Schwäche,
1619 2398 2713 2474 Realität des inneren Vorgangs. Die Johannisnacht,
2737 2413 3377 2480 einander rich et. Er gab de
482 2434 1416 2494 die sinkt, und proletarischer Kraft, die steigt.
1618 2448 2709 2525 die die erotische Atmosphäre verdichten soll, der
2739 2457 3373 2527 die Küche. Aber nicht den inm
530 2465 1600 2557 Aber diese Neben= und Untercharakteristik wagte
1602 2493 2715 2567 Komtesse und Lakai unterliezen, ist der Stimmungs¬
2728 2503 3368 2571 des Gehirns und des Geschlecht
504 2506 1588 2589 Strindberg nicht in den sexuellen Wirbel hinein¬
1613 2550 2719 2605 moment eines zufälligen Tages und deshalb ein
2738 2554 3365 2621 schen S röme der Handlung zu
491 2582 1598 2673 zureißen, wie er es in anderen Werken tat. Er durch¬
1612 2598 3366 2691 falscher Ton (wie der 24. und 29. Februar im alle Widersprüche fortreißen w
632 2764 1454 2884 4-NRU 19•9 Der Tag, Berhr
334 3041 681 3136 zuweisen. Waten.
312 3086 1409 3191 Milch ziemlicher Unfug getrieben. Teilweise kamen die Arzte
323 3148 1423 3225 den Wünschen ihrer Patienten zu weit entgegen. Es ist
317 3213 1423 3267 vorgekommen, daß für eine Frau, die das Bein gebrochen,
317 3253 1427 3314 ein Attest auf Vollmilch vorgelegt wurde. Dann wieder
326 3298 1435 3365 entnahmen ältere Personen die ihnen zustehende Vollmilch,
317 3349 1433 3413 und die ganze liebe Familie genoß sie zum Kaffee. Man
1001 3398 1379 3468 ## einom Säualir
