3392 4256
231 163 634 256 9.3. Der
819 166 1291 234 ene Kakadu
478 185 1286 276 .  nn. S . I en en en e nsen 1
401 551 696 645 ncn 12801.
514 643 1214 781 „OBSERVER“
326 743 1432 848 I. österr. behördl. konz. Unternehmen für Zeilungs-Ausschnitte
509 811 1236 915 Wien, I., Concordiaplatz 4.
733 891 1035 952 Vertretungen
327 919 1433 1011 in Berlin, Budapest, Chicago, Christiania, Genf, Kopenhagen.
318 967 1436 1053 London, Madrid. Mailand, Minneapolis, New-Vork, Paris, Rom,
487 1014 1268 1095 San Francisco, Stockholm, St. Petersburg.
669 1063 1087 1121 (Quallenangabe ohne Gewähr.)
297 1118 852 1213 Ausschnitt si##rierie
745 1171 1326 1290 gurg Wiener Ertrablaft
316 1219 467 1279 vom:
656 1223 951 1293 Tscato5
552 1319 1276 1461 Theaterzeitung.
513 1442 1427 1508 Deutsches Volkstheater. „Der zer¬
401 1480 1433 1576 lbrochene Krug“ von Heinrich v. Kleist, das
423 1522 1424 1602 classische Lustspiel der Deutschen, wurde von Richard,
412 1556 749 1618 Wallentin,
799 1574 1076 1633 dem neuen
1101 1581 1422 1640 Regisseur des
423 1597 588 1654 Hauses,
620 1607 1421 1679 sorgfältig und stylgerecht herausge¬
427 1640 1299 1708 arbeitet. Das Publicum wollte aber
1298 1650 1419 1713 doch
416 1679 1408 1750 nicht recht mit. Es langweilte sich stellenweise
419 1709 1406 1781 so respectlos, als ob es bei „Minna von Barnhelm“
415 1751 1411 1820 wäre. Es hatee Unrecht, es hätte sich ausgezeichnet
416 1789 1407 1856 amusiren müssen. Hier kann in vorgerückter Abendstunde
405 1823 1409 1901 nicht das Für und Wider analysirt, sondern blos die
404 1859 1413 1948 Thatsache festgestellt werden. Herr Höfer, der sonst
467 1915 1404 1962 tüchtige, verläßliche, verwandlungsreiche Herr
405 1942 1412 2008 Höfer, war ein vollständig humorfreier Richter Adam.
409 1973 1406 2060 Der lüsterne Ränkeschmied wurde bei ihm zum
407 2014 1416 2092 ernsthaften Polterer. Einige waren im Hause,
404 2043 1403 2129 die noch La Roche, Viele die Lewinsky ge¬
401 2088 1416 2163 sehen hatten, und die ganz und gar Litera¬
398 2132 1410 2210 rischen erinnerten an den denkwürdigen 2. März
398 2165 1407 2240 1808, an dem im Weimarer Theater „Der
397 2207 1391 2288 zerbrochene Krug“, von Goethe grausam in drei
390 2237 1407 2327 Acte tranchirt, so kläglich durchfiel, daß er blos ein¬
391 2275 1408 2341 mal hintereinander gegeben werden konnte. Goethe
391 2317 1400 2393 mochte das Stück auch nicht! Es war ihm un¬
397 2348 1403 2437 sympathisch, er goutirte so wenig seinen echten, kern¬
382 2396 1003 2454 haften, derhen Humor wie
1071 2411 1150 2465 #
1249 2413 1402 2472 Höfer
380 2421 1404 2503 oder das Publicum von gestern Abends. Frau
376 2458 1404 2534 Thaller (Frau Marthe) keifte ziemlich uninteressant,
380 2497 1403 2603 das schöne Fräulein Galafrès trug die
401 2572 1416 2627 holländische Goldhaube des Evchen. Herr Amon
403 2623 1233 2683 chielt den Schreiber Licht fein und
1270 2629 1412 2682 scharf
404 2649 1420 2733 zwischen Secretär Wurm und Wirth (Minna) in
402 2704 1420 2741 glücklicher Mitte. Prächtig war Herr Birron als
410 2730 1414 2803 bäuerlich roher Liebhaber und Knecht Ruprecht,
401 2771 1413 2813 ganz gut Herr Weiß als überlegener Gerichts¬
406 2815 1407 2863 rath Walter. Herr Wallentin hatte sich die
407 2839 1398 2907 köstlichsten Zeichnungen zum „Zerbrochenen Krug“
406 2868 1412 2940 von Adolf Menzel vorher genau angesehen,
404 2904 1386 2974 und das kam seiner Regiearbeit sehr zu¬
408 2962 1417 3020 gute. Als die Darsteller herausgerufen wurden,
402 3001 1411 3048 lfaßten sie sich an den Händen und zerrten sich,
403 3032 1403 3090 Richter Adam voraus, der Anmeldelakai des Gerichts¬
392 3081 1412 3116 rathes zuletzt, in fröhlich schwankendem Reigen über
390 3108 1408 3170 die Bühne — es war die Schlußvignette, gezeichnet
399 3142 1409 3202 von Adolf Menzel, aus der Prachtausgabe von
401 3175 549 3226 1877!
606 3178 1403 3236 „Der grüne Kakadu“, die aus
401 3216 1406 3277 dem Burgtheater leider=verstoßene, sehr geistreiche
409 3258 1410 3322 Groteske von Arthur Schnitzler gefiel dafür
399 3281 1399 3354 ganz außerordentlich. Man ergötzte sich an dem
403 3338 1387 3396 sseinen Gankelspiel, das Komödie und Wirklichkeit
404 3376 1379 3428 so witzig und scharfsinnig ineinanderschillern läßt,
405 3410 1403 3463 und unterhielt sich vortrefflich im blutbesprenkelten
404 3433 1396 3500 Cabaret, im Unterbrettel der Guillotine. Die
408 3469 562 3529 Regie
606 3484 648 3527 a
695 3482 1406 3525 lentin hatte diesmal wirklich
402 3515 1402 3578 Außerordentliches geleistet an Exactheit und Frische
401 3545 1387 3611 und ihre wildbewegten Bühnenbilder waren schier
395 3592 1405 3639 aufrührerisch. Die Darstellung: Präcisionsarbeit der
395 3635 1401 3690 Scene. Die schlechten und unnatürlichen Schau¬
399 3675 1389 3727 spieler — im Stück! — wirkten sehr erheiternd und
401 3697 1399 3761 man darf, wenn man sie loben will, nicht ein¬
396 3742 827 3801 mal sagen, daß sie
904 3748 1397 3816 natürlich waren. Herr
422 3779 1396 3840 Homma schoß mit seinem sentimentalen Strolch
392 3804 1400 3877 Grain, der der von ihm ermordeten Tante
402 3849 1394 3898 gefühlvolle Reueträume nachweint, den Galgen¬
389 3893 581 3939 lvogel a
647 3891 1391 3956 Der Dichter wurde unzähligemale
395 3928 1400 4004 herausgejubelt! Das Publicum wollte seinen Lieb¬
387 3969 1393 4035 llingspoeten für die—schönungsvollen Kritiken über
377 3985 1031 4079 das „Zwischenspiel“ entschädigen.
1438 160 1858 250 box 15/2
1857 1367 2236 1459 Telephon 12801.
2630 1449 2799 1528 55
2051 1497 2734 1585 „OBSEIVEN
1856 1566 2976 1635 I. österr. behördl. konz. Unternehmen für Zeitungs-Ausschnitte
2066 1634 2792 1709 Wien, I., Concordiaplatz 4.
2282 1695 2583 1755 Vertretungen
1855 1729 2983 1795 in Berlin, Budapest, Chicago, Christiania, Genf, Kopenhagen,
1859 1797 2983 1841 London, Madrid, Mailand, Minneapolis, New-Tork, Paris, Rom,
2050 1831 2816 1885 San Francisco, Stockholm, St. Petersburg.
2226 1869 2640 1927 (Qullenangabe ehne Gowähr.)
1856 1925 2889 2020 Ausschnitt aus Viener Montags Journal,
2900 1943 3063 2032 Wien
2295 2002 2592 2084 16 10. 1905
1868 2045 2034 2107 vom:
1854 2106 2986 2174 Im „Deutschen Volkstheater“ erschien gestern der
1763 2163 2977 2220 „Grüne Kakadu“ auf der Bildfläche. Die temperament¬
1766 2220 2987 2284 volle Jugenbzeichnyng Schnitzlers aus der wilden Jakobiner¬
1765 2272 2991 2328 zeit. Daßedie, Farben noch nicht verblaßt sind, der ungewohnte
1768 2322 2987 2383 Ton noch heute wie ehedem wirkt, beweist die Lebenskraft des
1763 2368 2988 2424 kleinen, aber meisterlich gezeichneten Bildes. Die Regie
1766 2426 2982 2478 Vallentins bewährte sich. Das Stück wirkte wie eine
1772 2469 2989 2530 Novität. Unter den Darstellern ragten Herr Kramer und
1772 2518 2980 2578 Frl. Galafres hervor. Auch das kleine Frl. Ritscher,
1766 2560 2995 2627 das bereits bei seinem ersten Auftreten auf sich aufmerksam
1777 2613 2983 2674 machte, erregte wieder sichtbares Interesse. Hat man keine
1765 2656 2993 2724 Rollen für sie? Und Herr Homma war zum erstenmal auf
1769 2701 2994 2770 seinem Platze, den er auch ganz ausfüllte. — Kleist's „Zer¬
1768 2760 2997 2830 brochener Krug“ leitete den Abend mit köstlichem Humor
1768 2808 2999 2879 ein, präparierte sozusagen die Zuhörer für das Nachfolgende.
1769 2855 2986 2923 Und wurde von den Damen Thaller, Galafres uns
1772 2911 2988 2966 Schweighofer, den Herren Höfer, Amon und Biron
1772 2965 2997 3025 mit erquickender Frische gespielt. Wenn das Tempo aufs
1766 2999 2999 3072 Konto des neuen Regisseurs gehört, dann hat er seinen Be¬
1781 3055 3000 3134 fähigungsnachweis erbracht. Ach, es tut so wohl, einmal
1786 3111 2988 3173 einen Abend voll Lob sein zu können. Keine Galle zu ver¬
2868 3154 2954 3224 n.
1778 3165 2061 3233 spüren
2161 3223 2282 3290 —
2424 3223 2562 3290 —
