3436 4096
2301 162 2541 222 —
2183 223 2630 315 box 15/5
413 215 2032 330 9 4. Der Bruche Kakadu Zukins
2119 385 2380 486 entenene ie
1511 496 1831 555 Telefon 12801.
2190 591 2420 667 Ausschnitt
1198 593 2143 671 Unternehmen für Zeitungs-Ausschnitte.
2114 660 2408 763 Nr. 99
1354 668 1971 769 OBSERVER
938 748 2437 840 I. österr. behördl. concess. Bureau für Zeitungsberichte und Personalnachrichten
1248 828 2112 929 Wien, IX/1 Türkenstrasse 17.
1167 914 2186 980 — Filiale in Budapest: „Figyelö“, VIII. Josefsring 31a. —
927 980 2051 1115 Ausschnitt aus: Menter W#deer
942 1171 1374 1281 von 12½ 00
1386 1358 2201 1466 Wiener Theaterbilder.
1344 1440 2301 1526 Arthur Schnitzler, der unbestritten führende Geist
1279 1500 2282 1578 des Wiener dramatischen Schriftthums, hat dem Burg¬
1274 1551 2293 1602 theater in dieser Saison schon den zweiten Novitätenabend
1284 1601 2295 1659 bescheert. Bald nach dem großen Erfolge des „Vermächt¬
1285 1640 2291 1711 niß" kam er nach dem Muster von Sudemann's „Mo¬
1285 1691 2295 1758 ##itui“ mit einer Einacter=Trilogie, die ohne gemeinsamen
1277 1746 2290 1816 Titel dennoch eine gemeinsame Idee zur Grundlage haben.
1283 1782 2276 1853 Schnitzler, der Dichter des „Anatole“ und der „Liebelei“,
1286 1826 2295 1912 hat sich Schritt für Schritt zu höherem dichterischen
1279 1863 2294 1950 Wirken emporgearbeitet, und mit der Vertiefung seiner
1279 1927 2294 2002 poctischen Idee hat er sich auch in der Technik seiner
1287 1969 2296 2051 Dramen in einer Weise vervollkommnet, daß er heute
1272 2019 2289 2092 als der Dichter par excellenee der Wiener Moderne an¬
1283 2068 2294 2134 erkannt ist. Die Einacter=Serie „Paracelius“, „Die Ge¬
1281 2109 2280 2170 fährtin" und „Der grüne Kakadn“ behandelt den Ehe¬
1273 2174 2294 2219 bruch in drei dichterischen Variationen, ferne von jeder
1278 2205 2283 2279 Tendenz, ein'ach als lebenswahre Seelengemälde aus drei
1279 2263 2288 2322 Zeitaltern, welchen der Dichter seine Gestalten entnommen
1273 2312 2294 2383 hat. Im „Paracelsus“ singt Schnitzler in vollklingenden,
1280 2346 2287 2420 formschönen Versen, die an Geist und Tiefe das blitzende
1283 2395 2292 2465 Reimgeklingel eines Fulda thurmhoch überragen, von der
1282 2444 2289 2516 Macht der Liebe und des Hypnotismues, läßt uns aber
1276 2497 2281 2563 gleichwohl kühl bis an's Herz hinan. Einzig die Schön¬
1278 2538 2289 2605 heit der Dichtung, nicht der Geist derselben ist es, der
1292 2591 2293 2659 fesselt, und Herr Robert in der Titelrolle that wenig
948 2592 1312 2671 Für 50 Zeitung
1292 2648 2369 2704 dazu, für die Gestalt zu interessiren. Ein entzückendes
1047 2684 1149 2731 200
1273 2684 2276 2737 Weibchen, dessen Rede und Spiel von Herz zu Herzen
1047 2724 1149 2771 500
1273 2719 2390 2784 ging, war Frau Schratt, neben der die Herren Krastel,
982 2763 1144 2824 „ 1000
1276 2767 2429 2855 Thimig, Frank und das sympathische Fräulein "a#
1096 2816 2420 2926 im Gegel Hgeberle sich mit Erfolg des Stückes annahmen. gle
964 2848 1299 2905 Abonnement dur
957 2879 2286 2945 Abonnenten hrei Weitaus größeres Interesse fand das zweite Stück „Die¬
1275 2922 2284 2988 Gefährtin“, in dem Sonnenthal, seit seinem Risler
1266 2971 2291 3022 Foer klässische Typus des modernen Hahnrei, wieder eine
1277 3015 2282 3067 seiner herrlichsten Leistungen bol. Hier handelt es sich
1276 3069 2277 3136 um einen Ehebruch modernster Factur, der fast ohne
1270 3102 1491 3162 Handlung
1488 3111 2277 3176 — die Heldin ist todt — sich in sil¬
1268 3160 2277 3218 honettenartig verschwimmenden Bildern abspielt, und
1264 3202 2275 3272 der Dichter zeigt hier die feine psychologische Kunst,
1274 3246 2271 3300 mit der er die zartesten Regungen der Seele zu
1264 3298 2277 3378 zeichnen weiß. Das Stück hatte den stärksten Erfolg des
1287 3360 2295 3438 Abends — neben Sonnenthal thaten sich Fräulein“
1274 3397 2285 3476 Bleibtren, Herr Zeska und Herr Gimnig an¬
1285 3469 2292 3535 erkennenswerth hervor — wiewohl das dritte, die
