3436 4256
1439 147 1887 239 box 15/3
666 154 1310 231 Fruene Kakadu
485 161 637 229 Der
216 161 1294 274 9.3. D. e
2257 928 2421 994 —.——
2901 910 3333 991 sastaen
2415 968 3315 1039 Hoffmann nicht ohne jeden Revolutionsgedanken
1505 972 2414 1026 Tila Durieur als die neue Dion war in der
2415 1011 3325 1082 abgeht. War bei den anderen Stücken die Auf¬
1501 1015 2417 1084 Rolle, war auch auf diesen Brettern nicht heimisch,
782 917 1216 1121 #oheater.
2403 1044 3323 1102 lehnung auf irdisches Revier beschränkt und zwischen
1497 1052 2413 1126 als sie zum ersten Male wieder auf die Spielbretter
2407 1094 3324 1149 Stand und Stand ausgeprägt. geht Beer=Hoffmann
1501 1095 2411 1165 trat. Wohl war Zusammenklang in dem Auf und
585 1094 1508 1171 Revolutions=Erinnerung im Spiegel des Theaters.
2414 1124 3314 1181 mit schwerem Geschütz vor: Er wendet die Revolu¬
1514 1145 2407 1189 Ab, das sich aus dem Streit zwischen Fräulein
633 1161 1513 1211 Wir haben in Deutschland trotz aller politischen
1510 1181 2406 1231 Julie und dem aristokratischen Knecht ergab. Und
592 1195 1505 1245 Ereignisse des vergangenen Jahres noch keine poli¬
2413 1201 3198 1275 weiten Plan: hie Gott — hie Individuum.
1510 1222 2413 1266 Herr Klöpfer baute seinen Part mit weisem
597 1241 1503 1285 tische Dichtung. Wie es vor dem Kriege, wie es
2448 1240 3327 1311 Jaäkob, der zweitgeborene, hat mit Hilfe der
1507 1259 2416 1306 Aufeinandersetzen der ausschlaggebenden Steine
600 1274 1503 1328 in ihm kein bedeutendes Werk gegeben hat, das
2401 1283 3310 1360 Mucker gegen den Erstgeborenen zweimal revolliert;
1513 1290 2416 1350 höchst geschickt auf. Aber er konnte nicht den Hem¬
586 1303 1506 1379 dem Sturm der Zeit, sei es nun in wuchtiger Zu¬
2418 1326 3318 1378 als er ihm nämlich das Recht der Erstgeburt ab¬
1508 1330 2407 1387 mungen entgehen, die der Staub in dicken Wolken
600 1344 1503 1410 stimmung, sei es in wütender Abwehr, entsprach,
2413 1376 3326 1427 kaufte und dann, als er ihm den Segen des Vaters
1503 1376 2399 1431 hochblies. Am Ende dankte man für alle „Be¬
598 1380 1514 1444 so werden auch jetzt noch die Geister nicht wach,
2408 1415 3311 1462 durch List weastahl. Mit klugen Worten bringt er,
1504 1411 2410 1482 mühungen"; von dem Stück ging keine Wirkung
588 1431 1517 1478 die aus der Volkss#ele in zwingenden Worten zur
1499 1450 1631 1519 aus.
2401 1434 3321 1501 nach Veer=Hoffmann, den gegen ihn die Hunde
597 1465 1517 1512 Volksseele sprechen. Ansätze, Versuche sind da.
2414 1492 3320 1539 hetzenden Bruder zur Ruhe. Er ist überhaupt ein
359 1476 525 1561 0
1537 1471 2406 1541 Und das zweite Revolutionsdrama, eine weit
588 1504 1518 1569 Kein Werk von überzeugender Schlagkraft, vor
2409 1526 3318 1600 guter, lieber Bruder, wenn ihm nur alle zu willen
1509 1516 2412 1581 ausgesponnene Szene aus dem Paris, das eben die
596 1538 1503 1600 allem kein Werk eines Genies. Hat die Fett¬
2410 1559 2548 1630 sind!
360 1552 508 1633 *
1514 1571 2414 1615 Eroberung der Bastille erleben soll — der zweite
780 1575 1515 1644 Wir wollen den grausamen Gedanken
599 1583 798 1634 not.?
2443 1586 3212 1652 Fern des väterlichen Hauses, wo Esau —
1507 1609 2413 1664 Entsatz des Lessingtheaters am gleichen Abend auf
524 1610 1501 1690 S nicht weiterdenken, sonst kommt am Ende einer auf
2408 1637 3314 1689 Veer=Hoffmann Edom nennt — ihn aufspürt, hat
1505 1644 2411 1704 dieselbe Kante: Schnitzlers „Grüner Kakadu“
577 1658 1517 1722 — den Gedanken, der nun schon so lange in der Luft
2414 1684 3320 1750 Jaäkob dann auch den Traum von der Himmels¬
1511 1674 2414 1748 Eine übel berüchtigte Svekunke, in der sich die
515 1688 1509 1742 22 liegt, nämlich zu untersuchen, inwiefern die Dichter
2416 1728 3288 1778 leiter und er rinat mit dem Herrn. Aber nicht wie
1513 1724 2412 1782 übersättigte Pariser Gesellschaft“ die Leiden des
600 1735 1507 1789 der deutschen Geniezeit infolge etwaigen höheren
2404 1746 3314 1814 einer, der im Gebet zu ihm vertrauend ruft und
1507 1760 2403 1821 vierten Standes in Schauspielertiraden und mög¬
608 1778 1507 1839 Fettgenusses befähigt waren, auf Geisessittichen
383 1767 512 1839 62
2406 1787 3322 1858 nicht nachläßt, sondern mit beutlichem Wegdrängen
1514 1810 2407 1866 lichst echt gemeinten Hintertreppenmoritaten vor¬
599 1806 1461 1876 zu ihren genialen Leistungen emporzuschweben.
385 1825 497 1882 In
2403 1829 3329 1890 der auf der Himmelsleiter empor sich bauenden
1511 1845 2408 1896 führen läßt. Die noblen Herrschaften werden mit
631 1847 1514 1904 Weil wir keine Gegenwarts=Revolut'onsgenies
2403 1878 3151 1936 Engelsscharen und ihrer großen Führer.
1501 1884 2407 1948 Schimpfworten belegt, Weiber drängen sich um sie,
593 1873 1506 1944 haben, begnügt sich das Lessingtheater mit Reminis¬
2444 1903 3337 1977 Dieser Jaäkob verhandelt nur geradewegs mit
1511 1928 2417 1975 ein toller Karneval der Sinne, in den sich auch eine
589 1923 1516 1991 zenzen. Den einen Revolutionär leiht man sich
2407 1954 3324 2016 Gott und duldet keinerlei Einmischung Fremder.
1509 1959 2419 2023 von diesen sensationsgierigen, dummen Herzoginnen
589 1961 1509 2017 vom Ausland, ohne ihn schier als Ausländer zu
2409 2003 3325 2057 Wohl entschließt er sich so etwas zu werden wie ein
1509 2004 2416 2053 hineinzublicken nicht enthalten kann. Alles das Vor¬
590 1993 1513 2065 empfinden — Strindberg und ein Fräulein
2402 2030 3315 2100 „auserwählter Prügelknabe“ woran Gott „den an¬
1509 2036 2405 2096 geführte ist Theater. bis die Bastille fiel und der
599 2043 1505 2102 „Julie“. Das Stück mag als Anfang einer Reihe
2405 2074 3325 2130 deren sein Gottum erweist“. Wenigstens kann
1500 2076 2406 2142 Volkslärm die Nachricht in die Kneipe hineinschreit.
594 2079 1511 2128 vom Historiker gewertet werden. Neben dem spä¬
2413 2109 3309 2177 Samuel, der dunkle Engel des Leides und Grams,
596 2125 1505 2168 teren Strindberg ist es trotz der Johannisnacht,
1503 2124 2419 2172 Dann wandelt sich das Blatt: die Darsteller des
2406 2148 3245 2219 sich die Zukunft Israels nicht anders denken.
1506 2151 2413 2215 vierten Standes sind plötzlich, was sie spiellen. und
587 2158 1506 2215 trotz Vorder= und Hinterhaus, trotz der Angst vor
2442 2185 3321 2256 Dieser dunkle Engel ist der Typus des politischen
1514 2201 2413 2245 die vornehmen Zuschauer werden Akleure, dumme,
591 2190 1511 2260 einer unheimlichen Dienerschelle wie ein verstaubtes
603 2240 1455 2294 Requisit aus der Mottenkiste. Vor Jahren,
2402 2234 3272 2300 Abrüstens, des Pazifismus im Goßensatz zu de
1513 2222 2416 2300 passive Akteure in einem für sich höchst unglücklich
603 2268 1506 2325 sagt man sich, wars ganz flitterneu. Jetzt ist es
1514 2278 1872 2336 verlaufenden Stück.
2417 2269 3259 2330 geharnischten Luftengeln, die von solcher Gesinnur
594 2313 1518 2371 alt. Vor Jahren revolutionär und jung, jetzt ab¬
1544 2299 2421 2373 Schnitzler malte mit breitem Pinsel und tuschte
2409 2314 3214 2364 nichts wissen wollen. So trägt der Dichter
601 2352 1511 2399 geblaßt. Und wenn die Jakobinermütze im Winde
2405 2352 3274 2423 irdischen Gegensatz in ein biblisches Reich hinei
1518 2353 2407 2410 in die Zustandsschilderung als Handlung ein
602 2385 1505 2435 flattert, fragt der Wind viel danach, ob eine Jako¬
2408 2386 2842 2457 das nich's davon weiß.
1512 2392 2408 2446 Schauspielererlebnis mit tragischem Ausgang hinein,
604 2434 1514 2495 binermütze oder ein Waschlappen in ihm hin und
1504 2418 2423 2492 das noch Oel in die Flammen gießt. Man sollte
2444 2418 3256 2491 Ein Preis des Volkes Israel ohne zionistist
598 2467 865 2526 her wedelt?
1505 2473 2334 2527 also meinen, es lohe nun alles zum Himmel.
2407 2464 3199 2522 Note, ja fast mit einer Tendenz gegen dies
626 2504 1519 2567 Doch eine Köchin ist in „Fräulein Julie“ ein
1542 2494 2418 2558 Schnitzler hat es geschrieben. Da bleiben auch
2403 2502 3161 2559 sammenfassung an einer Stelle, scheintn
598 2532 1511 2595 Menschenkind, so ehrlich, als sichs der Sohn einer
1508 2549 2421 2607 lohende Flammen oft sehr den roten Wattebäuschen
2411 2547 3138 2595 Werk beabsichtigt, das kein Drama son
599 2570 1506 2634 Magd denken durfte, ohne sich weh zu tun; die mag
2419 2580 3136 2634 Vorspiel und dann entsprechend nichtd
1505 2592 2408 2639 oder der flatternden beleuchteten Leinwand ähnlich,
592 2612 1502 2681 man mit einer gewissen Wehmut ansehen weil sie
1510 2610 2420 2684 die erregtesten Menschen sind nur „exaltiert“ und zu
2417 2621 3121 2679 sondern oratorienhaft ist. Es hat poeti
603 2654 1502 2708 menschliches Leid ohne menschliche Wehleidigkeit
2408 2662 3115 2712 eine gehobene Sprache entlädt breit ihre
1510 2661 2422 2729 einem ehrlichen Knall steckt man sich vorher irgend
592 2702 1509 2766 bezeugt, und eines Sohnes heimliche Liebe zu einer
2414 2706 3135 2753 die fremde Fassung der biblischen Name
1505 2699 2118 2762 ein Linderungszeug in die Ohren.
599 2741 1380 2809 Mutter verrät, die er nicht nennen mochte.
2407 2739 3138 2789 eine kurze Zeit Besonderheit vor. Bald
1537 2728 2406 2811 Mondän dagegen, das kann man schon sagen sind
633 2760 1512 2824 Später hat Strindberg auch das Problem Mann
2415 2784 3146 2832 liert sich das. Und es bleibt nur ein #ro
1519 2771 2415 2828 die Menschen. Etwa so eine Herzogin wie sie die
1405 2800 1458 2846 N00
588 2819 1518 2876 und Weib anders angepackt als in dem Verhäl'nis
2407 2822 3172 2877 wand an Szenischem und Doklamatorische
1513 2816 2406 2869 Durieux geschliffen und delikat hinstellt. Die
2407 2861 3175 2916 tieferen Eindruck. Bei letzterem Ausspri
595 2850 1512 2917 des Johannisnacht umwitterten Herrenhoffräulein
1520 2866 2406 2920 Revoluzzer aber haben mehr nur einen Rausch und
2410 2885 3172 2942 allerdings der Vorbehalt gemacht, daß auf
1520 2900 2409 2957 trotz aller Regienachhilfen wenig gemein mit der
600 2897 1513 2948 und des gegen den Alb der Mächtigen, Herrschen¬
2413 2933 3215 2990 Zuhörer vielleicht manches eindringlicher wi
1513 2930 2419 2994 Revolution, deren wir uns erinnern. Außer den
598 2925 1512 2980 den aufbegehrenden Knechtes. So revokutionär aller¬
3262 2972 3317 3040 t.
2407 2982 3236 3029 mag, was unser Gefühl eher als abwenig empfin
607 2972 1517 3031 dings hat er's nie wieber gesagt, was er als junger
1508 2962 2417 3033 Worten natürlich! Doch was sind Worie, wenn ihnen
2409 3004 3302 3065 Aks solcher Punkt sei nur die dlalikrische Ausoin¬
1510 3006 2359 3075 der Klang fehlt, der ihnen erst Bedeutung gibt.
602 3010 1515 3067 Mensch auf dem Herzen hatte. Nur warm wird
2404 3049 3122 3107 andersetzung Jaäkobs mit Gott erwähns.
606 3049 1526 3108 man nicht mehr an solch einer Revolution von ehe¬
1543 3034 2419 3098 Auf Barnowskys Weise begeht Neinhardt nicht die
2443 3071 3319 3155 Moissi traf den Ton des listigen und doch guten,
1507 3084 2420 3150 Revolutionstage, ob es aleich auch in dem biblischen
738 3098 1516 3145 pulsendes Blut will warm empfunden sein.
599 3094 738 3151 dem —
590 3157 3319 3205 Abgestanden wirkt es wie einschläfernder Mohnsaft. Sis# „Jackobs Traum“ von Beer= des eneraischen und doch unterhandlungsberiten
