3484 4480
2003 201 2459 299 box 16/1
241 204 1861 323 9.4. Der gruene Kakadu Zukius
1452 362 1585 447 SonO
1292 458 1698 536 Telefon 12801.
1009 550 2043 644 Unternehmen für Zeitungs-Ausschnitte.
1888 605 2072 676 Ausschnitt
1177 648 2188 796 „OBSERVER“ wr. 63
786 765 2246 881 ### #sterr. behördl. conc. Bureau für Zeitungsberichte u. Personalnachrichten
974 811 2063 956 Wien, IX/1. Türkenstrasse 17.
1204 913 1855 1015 Filiale in Budapest: „Figyelät
891 988 2160 1069 Vertretungen in Berlin, Chicago, London, Newyork, Paris, Stockholm.
799 1062 2336 1212 ssh s Ounner e n
804 1255 1404 1361 Gon 2277%
1587 1235 2251 1434 70—
1851 1424 2339 1582 W
1074 1561 2167 1647 Die Gefährtin. Paracelsus. Der grüne Kakadu.
948 1633 2168 1717 Die unergründliche Seele der Frau gibt dem forschenden!
977 1675 2159 1741 Auge wandelvolle Erscheinungen. Wer stand niemals vor
981 1740 2161 1798 dem Weibe, das er am besten zu kennen meinte, mit zwei¬
979 1781 2165 1841 felnder Empfindung: Ist ihr Thun, ihr Sprechen jetzt aus
981 1824 2161 1898 ihrem innersten Wesen oder ist's nur gemacht? Und wo
981 1878 2169 1949 beginnt die Wahrheit, wenn die schwere Frage nach der
975 1926 2157 1985 Treue der Frau gestellt ist. Wie ist hier alles unsicher?
969 1958 2165 2047 Wie täuscht der Schein der Dinge? Der eine glaubt die
973 2037 2162 2097 Wahrheit zu wissen, wie der moderne Arzt Professor
969 2065 2171 2139 Pilgram in der „Gefährtin“ und viel Schlimmeres als
983 2124 2167 2186 seine Wahrheit ist wahr. Der tiefsinnige Paracelsus, sein!
978 2180 2156 2237 berühmter College, ist nicht so bündig; er zweifelt auch da,
975 2211 2169 2293 wo er selbst kraft seiner seelenzwingenden Kunst den Wahn
981 2283 2167 2349 der Untreue erweckte, ob nicht doch Wirklichkeit ist, was
976 2330 2164 2384 seine Suggestion scheinbar hervorgespielt hat. Er muss, um
977 2370 2175 2443 sich selbst Gewissheit zu schaffen, dem Weibe den Zwang¬
991 2429 2159 2493 suggerieren, ihr Innerstes unverhüllt zu offenbaren, und
977 2450 2173 2540 der grobkörnige Zunftbürger Cyprian, der seinem stumpfen
972 2512 2182 2598 Auge und seinem Selbstbewusstsein allzusehr vertraute, muss
979 2572 2255 2642 erfuhren, dass sein Weib, das ihm die ehrliche Treue tiee
867 2581 965 2671 For
976 2616 2218 2685 wahrt, in Gedanken und Wünschen schon weit auf dem so.
969 2675 2235 2734 Wege zur Untreue wandelte. Wenn es im „Paracelsus“ bar
973 2720 2263 2788 die räthselvolle Kunst der Hynose war, die Schein fraus.
968 2771 2246 2841 und Sein durcheinander warf und voneinander löste, set
974 2826 2249 2904 so enthüllt im „Grünen Kakadu“ die Kunst des Schau=ses
865 2866 963 2923 Ab
988 2870 2160 2940 spielers, dass das Spiel der täuschend nachgeahmten
876 2910 969 2981 Ab
969 2933 2204 3001 Wirklichkeit die grelle Wahrheit war. Heuri spielt!
968 2974 2163 3040 den getäuschten Ehegatten, der den Geliebten seiner Frau
972 3012 2174 3090 niedergestochen hat, so lebenswahr, dass sein Director selbst
969 3070 2167 3154 den Schein für Wahrheit nimmt und die wirkliche Wahrheit,
971 3118 2165 3175 die mit dem Spiele aufs genaueste übereinstimmt, verräth.
982 3170 2162 3241 Henri spielt, dass er den Herzog von Cardignan, den
974 3203 2166 3285 Liebhaber seiner Frau, getötet habe, und die Frau Henri's ist
977 3270 2169 3332 wirklich die Geliebte des Herzogs, den der rasende Schau¬
967 3311 2167 3379 spieler, aus dem Spiele zur Wirklichkeit erwacht, niedersticht.
982 3369 2158 3429 Die Wahrheit war also so grausam, wie die Phantasie des
971 3410 2157 3464 Künstlers sie spielend ersonnen. Die geistreiche Wirrnis von
982 3455 2158 3519 erlebter und ersonnener Wahrheit, von Gedanken und Rea¬
973 3512 2153 3567 lität, Spiel und Ernst im hellen Bühnenlichte zu gestalten,
972 3557 2162 3638 rief die feinste Kunst des Dichters auf. „Paracelsus" und
974 3614 2156 3688 „Der grüne Kakadu“ sind in der That das vollendetste,
964 3648 2162 3720 was Schnitzler geschaffen, ja, sie stellen vielleicht das Beste
973 3706 2155 3773 vor, was die moderne Dichtung als Kunst hervorgebracht
973 3762 2159 3828 hat. Die Wirkung ruht vornehmlich auf einzelnen schau¬
963 3798 2143 3868 spielerischen Leistungen. Am wenigsten in der „Gefährtin“,
969 3870 2159 3928 die sich in klaren Linien entwickelt und von einheitlicher
965 3912 2161 3972 Stimmung durchsättigt ist. Frau Förster zeigte in der
964 3956 2158 4003 kargen Rolle eine so wuchtige Kraft der Innerlichkeit, dass
963 4003 2157 4069 man bedauern muss, diese wertvolle Seite ihres künstlerischen
968 4059 2148 4109 Wesens nicht an einer größeren Aufgabe zu sehen. Wir
959 4112 2146 4175 erinnern hier wieder einmal daran, dass Ibsen seit zwei
967 4163 2152 4206 Jahren nicht auf der Bühne war. Herr Machold und
