3436 4128
158 1644 324 1753 Land
189 1742 323 1842 geung
237 1829 304 1890 ung
147 2055 298 2161 auern
136 2143 340 2213 mmelten
149 2202 338 2263 sterreichs
144 2246 344 2317 insbesor
151 2298 348 2380 f dem L
153 2350 358 2404 hatten
158 2397 355 2489 ristlichso
160 2531 351 2623 Landw
140 2600 366 2674 dem Bar
128 2649 366 2723 r Schulf
122 2701 372 2773 andwirthe
128 2753 367 2825 ben vehen
124 2801 364 2868 en gaben
128 2848 367 2926 rhältnisse
138 2909 345 2967 an hat
126 2944 368 3019 ner gen
138 3000 369 3089 Landwir
1111 236 1326 319 Kaka
2066 230 2542 344 box 15/5
287 234 2032 339 9. 4. Der pruene onadn ZVKTnS
2619 1536 2917 1631 SineeGöhr
2902 1533 3341 1626 (nrch vehkt iut Oörie
423 1544 987 1633 seils der Lritha nich. —
1668 1573 2903 1673 kaum ein Vorwurf tieffen. Herr von Szell ist seinem
2904 1614 3343 1679 quenniums vor ein
415 1580 1657 1683 rein äußerliche Analogie nicht hinausging, durfte sich
1672 1661 2918 1718 Amtsvorgänger im Wege der Universalsuccession in alle
410 1663 1670 1736 auch wohl über die wesentlich verschiedene Natur der
2910 1661 3339 1717 Prestige, das seine
1660 1702 2916 1779 Rechte also auch in die dominirende Stellung Ungarns in
2914 1697 3339 1779 Augenblicke treu zu
419 1705 1661 1776 Staatskrise in beiden Reichshälften täuschen und hiebei
690 1772 923 1858 S een
1677 1827 2905 1898 Einzelfällen das Allgemeine demonstriren. Drei Beispiele sind
2910 1825 3339 1900 Boraussetzungen zu
1680 1878 2912 1960 es, um u. zu zeigen, wie uns unter den Händen das
2906 1888 3324 1972 sind die Literaten
715 1834 1365 2016 Feuilleton.
1675 1941 2907 2012 wirkliche Leben zerfließt, und wie der Schein zur Wahrheit
2911 1939 3340 2015 tugend gemacht. Da
2911 1997 3343 2069 zigen Act Platz hat,
1679 2054 2907 2125 ruht im Formalen. Sie verblüffen und verführen, sie können
2904 2054 3354 2138 bewundernswerthe #
1672 2114 2917 2198 sogar den Geist dauernd beschäftigen; ergreifen können sie
2909 2120 3338 2195 dramatisch vollkomm
799 2098 1306 2222 Burgtheater.
1672 2169 2907 2244 nicht. Daran fehlt ihnen durchaus das Dramatische. Sie
2915 2169 3347 2255 und Hoffmannsthal
433 2181 1664 2289 („Paracelsus“, Schauspiel in einem Act. „Die Gefährtin“,
1677 2241 2909 2315 sind, bei aller theatralischen Wirksamkeit zu gut, und fein
2916 2227 3341 2314 tiefe Athemzüge. S
431 2252 1662 2339 Schauspiel in einem Act. „Der grüne Kakadu“, Groteske in
1671 2294 2917 2354 und absichtsvoll erzählt, um echte Dramen zu sein. Ein
2904 2293 3344 2385 Schnitzler'schen Act
429 2323 1671 2412 einem Act; von ArthurSh####erErstaufführung am 1. März.)
1675 2356 2917 2427 jedes hat seine Pointe; die Pointe aber ist dem wahren
2906 2347 3346 2435 hat im „Teja“ we
537 2403 1669 2469 Es wird jetzt nachgerade ein Gemeinplatz, daß Alles,
1669 2414 2904 2484 Drama ebenso fremd, als sie der novellistischen Skizze na¬
2917 2411 3320 2481 zu beleuchten,
437 2456 1665 2520 was wir für das Wirkliche am Leben halten, nur Sinnbild
1668 2459 2910 2549 türlich und gemäß ist. Da kann sie sogar psychologisch
2911 2470 3347 2553 wickeln konnte. Fre#
426 2517 1665 2581 und leeres Spiel sei, das auch dem Verständigsten oft un¬
1675 2528 2907 2605 werden. Ihre Natur ist das hinter den Begebenheiten ge¬
2906 2533 3338 2613 keiten kann sich der
429 2568 1672 2656 verständlich bleibt; daß jeder Zweck zwecklos und jede Ge¬
1673 2596 2905 2660 heimnißvoll Wirkende, das sich zum Schlusse überraschend ent¬
2916 2592 3338 2672 eignissen einer St#
440 2629 1665 2715 wißheit ungewiß wird; daß niemand kommen kann und
1676 2645 2918 2733 hüllt. Die Novelle, deren Absicht doch immer nur die spannende
2917 2641 3324 2731 lichste, dichterische
434 2703 1665 2760 sagen: „Ich halte mein eigenes Sein in starken Händen, und
1681 2713 2913 2787 Erzählung ist, kann, wenn sie will, auch diesen Weg gehen.
2917 2711 3204 2793 zu gestalten.
442 2754 1673 2828 keiner kann es mir verrücken oder entreißen; denn, was ich bin
1669 2770 2911 2856 Das Drama nie; seine Aufgabe ist die Entwicklung eines
3026 2753 3304 2842 Stark und
434 2812 1665 2884 und was um mich ist, das ist meine sichere Wirk.ichkeit.“
1685 2820 1938 2909 Schicksales.
2917 2804 3342 2906 Dichtung nie gewe
433 2855 1682 2945 Das weiß man alles längst, und längst haben Dichter große
1786 2871 2911 2963 Im Einacter sei dies nicht gut möglich, wird man
2914 2884 3343 2963 Art, das rücksichts
446 2920 1674 3002 Bilder gefunden, um es auszudrücken. Entdeckt können diese
1677 2909 2901 3016 mir sagen, und der Einacter unterliege darum nicht so ganz
2907 2942 3339 3028 interessirt die Psych
446 2987 1666 3058 Wahrheiten nicht mehr werden, und auch dazu ist es zu
1669 2999 2905 3076 den dramatischen Gesetzen. Ich gebe zu, in unserer deutschen
2910 2996 3310 3078 die einer Person.
444 3041 1665 3127 spät, sie in ihren großen Grundzügen klarzulegen. Sie sind
1663 3045 2906 3139 Literatur — auch in den anderen — finden sich wenig
2902 3062 3349 3146 alle seine Dramen si
434 3102 1676 3191 Gemeingut der Denkenden; nur wer uns Neues, im Großen
1675 3125 2904 3193 wirkliche Dramen in einem Act. Dialogisirte Witze, mehr
2972 3114 3333 3202 fein zugespitzte
433 3165 1593 3241 oder im Detail dazu zu sagen hat, mag gehört werden.
1674 3174 2902 3258 oder weniger fein ausgesponnene Gedanken, Anekdoten,
2911 3177 3340 3262 eleganten Wendung
538 3217 1666 3303 Arthur Schnitzler hat zu diesem Thema lediglich
1675 3229 2900 3311 Belehrungen sind es meist; fast nie Vorgänge dramatischen
2900 3235 3341 3317 auch die drei Einac
435 3292 3326 3373 drei int ressante Anekdoten erfunden, die an originell erdachten! Stiles, Ereignisse, die mit Nothwendigkeit aus bestimmten sinnreiche Beispiele
