3436 4256
2136 164 2616 257 box 15/6
367 174 2000 274 9.4. per Brncne KakaunVKlIs
2210 712 2622 777 Telefon 12801.
1911 812 2931 895 Unternehmen für Zeitungs-Ausschnitte.
666 853 1531 935 Hrak Kainz is proving the principal draw in two
2792 875 2980 946 Ausschnltt
655 911 1517 970 new one-act pieces by Herr Schnitzler now running at
659 944 1519 1001 the Deutsches. The popular actor is now so soon to
2075 881 2732 1022 „OBSERVER“
2806 918 3077 1032 Nr. 42
646 973 1513 1023 leave our midst for the Burg Theatre that no oppor¬
647 1003 1508 1063 tunity of seeing him is willinglv missed. In thetitle¬
1684 1010 3141 1096 L. österr. behördl. cone. Bureau für Zeitungsberichte u. Personalnschrichten
644 1038 1511 1086 röle of Paracelsus, a graceful little verse play, Herr
646 1078 1509 1128 Kainz is well snited. This hero wanders through the#
651 1112 1510 1163 country in the capaçity of a physician with marvellous
1874 1091 2949 1184 Wien, IX/1, Türkenstrasse 17.
637 1147 1498 1185 healing ju##ers. The scene is laid in Basel over a cen¬
637 1169 1504 1220 tury ago i# che house of Cyprian, a well-to-do armourer.
2095 1179 2740 1253 Flliale in Budapest: „Figyelét.
647 1206 1492 1255 Cyprian has in the course of years sunk the lover inthe
642 1235 1499 1290 husband, to his still handsome wife's mortification.
1773 1253 3051 1311 Vertretungen in Berlin, Chicago, London, Newyork, Paris, Stockholm.
631 1272 1498 1325 She is quite faithful to her Cyprian, but she would like
641 1300 1496 1357 him to be a little more attentive, and sighs in a
1419 1338 1457 1368 77
639 1333 1500 1391 vague way for some demonstrative affection. The
631 1372 1492 1422 opportunity is at hand in the person of Anselm.
2309 1247 2605 1442 1914
1677 1365 2228 1442 Ausschnitt aus:
640 1391 1494 1449 a gay young gallant, who implores Justina to grant
635 1429 1498 1491 him a Tarewell meeting—he is leaving Basel—in the#
627 1472 1498 1513 garden that night. Cyprian now enters with the
640 1505 1496 1542 wonderful doctor whom he knew in their boyhood. He
1692 1503 2000 1587 vom
629 1530 1490 1578 is sceptical of Paracelsus’s powers, and annoys him
631 1560 1491 1611 with his chaff. He tells Paracelsus to prove his talents,
630 1591 1483 1648 and that gentleman revenges himsel“ by casting Justina
626 1629 1495 1678 into a hypnotic sleep, and whispering to her to confess
628 1651 1494 1707 that she has betrayed her huzband. Poor Justina waker
632 1688 1481 1744 under this fatal influence, and pours forth the story of
1996 1654 2746 1772 Unter polizeiliche Aufsicht.
628 1727 1482 1782 her sin with Anselm, wnich she had really only com¬
628 1757 1486 1805 mitted in imaginatien. Cyprian is horrified, Anselm—
1835 1770 2962 1818 Der Generalprobe von Schnitzlers Drama „Der grüne Kakadu“
630 1792 1490 1844 who is also present—struggles with indignation and
619 1824 1483 1870 astonishment, and Paracelsus himself does not know
1770 1808 2973 1865 hat die Polizei beigewohnt, um sich zu überzeugen. daß der Dichter
623 1863 1488 1910 what to make of it all. He seeks to lull the tempest
1759 1868 2979 1920 den Tarstellern nichts staats= und sittengefährliches in den Mund lege.
623 1883 1494 1948 he has raised by a second hypnotic experiment, sends
1847 1904 2966 1957 Diese weise Fürsorge wird alle aufrichtige Patrioten mit Ge¬
629 1924 1485 1963 Justina off again, and tells her to tell the truth this
1763 1924 2966 2003 ungthnung erfüllen. Nur die schüchterne Frage drängt sich auf:
624 1948 1490 2014 time. On waking up ehe obeys, to the discomfiture of
1763 1970 2969 2043 Ist denn die Generalprobe der geeignete Ort zum Einschreiten
621 1983 1488 2040 her tormentor. She clears up satisfactorily the inno¬
1757 2003 2021 2071 der Polizei?
612 2017 1497 2060 cent affair with Anselm, but declares as a girl she had
618 2047 1508 2105 loved Taracelsus with all her heart. Justina goes on
1843 2051 2972 2112 Wer je die Nase hinter die Kulissen gesteckt hat, weiß, daß an
621 2080 1558 2147 to say she is a faithful wife to Cyprian, and will remain 50)
1767 2094 2968 2148 einem Dialog, der bis zur Generalprobe durchgegangen ist, kaum
350 2086 622 2167 Für 50 Zeit
622 2112 1497 2160 so if he understands how to take care of her. Fräulein
1755 2136 2961 2191 mehr etwas geändert werden kann. Der Schauspieler, der sich ein¬
451 2131 546 2189 100
611 2156 1490 2216 Dumont was charming as Justina, and Herr Nissen
1759 2173 2963 2229 mal eine bestimmte Satzformel eingeprägt hat, wird sie trotz aller
609 2185 1103 2234 played vigorously as Cyprian.
451 2180 545 2228 200
1759 2210 2976 2272 polizeilichen Verordnungen nicht mehr los. Wenn also die Polizei
651 2211 1495 2271 Tus second piece, in which Herr Kainz gives an —
438 2220 554 2276 500
611 2234 1510 2308 important röle, Der Grüne Kakadu, has already been —
1755 2244 2956 2314 ernsthaft eingreifen will, so muß sie ihre Ueberwachung beginnen,
385 2260 557 2323 „ 1000
614 2286 1474 2332 described in your columns. Die Gefährtin—which
1750 2279 2975 2346 ehe das Drama in die Hände der Schauspieler gelangt, — oder
490 2301 576 2368 Im
611 2307 1551 2372 opens the evening’s entertainment—is also by Herr issc.
569 2315 617 2369 6
1757 2316 2962 2390 noch wirksamer: ehe es überhaupt niedergeschrieben wird.
619 2347 1552 2407 Schnitzler. The plot of this character sketch is as laue
367 2347 611 2411 Abonnement
1837 2374 2807 2426 Die Ausführung ist einfacher, als man sich vorstellt.
619 2378 1526 2454 follows:—The middle-aged professor, Robert Pilgram, in
377 2397 607 2454 Abonnenten
1836 2407 2975 2461 Jedes Individuum, das die Absicht hat, etwas für die Bühne
612 2419 1473 2464 has just returned from the funeral of his young wife.
610 2445 1479 2500 The wife of a friend and neighbour, Olga Merholm,
1764 2433 2963 2509 zu schreiben. — gleichviel ob für das revolutionäre Deutsche
608 2475 1469 2530 comes in with a request. She asks for a packet of
1761 2475 2962 2529 Theater oder nur für harmlosere Kunstinstitute, wie Winter¬
610 2505 1469 2562 letters written by herself to her late friend, which con¬
1753 2528 2951 2579 garten, Schauspielhaus und Alexanderplatztheater —
611 2541 1472 2596 tain matters of privacy. The letters are in the deceased’s
1758 2566 2967 2609 hat sich auf der Polize. einen Dramen=Gewerbeschein zu lösen,
617 2580 1469 2623 writing table. Frau Merholm knows the spot, and begs
1762 2599 2969 2655 der jedem, der im Besitze der bürgerlichen Ehrenrechte ist, verab¬
607 2599 1464 2654 permission to take them herself. Pilgram quietly con¬
1754 2640 2133 2692 folgt werden muß.
612 2641 1473 2697 sents. A conversation takes place between the two,
612 2674 1475 2719 from which we learn that Frau Pilgram had for vears a
1833 2680 2965 2741 Darauf hin werden ihm zwei Schutzleute beigegeben, die in
603 2711 1460 2756 liaison with young Dr. Hausmann, the professor’s
1753 2713 2970 2777 achtstündiger Ablösung die Thätigkeit des dramalischen Dichters
604 2730 1471 2779 assistant. Pilgram had known it all the time, but had
1760 2750 2233 2808 unausgesetzt überwachen.
611 2774 1468 2836 suffered it in silence, feeling that he was toc old for bis
1837 2795 2968 2840 Schon, wenn er zum ersten szenischen Entwurf ansetzt, haben sie
605 2803 1460 2850 wife. The letters stated by Frau Merholm to be from
1677 2814 1762 2890 Für
602 2833 1469 2889 herself are from Hausmann; Olga is only anxious to
1766 2839 2974 2892 auf jeden Federzug zu achten, und da, wo schon der Grundriß des
605 2863 1460 2920 spare the widower further pain. Hausmann now
1756 2878 2964 2947 künftigen Werkes eine thron= und altarbedrohende Aeußerung be¬
600 2901 1463 2943 returns from his holidav journey, and is shocked br the
1762 2908 2680 2958 fürchten lassen könnte, sofort Einhalt zu gebieten.
604 2924 1459 2990 terrible news — Frau Pilgram died suddenly—and full of
1830 2956 2953 3008 Ihre Aufmerksamkeit werden sie aber nicht nur dem schreiben¬
600 2973 1461 3023 professed sympathy for the professor. Presently he
1690 2997 2950 3053 „ iden Dichter zuwenden müssen, sondern auch dem denkenden.
602 3007 1463 3055 tells Pilgram that he is engaged to be married, that he
598 3026 1453 3083 has, in fact, been secretly engaged for several years.
1753 3023 2964 3089 Ein Dramatiker z. B., der — immer gefolgt von den beiden über¬
603 3061 1450 3114 The professor is moved from his apathy into violent
1750 3050 2959 3131 Zwachenden Schutzmännern — in der Siegesallee vor dem Denkmal
597 3101 1455 3143 and righteous indignation. He taxes Hausmann with
1664 3102 2962 3172 AdaStto des Faulen stehen bleibt und dann mit ironischem Lächeln
596 3125 1447 3183 his iniquitv—which the young man does not attempt to
1665 3137 2961 3216 Aboheitergeht, kann sofort zur nächsten Wache abgeführt werden, denn
592 3171 1449 3216 deny—and orders him out of the house, A genuine
591 3185 1458 3243 passion Pilgram might have condoned, he has, indeed,
1740 3181 2960 3252 zes wird den Schutzmännern nicht schwer fallen, nachzuweisen,
597 3234 1450 3275 done so; but villainy he cannot pardon, nor the sin
1731 3234 2957 3287 daß der Verhaftete mit der Absicht umging, ein Drama aus der
594 3260 1446 3309 against the dead woman. Another surprise, more
1756 3272 2963 3327 Waterländischen Geschichte zu schreiben und sich gerade den Helden
588 3286 1455 3344 humiliating still, is in store for the professor. He
1757 3291 2957 3375 Anszuwählen, der am ehesten geeignet ist, den Ruhm der märkischen
594 3322 1452 3380 learns from Olga Merholm’s lips that his wife was per¬
1764 3340 2302 3398 Herrscher zu kompromittiren.
594 3360 1461 3419 fectly aware of the engagement of her lover, and the
594 3389 1455 3443 knowledge had in no way disturbed her relations to
1835 3372 2954 3443 Selbstverständlich müssen auch die schlafenden Dramatiker
588 3429 1456 3473 him. This is a blow for Pilgram, and his wife is now
1752 3416 2951 3477 Aiberwacht werden. Mag auch, was sie aus dem Schlaf dichten,
590 3449 1453 3508 doubly dead to him. He locks up his house, and
1753 3463 2959 3525 Scheinbar noch so harmlos sein, man weiß doch, daß in ihren
589 3496 1452 3530 decides to travel for a time. to return to his daily occu¬
1759 3497 2959 3559 Träumen die Dichter am gefährlichsten sind. Für ein geordnetes
590 3528 1449 3573 pations which must henceforth fill his life. The röle of
1758 3539 2954 3596 Staatswesen ist somit die erste Bedingung, daß die Polizeibehörde
587 3546 1458 3610 Pilgram—created in Vienna by Herr Sonnenthal, at
1743 3562 2953 3627 Uimfassende Maßregeln trifft, die darauf abzielen, daß Dichter
593 3591 1460 3645 the Burg—was admirably given by Herr Nissen. The
593 3619 1462 3692 other characters were equally well portrayed by Fräug
1734 3612 2799 3682 ur unter polizeilicher Aufsicht träumen dürfen.
601 3647 1228 3705 ein Sarrow and Herr Von Winterstein.
2785 3637 2926 3705 S. Mg.
3027 3104 3107 3160 len
