3436 4256
810 226 1269 306 ene Kakadu
472 243 593 308 Der
201 247 1262 343 9.3  KIa G
1411 214 1846 303 box 15/2
2195 167 2942 227 matique, de romancier et de#ntemr
2192 207 2957 267 Et Touvre de d#terivain autrichien de¬
2194 252 2937 318 borde de poésie, car il est avant 1
2183 285 2927 351 un peète. Un eritique allemand a
2185 338 2962 399 justement de Jui qu'il est un fin con¬
2958 345 3033 418 „
2195 373 2966 441 naisseur de läme mederne, par laquel¬
2196 425 2973 487 le, en sa qualité de sentämental il se
2183 460 2973 532 laisse facilement séduie, sans toute¬
2195 517 2971 567 fois se laiser tromper. Delicienx éeri¬
2195 557 2978 619 vain de théätre, admirable poste dra¬
2192 595 3012 659 matique, ses pièces ne valent pas ce¬
2204 654 2982 712 pendant par la vigeur de leu ccns
2186 697 2997 760 truction. M. Schnetzler n’ambitiolme
2194 736 2987 803 pas le tour de main des grands ou¬
2198 782 2982 852 vriers du théätre. II a da délicatess¬
2198 804 2994 884 dun artiste exquis. Scn cuvre est- tou
2165 853 3005 940 ##ie psychcllogique. Elle est facie d’oo¬
2179 917 2978 974 servation et de noésie. Elie est délicar¬
2194 962 2977 1022 et émoutante, légère ct profonde à l.
2192 1013 2314 1072 fols.
2223 1029 2964 1114 Nous connaissions déja de M. Arthu
2188 1090 2970 1149 Schnitaler un acte délicienx, Souper
2203 1142 2979 1196 Padien et mne parfaite, ironique e
2189 1172 2952 1245 douloureuse comédie, Intermesso. —
2200 1231 2974 1289 L Argentina nous a donné hier soir un
2190 1240 3022 1346 acte noureau de M. Schnitzler, 77 zon
2198 1328 3011 1378 ptgallo verde. II me semble aue cetd 1
2195 1361 2993 1430 piéce est tres curieuse et très intéren
2204 1404 2998 1465 sante: du meins je l'ai écoutée avcc he
2197 1450 2986 1516 pluss vif intérst. L'auteur veut non¬
2197 1494 2982 1571 peindre daus cet acte à la fois comi¬
2247 1538 2999 1611 Fet tragique, un beuge de Paris en
2201 1580 3046 1653 1789, une sorte de cabaret antistique“
2203 1628 3003 1699 ou les grands seigneurs et les grande
2200 1684 2990 1734 dames du temps, qui à la veille de la
2202 1728 2987 1775 révclution continuent encore à danse
2208 1776 2989 1825 sur ce volcan, viennent condoyer ie
2200 1812 2991 1872 assassims et les futurs hommes des jo#¬
2205 1861 2985 1918 nécs révolutionnaircs. Naturellemen
2210 1881 2997 1960 tout ccla est truquc. Des assassins et co:
2207 1953 2994 2007 revolutiennaires ne sont que dier comé¬
2210 2002 3031 2067 Liens aui, scus la direction di viem 1.
2212 2031 2998 2095 cabarctser Gaspard, ancien chef de
2212 2089 2980 2140 troupe l# aussi, iccant Ja. comiciie an
2211 2104 3067 2174 crime et de Ja wévelte pour amuser Ce1
2209 2158 2983 2229 grands seigneurs, pour secouer lei nerl.
2206 2205 2998 2266 de ces grandes dames. Mais veild qus
2207 2227 3062 2322 nous sommes justement au 14 juillet##g.
2207 2291 2997 2359 1789 et à la fieticn commence######
2208 2318 3046 2420 möler Ja réalité. La fiction mème finit #
2211 2393 3054 2458 par devenir teut à ccum la réalité san-e¬
2214 2420 3010 2497 glante et tnagique. La révolutiom 6.
2219 2466 3008 2534 clate et la comédie devient tragédie
2218 2522 2996 2593 De sorte que cct acte commencé an
2224 2560 3010 2632 milten des rires, des pitreries et des!#
2212 2602 3007 2671 drölerics, après avcir été traversé de
2227 2641 3018 2714 temps en temps par quelques lueurs ei¬
2223 2692 3016 2760 nistres, se termine tout à coup dan¬
2218 2740 3004 2811 une effroyable tuerie au milien des eris
2221 2788 3002 2855 et des invectives du peuple qui s’est
2230 2818 3012 2894 vraiment révclté. Ce petät drame donne
2221 2877 3009 2948 un flaston impressiennant. Peu à peu,
2219 2921 3004 2983 de la gaists et de la farce, on nasse à
2224 2966 3009 3021 un fire qui sonne faux, à l'inquiétude,
2221 3014 3024 3075 à l’allarme, pour en arriver enfin à
2228 3068 3049 3127 une Emotion poignante et tragique.
2229 3101 3031 3159 Ce mélange d’éléments et cette pro¬
2222 3145 3011 3220 gression dramatique ont été admirable¬
2228 3189 3026 3252 ment rendus par M. Anthur Schnitzler.
2232 3238 3017 3302 Ce drame curleux, eriginall et impres¬
2233 3282 3076 3356 gornant, eit dévelospé de main des#
2228 3330 2758 3391 maitre. 1ii. faut le vor.
2262 3374 3081 3440 Le pulfie, hier seir, l'a cendialement1
2231 3416 3019 3479 assel. Le wetät eurnage du célehre
2228 3460 3014 3527 1éerivain viennels est ferrt bien joue par
2234 3508 3020 3564 les acteurs de l'Argentira. Comment
2241 3551 3013 3620 les e##er lis sant tren ct ils sont tous
2224 3595 3025 3682 fort bons. Les mauvements de feules
2244 3648 3029 3703 ent 6t6 bien réglés par M. Cesare Den¬
2245 3684 3033 3754 dini qui a joué avec tout son admira¬
2246 3729 3019 3801 ble talent de röle de l’ancien directeur
2236 3772 3034 3836 de théätre, devenu cabaretier dans ##
2240 3822 3027 3884 beuge ou T’on attend la Révolution en
2242 3873 3033 3919 miant et onl, lersqu'elle arrive, les rires
2247 3904 2943 3968 deviennent de trag.ques grimaces.
2632 3957 2985 4009 Locio D’AMBRA.
