3436 4256
2078 168 2556 252 box 15//6
287 140 1933 265 9.4. Der-Brnene KakaduZykLus
159 1103 2770 1191 ####schen Volles Recht, für deutsche Sitte und deutsche sorge  in dieser Richtung vorliegt, ist nicht zu tung vorgegangen. Diese Magnubiin.
156 1138 2969 1225 Iial Sprache, für unsere deutsche Heimat in Oesterreich. leugnin. Die Reichs= und Staatsregierung geben heblichen Unzuträglichkeiten. Sie gaben Veranlassung,
167 1229 2977 1274 en Wir verwahren uns dagegen, daß es seine ihm von sich der Erwartung hin, daß die jetzt erlassene! 1872 den Ersatz der Beamtenstellen=Inhaber durch
2127 1232 2197 1300 1
2045 1273 2976 1342 Je ärger die Schimpfereien des Wirtes auf seine
226 1284 2047 1357 sehr bald in einem Brimborium von Effekthascherei, verehrf, sich aber erst jetzt zu dem entscheidenden
2046 1322 2970 1380 vornehmen Gäste werden, je deutlicher die Drohun¬
1150 1332 2050 1383 Schrift entschlossen. Der Professor, der zwar den
236 1344 1143 1401 von ausgeklügelten Konflikten und Situationen
2043 1361 2978 1414 gen und Anspielungen auf Köpfen und Hängen der
1150 1367 2057 1419 getreiken Liebhaber seiner Gattin duldete, ist jetzt über
244 1372 1151 1436 unter, so daß es schließlich auch dem willigen Be¬
2044 1407 2972 1451 Aristokratie ausfollen, um so belustigter fühlt sich
1148 1407 2045 1459 den ußgetreuen aufs höchste empört und jagt ihn zum
242 1413 1152 1489 urteiler unmöglich wurde, in das nähere Verhältnis
2052 1418 2969 1496 die letztere und klatscht iebhaften Beifall. Da gleich¬
1143 1446 2054 1514 Hauschinaus. Da erfährt er von der Freundin des
241 1456 1154 1513 zu den Bühnenvorgängen zu treten, das eine gute
2054 1467 2982 1524 zeitig in Paris die Bastille erstürmt wird und ferner
1147 1489 2047 1535 Hauses, daß seine verstorbene Gattin um diesen
237 1503 1150 1570 und sinnige Dichtung so bald zwischen sich und dem
2058 1519 2979 1570 Kanonendonner in das wüste Fastnachtstreiben des
1156 1525 2049 1582 Verlobungsplan des Assistenten gewußt und ihn auch
241 1542 539 1603 Hörer herstellt.
2048 1557 2972 1618 Kellers hineintönt, so wird eine gewisse Galgen¬
1155 1565 2058 1626 gebilligt habe, Sein Zorn auf den jungen Doktor
295 1559 1153 1631 „Die Gefährtin“, das Schauspiel, das den
2051 1600 2975 1645 humorstimmung erzeugt. die am Schlusse, als der
1142 1608 2052 1650 war also nicht so berechtigt, wie es ihm erschien.
243 1620 1153 1664 Abend eröffnete, ist in Stimmung und Mache noch
2047 1643 2968 1690 Herzog von dem mit Grund auf ihn eifersüchtigen
1162 1648 2047 1696 Um diese traurige Erfahrung reicher verschließt er
239 1646 1152 1699 die relativ beste Nummer des Cyklus, obschon auch
2045 1670 2980 1724 Schauspieler Heuri, Prospères erstem Mimen, erstochen
1151 1686 2058 1735 das Zimmer seiner Frau, nachdem er noch den Kranz
248 1691 1158 1744 hier die Sucht, Außerordentliches und Originelles
2055 1716 2983 1763 wird. und alles auf die dekadenten Adligen ein¬
1160 1724 2052 1776 des Assistenten, statt ihn zum Fenster hinauszu¬
244 1726 1155 1799 zu bieten, den tixtelnden Dichter zu einem Sujet ge¬
2051 1747 2972 1806 stürmt, in den Ton einer Tragikomödie umschlägt.
1152 1761 2049 1818 werfen, auf den Schreibtisch der Verstorbenen ge¬
242 1767 1163 1820 führt hat, wie es gesuchter und wurmstichiger kaum
2059 1793 2976 1840 In wildem Tumult drängt plötzlich von der Straße
1150 1805 2060 1854 legt hat, und beschließt nach einem schweren Seufzer
249 1810 1156 1865 möglich ist. Wir erleben in dem Balkonzimmer
2052 1824 2979 1879 her eine wüste Horde von Revolutionsmännern die
1155 1845 2055 1897 sich als Philosoph in seine Lage zu finden und zu
248 1857 1151 1904 einer Professorenvilla den Abend des Begräbnis¬
2066 1856 2986 1921 Treppe herab und giebt das Signal zu einem Jubel
1157 1881 2057 1934 verreisen. Die darstellerisch von Herrn Nissen,
246 1893 1156 1946 tages der Hausfrau. Der Witwer ist merkwürdig
2067 1914 2988 1962 über den Fall der Bastille, daß man anzunehmen
1155 1897 2066 1969 dem Professor, und Herrn v. Wintersteim, dem
246 1922 1159 1972 gefaßt und gleichgiltig gegen alle Beileidsbezeugungen.
2059 1947 2983 2011 versucht ist, das Stück sei überhaupt nur um dieser
1148 1957 2062 2007 Assistenten, zum Austrag gebrachte häusliche Scene
254 1970 1168 2022 Nach dem Eintritt einer Freundin des Hauses, die
2066 1984 2976 2045 Revolutionspointe willen geschrieben worden. Im
1152 1994 2055 2046 fand namentlich in dem fein abgetönten Spiel des
250 2005 1150 2060 um Rückgabe ihrer Briefe an die Verstorbene bittet.
2053 2021 2984 2085 übrigen ist es ein ausgeklügelter grober Knall¬
1153 2033 2067 2093 ersteren eine wesentliche Stütze. Daß es schließlich
246 2042 1170 2103 erfahren wir auch den Grund. Der Professor hat
2057 2066 2985 2119 effekt, ein Mosaik von Genrebildern zweifelhaftester
1160 2076 2070 2125 auch diesem gewandten Künstler nicht gelang, den
169 2091 1163 2139 icht] nur ein oder zwei Jahre mit seiner Gattin glücklich
2056 2109 2987 2165 Art. Herr Rittner glänzte als ein Strolch, der
1155 2120 2065 2169 Vorgang sympathischer zu machen, ist bei der Un¬
244 2124 1172 2190 gelebt. Es mußte so kommen, wie er selbst sagt.
178 2134 261 2182 as¬
2062 2142 2979 2197 allsogleich den Wirt bestahl und nebenher in harm¬
1160 2136 1972 2209 erquicklichkeit des Sujets wohl kein Wunder.
257 2160 1171 2218 Sie war ja 20 Jahre jünger und taugte auch mehr
2057 2181 2978 2243 losester Weise zum besten gab, soeben seine Tante
1188 2171 2067 2237 Das zweite Stück „Der grüne Kakadu“ benennt
255 2203 1169 2262 zur Geliebten wie zur Gefährtin. Da hat er denn
201 2210 257 2260 ür
2067 2212 2974 2272 umgebracht zu haben. Herr Kainz gab den Schau¬
1156 2221 2067 2277 Schnitzler eine „Groteske“. Schon dieser Verlegen¬
672 2241 1165 2298 zugesehen, wie sie ihm
316 2239 676 2301 die Jahre still
2069 2252 2990 2313 spieler Henri, das Pathos eines Größenwahnsinnigen
1163 2265 2073 2321 heitstitel läßt erkennen, daß die Selbsteinschätzung
247 2270 1164 2330 fremd und fremder wurde und selbst kein
2058 2293 2989 2347 komisch forcierend, und Herr Fischer machte aus
1157 2315 2074 2362 des Werkes seinem Dichter einige Schwierigkeiten
560 2316 1163 2378 als sie ihn mit seinem
169 2310 574 2380 iche Wort gesagt,
2063 2325 2991 2394 seinem Wirt eine wahre Paradecharge grotesken
1162 2338 2082 2404 bereitete. Um grotesk genannt zu werden, muß eine
253 2360 1164 2409 jungen Assistenten hinterging. Ein merkwürdiger
167 2366 267 2419 als
1159 2369 2986 2433 Sache schon recht abenteuerlich sein. und das ist Humors. Wer Lärm und Gedränge mit drama¬
252 2389 1170 2441 Mann dieser Professor Pilgram. Aber es kommt
170 2403 269 2455 nt.
2067 2417 2974 2466 tischer Verve verwechselt und ausgetiftelte Spitz¬
1163 2418 2066 2479 denn auch dieser Abend der Bastille=Erstürmung im
253 2433 1171 2486 noch merkwürdiger, als plötzlich dieser ehrenwerte
164 2447 268 2499 gen
2059 2457 2983 2517 findigkeiten für „Geistreichigkeiten“ hält, mag dann
256 2459 2073 2521 Assistent, der einzige, der nach Pilgrams Ausspruch Grünen Kakadu des früheren Theaterdirektors
162 2479 276 2533 en¬
2478 2502 2990 2555 für ein beifallwürdiges
2060 2486 2496 2563 wohl diesen Kakadu
251 2499 2064 2570 heute zu wirklicher Trauer Anlaß habe, eintrifft, Prospère hinreichend. Herr Prospere ist jetzt Wirt
169 2521 267 2572 Re¬
2061 2535 2978 2585 Kabinettstück erklären. Aber auch die hier und da
1169 2549 2068 2598 des Verbrecherkellers und steht sich dabei ganz gut.
168 2538 1172 2605 ucht sein Beileid ausspricht und den Professor, der sich
2072 2578 2979 2631 mit plastischem Geschick arbeitende Hand Schnitzlers
1170 2587 2069 2635 Sein Publikum rekrutiert sich aus der Pariser
259 2587 1170 2642 durch vermehrte Arbeit zerstreuen wollte, bereden
168 2592 281 2648 lent
2063 2598 2991 2664 vermochte uns nicht zu dieser Ansicht von dem
1166 2627 2073 2678 Aristokratie. Selbst der Herzog von Cadignan ver¬
258 2628 1165 2677 will, mit ihm, dem Assistenten, schon tags darauf
223 2625 290 2701 1
2076 2653 2983 2724 wahren Wert dieser effektsüchtigen Groteske zu be¬
1160 2660 2063 2723 schmäht es nicht, sich hier einzufinden und von der
256 2663 1160 2715 in demselben Seebade, wo er mit den Seinen den
2063 2697 2224 2757 kehren.
1172 2697 2075 2749 Truppe des Wirtes, ehemaligen Schauspielern des
255 2710 1172 2759 Urlaub verbrachte, seine Nerven zu beruhigen. Ver¬
157 2699 273 2767 Abien
2119 2710 2984 2797 Als schwächstes Stück gab sich der dritte und
1161 2730 2072 2781 Erdixektors, die schauderösesten Dinge vorgaukeln zu
162 2748 1173 2798 Mest wundert fragt der Professor nach diesen Seinigen.
2067 2763 2981 2820 letzte Einakter, das Versspiel „Paracelsus“
1160 2774 2088 2822 lassetz. Gerade darin beruht der Witz, daß alle diese
162 2789 1177 2847 eren] Da gesteht der Assistent zögernd ein, dies wären
175 2795 2999 2878 alle seine junge, eben erkorene Braut und deren Eltern. Vorkäge und Darstellungen nur erlogene Verbrechen] Vielleicht erschien es das aber nur nach dem wüsten
182 2865 3002 2924 ents Schon seit Jahren habe er dieses Mädchen heimlich behaßdeln. daß niemand etwas ernst nehmen darf. Revolutionsspektakel von Nr. 2. Auf jeden Fall
672 2959 1455 3209 GS
