3436 4224
1949 152 2399 241 box 16/1
202 165 1808 263 9.4. Der gruene Kakadu Zukius
1143 507 2124 626 ADOLF SCHUSTERMANN
1077 629 2183 694 ZEITUNGSNACHRICHTEN-BUREAU
1269 677 1995 770 BBRLIN SO 16, RUNGBSTR. 22-24.
1130 762 2025 903 zeitung: Volksstimme
1130 896 1387 967 Adresse:
1383 875 2091 1019 Frankfuri d. M.
1125 999 1371 1084 Datum:
1557 986 2006 1089 16 MAll
1479 1061 1920 1144 —hrenes Theäter.
1333 1119 2070 1190 Zu Arthur Schnitzlers 60. Geburtstag:
1206 1167 2214 1243 „Paracelsus“, „Die Gefährtin“, „Der grüne Kakadu“.
1144 1214 2326 1285 Unter der stänitungsvollen Spielleitung Robin Roberts
1088 1265 2317 1315 konnten wir ams Saizstag einen der anregendsten Abende am
1096 1307 2318 1356 Theater im Bahnhofsyiertel erleben. Mit dem Vorspiel von dem
1104 1347 2314 1393 „Wunderdoktor“ Paräcelsus begann die Feier. Das ganze Ge¬
1099 1385 2322 1443 heimnis des „Wunderdoktors“ ist die Hypnose. Schnitzler, der Arzt,
1088 1421 2323 1471 hat sich viel mit der Frage der Suggestion bis zur Willensaus¬
1091 1459 2140 1511 schaltung beim Medium befaßt — (Cora in „Anatol“)
2202 1462 2321 1515 und
1087 1480 2317 1552 dieses zweifelsohne interessante Problem zu bühnenwirksamen
1101 1538 2317 1578 Szenen gebildet. Das besinnliche Spiel von der „Gefährtin“ des
1083 1572 2326 1623 Mannes, der älter als seine Frau ist, und von dem Freunde des
1089 1617 2319 1667 Hauses der das dem Manne Heilige durch tändelndes Genießen
1091 1659 2320 1699 entweiht, ist voll bitterer Weisheiten über Ehen, in denen die
1092 1692 2038 1745 Menschen nicht den Mut zur Wahrheit aufbringen.
1157 1729 2337 1785 Höhepunkt des Abends war die Aufführung der Groteske
1101 1765 2323 1814 „Der grüne Kakadu“. Vorweg sei gesagt: In Spiel und
1082 1816 2330 1868 Bild war die Wiedergabe dieses grotesken Einakters mit das
1087 1847 2326 1896 Beste, was wir in den letzten Jahren am „Neuen Theater“ gesehen
1090 1885 2314 1941 haben. Die Dichtung spielt in Paris am Abend des 14. Juni 1789,
1095 1930 2334 1981 demTage der Erstürmung der Bastille, in der Spelunke des Wirtes
1092 1966 2323 2025 und ehemaligen Theaterdirektors Prospère. Der schlaue, ge¬
1085 2004 2318 2050 rissene Wirt hat seine Regiekunst in die Kneipe verlegt. Schau¬
1092 2047 2317 2098 spieler und Schauspielerinnen sitzen mitten unter den Gästen und
1100 2080 2329 2127 gebärden sich als Apachen, als Verbrecher, die sich mit erdichteten
1108 2118 2327 2167 Mordtaten, Diebstählen brüsten und dem als zahlende Gäste er¬
1113 2159 2330 2204 schienenen dekadenten, quillotinereifen Adel Frankreichs Gänse¬
1090 2195 2331 2244 haut=Gruseln verursachen. Prospère, der Wirt, ist der „grobe Gott¬
1079 2235 2334 2280 lieb“ aus der Berliner Mohrenstraße, der seinen Gästen alle er¬
1085 2275 2324 2326 denklichen Grobheiten ins Gesicht schleudert, während er ihnen den
1079 2319 2332 2360 Wein gegen gute Bezahlung kredenzt. Erster Held und Darsteller
1086 2360 2319 2405 in diesem Theater, Henri, liebt die Schauspielerin Léocadie. Er
1094 2397 2315 2435 erfindet eine Eifersuchtsszene zwischen ihm und dem Herzog von
1099 2432 2322 2499 Cadignan in deren Verlauf er den Herzog erstochen haben will.
1083 2477 2321 2527 Die Gäste halten die gespielte Szene für Wahrheit, die Illusion
1080 2509 2311 2555 für Wirklichkeit, da sie wissen, daß Henris Frau Léocadie leicht¬
1090 2555 2315 2589 lebig und zu ihren Freunden den Herzog zählt. Ihre Mienen ver¬
1088 2584 2307 2650 raten Henri den Treubruch seiner Geliebten. Da erscheint der
1092 2618 2317 2685 Herzog in der Kneipe. Henri ersticht ihn nun in Wirklichkeit.
1087 2666 2319 2731 Grasset, der Philosoph, stürmt herein, Volk mit toten Fahnen fol¬
1083 2704 2322 2766 gen ihm und Grasset verkündet den Sturz der Bastille. Die Frei¬
1078 2738 1291 2809 heit lebt.
1134 2817 2235 2910 In atemberaubendem Tempo, in glänzender Massenregie -
1056 2870 2264 2965 soweit sie die verhältnismäßig kleine Bühne des „Neuen Theaterg“
1054 2913 2289 2991 zuläßt — rast das groteske Spiel von Illusion und Wirklichkeit an
1049 2950 2295 3026 uns vorüber. Eine Leistung, die nicht hoch genug bewertet werden
1057 3023 1196 3080 kann.
1127 3021 2287 3098 Von den Darstellern seien besonders hervorgehoben: Kurt
1051 3073 2282 3150 Gerdes als Henri, der die Szene der Ermordung des Herzogs
1052 3104 2281 3188 in schärfster Realistik zeichnete. Alois Großmann als raffi¬
1049 3147 2283 3241 nierter Wirt in einer vortrefflichen Maske, José Almas als der
1064 3176 2297 3252 einzig wirkliche, eben aus der Strafanstalt entlassene Verbrecher,
1066 3234 2298 3296 und Leontine Sagan als verführerische, verliebte Léocadie.
1064 3263 2296 3329 Ferner seien genannt: Fred Hennings (Herzog von Cadignan),
1064 3307 2301 3384 Peter Stanchina (Vicomte von Nogeant), Robert Grüning
1068 3332 2320 3415 (Marquis von Lansac), Anny Reitter (Séverine) und August¬
1058 3402 1459 3459 Weber (Grasset).
1140 3393 2297 3487 In „Paracelsus“ war Kurt Gerdes ein dämonischer
1065 3452 2303 3524 Wunderdoktor, August Weber ein derber Geradeaus von Waffen¬
1056 3489 2294 3579 schmied, Alice Rohde eine schöne Frau aus dem mittelalter¬
1060 3534 2303 3613 lichen Basel, Marion Heiden ein zartes Jüngferlein, Robert
1061 3580 2304 3656 Grüning ein konkurrenzneidiger Mediziner und Peter Stan¬
1058 3626 1921 3678 china ein verliebtes junkerliches Bürschchen.
1138 3630 2296 3717 Kurt Gerdes Anny Reitter und Paul Roland spielten
1074 3708 2297 3770 im Sinne der feinen, zarten psychologischen Studie „Die Ge¬
1075 3749 1630 3817 fährtin“ in zartem Moll.
1146 3755 2295 3836 Der Abend war die würdigste und schönste Geburtstagsfeier,
1063 3804 2304 3876 die dem Dichter Arthur Schnitzler hätte zuteil werden können.
1075 3850 2301 3909 Starker Beifall rief Darsteller und Regisseur oftmals vor den Vor¬
2239 3879 2280 3911 .
1080 3907 2321 3947 hang. Gedankt sei auch Loe Dahl für die schönen Bühnenbilde=,
1076 3926 2310 4012 besonders für die vorbildliche Inszenierung des „Grünen Kakadu“.
1602 3963 2303 4037 Max Eck=Troll.
