3436 4352
770 242 1316 315 uene Kakadu
490 245 645 312 Der
255 241 1290 358 9. 3. .
1467 236 1885 319 box 15/3
1716 3912 2258 3973 ·THE GREEN COCKATOO.“
1626 3963 2316 4028 Emile, Duc de Cadigan. Edward Mackaz
1628 4000 2207 4060 Francols. Vicomte de Nogeant,
2044 4037 2330 4083 Cyrll Chadwick
1613 4057 2275 4126 Francois, Vicomte de la Tremouille.
2067 4105 2326 4153 Gregory Kelly
2077 4135 2108 4165 1.
1609 4106 2319 4196 Marquis de Lansac Fuller Mellis
1626 4175 2329 4217 Severine Miss Marle Maddern
2317 399 3031 474 herself through the lee into the vil¬
2319 450 2549 517 lage pond.
2350 467 3033 563 Half dead she lies upon the dirty
2318 549 3033 595 cot in the almshouse, and through
2307 580 3029 638 her tortured mindthe happenings of
2321 624 3054 680 her short life pass in blurred and
2327 669 3043 731 distorted procession. Left in the
2311 705 3031 764 darkness by Sister Martha, a charity
2314 754 3037 823 nurse, Hannele, in her delirum, first
2321 801 3037 856 sees bending over her the terrible
2316 849 3047 914 form of her father, cursing and
2302 886 3041 955 threatening her. She scréams aloud
2313 938 3041 1003 in her fright and crawling from the
2317 971 3037 1032 bed falls weakly on the stone tiling
2311 1021 3047 1092 in her efforts to escape the brute.
2306 1064 3031 1125 Gottwald, her kind schoolmaster, and
2305 1117 3038 1174 the nurse lay her gently on the cof!
2301 1154 2876 1214 again and she is left-alone.-
2340 1198 3051 1264 The child’s brain takes à new turn,
2304 1244 3029 1297 and sitting beside her she sees her
2308 1291 3041 1353 mother and is awed by her beauty.
2311 1339 3034 1403 She entreats her mother to stay, and
2312 1384 3037 1446 cries alond as the shrouded figuret
2316 1414 3045 1478 disappears again into vacancy. Then
2301 1453 3038 1517 in turn, to the sound of music, Han¬
2299 1511 3045 1576 nele sees long lines of inging an¬
2298 1571 3045 1620 Fgels, and the kindt schoolmaster
2307 1614 3039 1669 Gottwald in her dream takes on the
2308 1649 2625 1705 form of Christ.
2340 1681 3055 1751 Through-her visionsthe village tail¬
2314 1739 3047 1795 or comes with a beautiful robe in
2318 1776 3033 1844 which she is to lie in her coffin, for
2320 1827 3048 1890 now Hannele is dreaming of-that
2320 1862 3052 1934 death she sought in the millpond.
2298 1901 3046 1984 ##e village school children enter
2315 1954 3050 2014 the room softly and loök with awe
2309 2005 3047 2069 upon the silent figure of their former“
2317 2041 3033 2111 companion. The housewives come
2309 2092 3048 2161 and, laying flowers on the casket of
2312 2136 3047 2190 crystal and silver, recount the many
2316 2184 2870 2237 gcod qualitiesof the child.
2336 2200 3048 2290 Then'Gottwald, the Christ of Han¬
2311 2263 3063 2321 nele's, dream, raises the child and to
2324 2316 3071 2390 music such as she has never heard
2312 2357 3042 2414 shows her a dazzling golden path,
2326 2406 3046 2465 between two long lines of singing
2326 2446 3053 2509 angels, and with her hand in his
2324 2486 3050 2557 Hannele starts the ascent toward
2310 2534 2842 2609 Heaven and her mother.
2351 2593 2900 2647 For a moment darkness an
2305 2608 2820 2690 again thedirty room in
2315 2673 2785 2741 house. From above ther
2304 2713 2761 2777 of brawling beggars
2323 2760 2741 2818 wome1. Sister Marth
2323 2802 2754 2874 the schoolmaster, lear
2318 2849 2759 2913 on which Hannele lie
2303 2903 2771 2958 coverlid moves no mor
2314 2938 2803 3002 ful breast, but on the¬
2302 2977 2901 3053 there is the“joy of her dreams
2354 3029 3045 3083 It is no easy task to send oversthe¬
2311 3052 3051 3126 footlights in tangible form a poem
2314 3124 3048 3175 play as dreamlike and mystical as
2320 3154 3054 3216 sthis of Hauptmann's. No one coufd¬
2314 3194 3050 3270 have done it better than Mr. Fiske,
2324 3246 3046 3324 and we are to be congratulated that,
2329 3291 3040 3356 with“ Hannele“ in his possession, it
2332 3335 3062 3389 was made possible for us to see Mrs.
2333 3383 3050 3454 Fiske in the role of the dreaming
2333 3424 3046 3485 child. In voice and mannerism she
2329 3478 3052 3535 was stecessful in conveying the child¬
2336 3514 3049 3580 ish misery and poetic exaggerated
2333 3540 3054 3622 imagination of Hauptmann’s child
2332 3613 2536 3666 heroiné.
2379 3632 3052 3713 Hannele' is fated to be buffetea
2298 3692 3052 3753 Tabout by.thé many but the few who
2328 3732 3052 3800 Wlike it will wax enthusiastic over ft.
2327 3763 3055 3836 The former are the unthinking—
2327 3814 3049 3891 those who could not quite understand
2328 3859 3036 3928 Mr. Barrie’s Peter Pan.“ (The few
2321 3899 3059 3972 are the students and those who have
2329 3953 3044 4009 the welfare and advancement of our
2325 3987 3047 4062 stage at heart; of the latter group
2340 4027 3063 4101 Ars. Fiske is idol—the actress to
2347 4080 3046 4135 ghom a famous English critic, leav¬
2351 4129 3053 4180 ing for England after the dedication
2341 4168 3042 4220 exereises atthe New theatre, re¬
