3436 4320
1436 172 1878 254 box 16/2
235 171 1272 273 10. Das Vernnechtnis
2346 678 2672 755 Telefon 12801.
2002 782 2963 894 (Unkernehmen für Zeitungs-Ausschnitte.
3018 805 3239 879 Ausschnitt
1756 803 2012 914 —
858 877 1189 983 Telefon 12801.
2937 875 3235 983 Nr. 49
2193 863 2812 1004 „OBSERVER
1779 974 3216 1053 I. österr. behördl. concess. Bureau für Zeitungsberichte und Personalnachrichten
525 997 1494 1064 Unternehmen für Zeitungs-Ausschnitte.
1492 1018 1723 1088 Aussch
216 981 514 1109 105—
2080 1045 2935 1139 Wien, IX/1 Türkenstrasse 17.
1489 1077 1715 1187 Nr. 2
699 1078 1329 1194 „OBSERVER
2022 1133 2985 1215 Filiale in Budapest: „Figyelö“, VIII. Josefsring 31a.
282 1150 1701 1257 I. österr. behördl. concess. Bureau für Zeitungsberichte und Personalnachricht
599 1244 1467 1340 Wien, IX/1 Türkenstrasse 17.
1787 1259 2482 1360 Ausschnitt aus: 42z
507 1318 1515 1413 — Filiale in Budapest: „Figyelö“, VIII. Josefsring 31a. —
2525 1302 2755 1448 1
283 1436 1452 1564 Ausschnitt aus: Perieche #eiung Vion
1959 1526 2339 1586 nchtegleichen
1795 1559 3134 1627 — Gut getroffen! Anläßlich einer Aufführung des Schauspiels „Das
296 1583 771 1691 vom 7. 111109.
1785 1608 3128 1683 Vermächtniß“ von Arthur Schnitzler schreibt Karl Busse (Berlin) im
1790 1672 3123 1711 „Deutschen Wochenblatt": „Arthur Schnitzler ist der „interessante“ Wiener.
1293 1636 1371 1741 ∆
1785 1686 3126 1749 Und die „interessanten“ Wiener sind eigentlich entsetzlich. Ich kenne viele
1791 1736 3123 1784 von der Gilde, aber ich habe nie ein so trauriges Pack gesehen. Eine
1785 1770 3124 1814 Gesellschaft, die „in Literatur“ erstickt, die keine Ahnung hat vom Ge¬
1790 1806 3131 1852 sammtleben ihres Volkes, der die neue Rolle einer Sandrock tausendmal
527 1774 1656 1860 —Anläßlich einer Aufführung des Schauspiels „Das
1790 1849 3119 1905 interessanter ist, als der ganze Kampf der Deutschen Oesterreichs (!!), die
467 1845 1656 1929 Vermächtniß“ von Arthur Schnitzler schreibt zutreffend
1790 1889 3127 1932 keine Begeisterung, keine Großherzigkeit, kein Feuer aufbringt, sondern
478 1877 1663 1966 Karl Busse zu Berlin im „Deutschen Wochenblatt“:
1786 1927 3106 1977 durch den ewigen Klatsch, durch die Kaffeehaussitzerei, die „geistreiche“
479 1920 1668 2013 „Arthur Schnitzler ist der interessante Wiener. Und der
1782 1970 3124 2030 Thesenwirthschaft zu Eunuchen geworden ist. (!!) Wenigstens kamen sie
480 1974 1681 2045 interessante Wiener ist eigentlich entsetzlich. Ich kenne viele
1795 2011 2821 2099 mir so vor, trotzdem jeder sein „Verhältniß“ hatte.—
480 1999 1668 2097 von der Gilde, aber ich habe nie ein so trauriges Pack ge¬
484 2086 1676 2139 sehen. Eine Gesellschaft, die in der Literatur erstickt, die keine
481 2107 1665 2191 Ahnung hat vom Gesammtleben ihres Volkes, der die
487 2149 1660 2218 neue Rolle einer Sandrock tausendmal interessanter ist, als
488 2185 1678 2266 der ganze Kampf der Deutschen Oesterreichs, die keine Be¬
486 2230 1659 2315 geisterung, keine Großherzigkeit, kein Feuer aufbringt, sondern
488 2259 1670 2366 durch den ewigen Klatsch, durch die Kaffeehaussitzerei, die
477 2321 1673 2397 „geistreiche“ Thesenwirthschaft zu Eunuchen geworden ist.
478 2385 1688 2457 Wenigstens kamen sie mir so vor, trotzdem jeder sein „Ver¬
1544 2423 1641 2503 1
490 2438 824 2493 hältniß“ hatte.“
2180 2690 2886 2791 Bezugs-Bedingungen.
2816 2760 3003 2840 fl. 7.50
1808 2781 2754 2855 Für 50 Zeitungsausschnitte (Artikel oder Notizen)
2877 2813 2989 2866 14.—
1886 2823 1986 2870 100
2873 2844 2995 2899 25.—
1897 2861 2005 2908 200
2871 2891 2995 2945 55.—
3019 2792 3181 2948 715
1883 2893 2005 2947 500
661 2896 1356 2992 Bezugs-Bedingungen.
2834 2928 3009 2991 „100.—
1835 2941 1996 3011 „ 1000
283 2978 1246 3056 Fer 50 Zeitungsausschnitte (Artikel eder Notizen)
1929 2949 3093 3042 Im Gegensatze zu anderen Bureaux für Zeilungsansschnitte
1296 2976 1498 3039 fl. 7.50
2890 3014 3181 3069 auch stehte
1515 3013 1698 3070 inclusive
1826 3003 2841 3078 Abonnement durch keine bestimmte Zeitdauer begrenzt;
1530 3059 1665 3093 Porto.
1822 3054 3133 3128 Abonnenten frei die aufgegebenen Themen zu ergänzen oder zu änder
1353 3058 1488 3115 25.—
1522 3083 1678 3124 Zahlbar
1350 3100 1479 3154 55.—
367 3082 415 3147 5
1511 3111 1708 3181 im Voraus
1317 3141 1483 3201 „ 100.—
335 3132 500 3204 " 1000
408 3185 1740 3240 Im Gegensalze zu anderen Bureaux für Zeitungsausschnitte ist das
300 3205 1326 3280 Abonnement durch keine bestimmte Zeitdauer begrenzt;
1379 3227 1808 3306 auch steht es dens
300 3261 1637 3329 Abonnenten frei die aufgegebenen Themen zu ergänzen oder zu ändern.
