<?xml version="1.0" encoding="UTF-8" standalone="yes"?>
<PcGts xmlns="http://schema.primaresearch.org/PAGE/gts/pagecontent/2013-07-15" xmlns:xsi="http://www.w3.org/2001/XMLSchema-instance" xsi:schemaLocation="http://schema.primaresearch.org/PAGE/gts/pagecontent/2013-07-15 http://schema.primaresearch.org/PAGE/gts/pagecontent/2013-07-15/pagecontent.xsd">
    <Metadata>
        <Creator>prov=University of Rostock/Institute of Mathematics/CITlab/Gundram Leifert/gundram.leifert@uni-rostock.de:name=ONB_Newseye_GT_M1+(htr_id=10810)::::v=2.4.2
prov=University of Rostock/Institute of Mathematics/CITlab/Tobias Gruening/tobias.gruening@uni-rostock.de:name=de.uros.citlab.module.baseline2polygon.B2PSeamMultiOriented:v=2.4.2
prov=University of Rostock/Institute of Mathematics/CITlab/Tobias Gruening/tobias.gruening@uni-rostock.de:name=/mnt/transkribus/LA/DEA/URO/LA_news_onb_att.pb:de.uros.citlab.segmentation.CITlab_LA_ML:v=2.4.2
Transkribus</Creator>
        <Created>2019-10-07T11:42:49.333+02:00</Created>
        <LastChange>2019-10-08T20:14:56.818+02:00</LastChange>
        <TranskribusMetadata docId="223987" pageId="9503544" pageNr="392" tsid="16608696" status="IN_PROGRESS" userId="40391" imgUrl="https://files.transkribus.eu/Get?id=INQKJXPPJMFGKEOCUJZMWHQB&amp;fileType=view" xmlUrl="https://files.transkribus.eu/Get?id=VEPRICVAADJQFTMKORBCZHJI" imageId="6193758"/>
    </Metadata>
    <Page imageFilename="223987_0392.jpeg" imageWidth="3436" imageHeight="4224">
        <ReadingOrder>
            <OrderedGroup id="ro_1711447443391" caption="Regions reading order">
                <RegionRefIndexed index="0" regionRef="r1"/>
                <RegionRefIndexed index="1" regionRef="r2"/>
            </OrderedGroup>
        </ReadingOrder>
        <TextRegion orientation="0.0" id="r1" custom="readingOrder {index:0;}">
            <Coords points="353,218 353,2585 1981,2585 1981,218"/>
            <TextLine id="r1l1" custom="readingOrder {index:0;}">
                <Coords points="343,246 1708,322 1992,265 1708,201 1518,248 1413,201 344,203"/>
                <Baseline points="353,240 434,247 515,253 597,259 678,263 760,267 841,269 922,272 1004,274 1085,275 1167,276 1248,277 1329,278 1411,278 1492,279 1574,280 1655,280 1736,282 1818,283 1899,286 1981,289"/>
                <TextEquiv>
                    <Unicode>9.4. Der gruche Kakadu ZukIns</Unicode>
                </TextEquiv>
            </TextLine>
            <TextLine id="r1l2" custom="readingOrder {index:1;}">
                <Coords points="1355,1817 1422,1816 1444,1832 1467,1816 1520,1827 1569,1817 1591,1831 1605,1823 1625,1840 1709,1824 1711,1790 1640,1784 1612,1770 1526,1776 1511,1788 1471,1774 1357,1770"/>
                <Baseline points="1366,1805 1391,1805 1417,1806 1442,1807 1468,1808 1494,1809 1519,1810 1545,1812 1570,1813 1596,1815 1622,1816 1647,1818 1673,1818 1699,1820"/>
                <TextEquiv>
                    <Unicode>Wien, 2. März.</Unicode>
                </TextEquiv>
            </TextLine>
            <TextLine id="r1l3" custom="readingOrder {index:2;}">
                <Coords points="382,1861 394,1864 417,1850 445,1872 465,1866 475,1875 517,1858 522,1865 547,1868 571,1862 575,1781 552,1788 524,1783 511,1789 491,1782 476,1789 452,1782 440,1792 428,1783 417,1791 385,1788"/>
                <Baseline points="392,1845 420,1845 448,1846 476,1848 504,1849 532,1850 561,1850"/>
                <TextEquiv>
                    <Unicode>Wochen</Unicode>
                </TextEquiv>
            </TextLine>
            <TextLine id="r1l4" custom="readingOrder {index:3;}">
                <Coords points="662,1851 1670,1878 1733,1871 1735,1814 1305,1825 1191,1786 1144,1820 1098,1790 877,1808 748,1777 663,1814"/>
                <Baseline points="673,1844 725,1845 778,1846 830,1848 883,1849 935,1850 988,1851 1040,1851 1093,1852 1145,1853 1198,1854 1250,1855 1303,1856 1355,1857 1408,1858 1460,1859 1513,1861 1565,1862 1618,1864 1670,1866 1723,1868"/>
                <TextEquiv>
                    <Unicode>(Burgtheater.) Gestern wurden drei Einacter von</Unicode>
                </TextEquiv>
            </TextLine>
            <TextLine id="r1l5" custom="readingOrder {index:4;}">
                <Coords points="384,1902 407,1904 421,1917 458,1900 466,1908 490,1909 500,1919 565,1906 566,1874 526,1861 518,1869 495,1864 483,1874 469,1871 454,1879 416,1852 395,1868 385,1867"/>
                <Baseline points="394,1893 421,1897 448,1899 475,1899 502,1899 529,1899 556,1899"/>
                <TextEquiv>
                    <Unicode>ie ohne</Unicode>
                </TextEquiv>
            </TextLine>
            <TextLine id="r1l6" custom="readingOrder {index:5;}">
                <Coords points="577,1904 1731,1927 1732,1870 578,1839"/>
                <Baseline points="587,1888 643,1888 700,1889 757,1890 813,1891 870,1891 927,1893 983,1894 1040,1895 1097,1897 1154,1898 1210,1899 1267,1901 1324,1902 1380,1903 1437,1905 1494,1906 1550,1907 1607,1908 1664,1909 1721,1909"/>
                <TextEquiv>
                    <Unicode>Arthur Schnitzler zum erstenmale aufgeführt, welche den</Unicode>
                </TextEquiv>
            </TextLine>
            <TextLine id="r1l7" custom="readingOrder {index:6;}">
                <Coords points="578,1936 1733,1948 1684,1914 579,1887"/>
                <Baseline points="589,1934 645,1934 702,1933 759,1934 815,1934 872,1935 929,1936 985,1938 1042,1939 1099,1940 1156,1942 1212,1944 1269,1945 1326,1946 1382,1948 1439,1949 1496,1950 1552,1950 1609,1950 1666,1950 1723,1950"/>
                <TextEquiv>
                    <Unicode>Beginn einer neuen Entwicklungsperiode des Dichters anzu¬</Unicode>
                </TextEquiv>
            </TextLine>
            <TextLine id="r1l8" custom="readingOrder {index:7;}">
                <Coords points="383,1953 409,1958 430,1952 440,1963 460,1959 470,1970 487,1958 507,1965 527,1959 541,1966 552,1958 572,1960 573,1924 547,1917 539,1908 510,1918 482,1909 473,1913 456,1898 420,1918 404,1905 384,1902"/>
                <Baseline points="394,1943 422,1946 450,1947 478,1948 506,1948 534,1948 562,1949"/>
                <TextEquiv>
                    <Unicode>erhältniß</Unicode>
                </TextEquiv>
            </TextLine>
            <TextLine id="r1l9" custom="readingOrder {index:8;}">
                <Coords points="582,1990 1588,2014 1676,2006 1722,1956 583,1937"/>
                <Baseline points="593,1977 648,1977 704,1977 760,1978 816,1978 872,1979 928,1981 983,1982 1039,1983 1095,1986 1151,1987 1207,1989 1263,1990 1319,1992 1374,1993 1430,1994 1486,1995 1542,1995 1598,1995 1654,1994 1710,1993"/>
                <TextEquiv>
                    <Unicode>kündigen scheinen. Den größten Erfolg hatte „Die Gefährtin“.</Unicode>
                </TextEquiv>
            </TextLine>
            <TextLine id="r1l10" custom="readingOrder {index:9;}">
                <Coords points="383,2001 399,2000 415,2014 438,2005 470,2012 499,2006 515,2015 540,2005 548,2014 572,2014 573,1963 541,1971 521,1958 508,1966 486,1955 467,1969 457,1958 439,1962 417,1953 384,1953"/>
                <Baseline points="394,1991 422,1993 450,1995 478,1995 506,1996 534,1996 562,1995"/>
                <TextEquiv>
                    <Unicode>Straßen¬</Unicode>
                </TextEquiv>
            </TextLine>
            <TextLine id="r1l11" custom="readingOrder {index:10;}">
                <Coords points="578,2029 1632,2054 1728,2042 1729,1983 1478,2017 579,1998"/>
                <Baseline points="588,2023 644,2021 701,2021 757,2021 814,2021 870,2022 927,2024 983,2025 1040,2027 1096,2029 1153,2031 1210,2032 1266,2034 1323,2035 1379,2037 1436,2038 1492,2038 1549,2037 1605,2037 1662,2035 1719,2032"/>
                <TextEquiv>
                    <Unicode>mit Sonnenthal in der Hauptrolle. Auch „Paracelsus“</Unicode>
                </TextEquiv>
            </TextLine>
            <TextLine id="r1l12" custom="readingOrder {index:11;}">
                <Coords points="383,2065 440,2053 461,2060 493,2054 514,2063 526,2057 534,2063 560,2062 561,2013 515,2014 498,2006 474,2013 437,2004 419,2014 409,2010 398,2020 384,2018"/>
                <Baseline points="394,2043 420,2043 446,2043 472,2044 498,2044 524,2045 551,2046"/>
                <TextEquiv>
                    <Unicode>st. Von</Unicode>
                </TextEquiv>
            </TextLine>
            <TextLine id="r1l13" custom="readingOrder {index:12;}">
                <Coords points="589,2079 1692,2099 1726,2038 590,2032"/>
                <Baseline points="600,2069 655,2068 711,2068 767,2068 823,2068 878,2068 934,2069 990,2070 1046,2071 1101,2072 1157,2073 1213,2074 1269,2075 1324,2077 1380,2078 1436,2080 1492,2081 1547,2081 1603,2082 1659,2083 1715,2083"/>
                <TextEquiv>
                    <Unicode>gefiel, doch wurde die gute Stimmung durch die Unsicherheit</Unicode>
                </TextEquiv>
            </TextLine>
            <TextLine id="r1l14" custom="readingOrder {index:13;}">
                <Coords points="388,2118 420,2113 441,2099 459,2116 471,2107 498,2107 510,2115 532,2115 538,2109 561,2113 561,2063 546,2065 540,2058 534,2065 528,2058 510,2063 498,2054 469,2054 459,2063 441,2063 432,2054 388,2061"/>
                <Baseline points="398,2093 423,2094 448,2094 474,2093 499,2093 524,2093 550,2095"/>
                <TextEquiv>
                    <Unicode>che Ant¬</Unicode>
                </TextEquiv>
            </TextLine>
            <TextLine id="r1l15" custom="readingOrder {index:14;}">
                <Coords points="590,2117 1722,2126 1653,2084 590,2076"/>
                <Baseline points="600,2107 655,2108 711,2109 766,2109 822,2110 877,2111 933,2112 988,2113 1044,2114 1099,2115 1155,2116 1211,2117 1266,2118 1322,2119 1377,2121 1433,2122 1488,2123 1544,2124 1599,2125 1655,2126 1711,2128"/>
                <TextEquiv>
                    <Unicode>der Darsteller beinträchtig. „Der grüne Kakadu“ wäre gleich¬</Unicode>
                </TextEquiv>
            </TextLine>
            <TextLine id="r1l16" custom="readingOrder {index:15;}">
                <Coords points="388,2163 405,2159 413,2164 442,2150 470,2159 513,2150 531,2152 565,2170 567,2113 547,2112 536,2120 516,2105 494,2113 471,2108 459,2116 435,2105 422,2113 390,2116"/>
                <Baseline points="400,2141 426,2142 452,2143 478,2144 504,2145 530,2145 556,2144"/>
                <TextEquiv>
                    <Unicode>rlangen.</Unicode>
                </TextEquiv>
            </TextLine>
            <TextLine id="r1l17" custom="readingOrder {index:16;}">
                <Coords points="590,2160 1663,2192 1730,2171 1731,2128 591,2115"/>
                <Baseline points="600,2155 656,2154 712,2154 768,2154 824,2155 880,2155 936,2156 992,2157 1048,2158 1104,2160 1160,2161 1216,2162 1272,2163 1328,2165 1384,2166 1440,2167 1496,2167 1552,2168 1608,2168 1664,2168 1721,2168"/>
                <TextEquiv>
                    <Unicode>falls beinahe an der schauspielerischen und scenischen Unzu¬</Unicode>
                </TextEquiv>
            </TextLine>
            <TextLine id="r1l18" custom="readingOrder {index:17;}">
                <Coords points="388,2187 400,2187 431,2210 473,2208 490,2198 500,2207 522,2201 559,2207 560,2161 513,2150 466,2165 446,2149 415,2165 389,2162"/>
                <Baseline points="398,2189 423,2191 448,2193 474,2193 499,2193 524,2193 550,2191"/>
                <TextEquiv>
                    <Unicode>oth. Die</Unicode>
                </TextEquiv>
            </TextLine>
            <TextLine id="r1l19" custom="readingOrder {index:18;}">
                <Coords points="586,2202 1725,2216 1725,2171 587,2159"/>
                <Baseline points="597,2200 652,2199 708,2199 764,2199 820,2199 876,2199 932,2200 988,2201 1044,2203 1100,2204 1156,2205 1211,2206 1267,2208 1323,2209 1379,2211 1435,2212 1491,2213 1547,2214 1603,2214 1659,2214 1715,2214"/>
                <TextEquiv>
                    <Unicode>länglichkeit gescheitert. Allein die eigenthümliche Kraft dieses</Unicode>
                </TextEquiv>
            </TextLine>
            <TextLine id="r1l20" custom="readingOrder {index:19;}">
                <Coords points="394,2239 406,2239 433,2257 478,2248 486,2252 508,2238 531,2244 545,2256 567,2250 567,2205 543,2209 524,2199 504,2207 486,2199 463,2214 437,2204 420,2208 404,2192 394,2192"/>
                <Baseline points="405,2239 430,2239 456,2240 481,2241 507,2242 532,2239 558,2235"/>
                <TextEquiv>
                    <Unicode>nnen —</Unicode>
                </TextEquiv>
            </TextLine>
            <TextLine id="r1l21" custom="readingOrder {index:20;}">
                <Coords points="582,2254 1612,2277 1747,2247 583,2203"/>
                <Baseline points="593,2244 650,2244 707,2244 764,2244 821,2244 879,2245 936,2246 993,2247 1050,2248 1107,2249 1165,2250 1222,2251 1279,2253 1336,2254 1393,2255 1451,2256 1508,2257 1565,2258 1622,2259 1679,2259 1737,2260"/>
                <TextEquiv>
                    <Unicode>Stückes setzte sich selbst durch und es gab einen schönen</Unicode>
                </TextEquiv>
            </TextLine>
            <TextLine id="r1l22" custom="readingOrder {index:21;}">
                <Coords points="405,2309 424,2310 445,2296 491,2311 505,2303 519,2312 542,2303 568,2308 570,2271 554,2271 540,2258 513,2265 505,2256 495,2258 481,2249 475,2255 432,2257 418,2246 408,2246"/>
                <Baseline points="416,2291 444,2290 472,2290 501,2291 529,2294 558,2297"/>
                <TextEquiv>
                    <Unicode>ädchen,</Unicode>
                </TextEquiv>
            </TextLine>
            <TextLine id="r1l23" custom="readingOrder {index:22;}">
                <Coords points="589,2294 1727,2318 1716,2261 590,2250"/>
                <Baseline points="599,2284 657,2285 716,2286 775,2287 834,2288 893,2290 952,2291 1011,2292 1070,2293 1129,2294 1187,2296 1246,2297 1305,2298 1364,2299 1423,2300 1482,2301 1541,2302 1600,2303 1659,2304 1718,2305"/>
                <TextEquiv>
                    <Unicode>Erfolg, um welchen Frau Mitterwurzer und Herr</Unicode>
                </TextEquiv>
            </TextLine>
            <TextLine id="r1l24" custom="readingOrder {index:23;}">
                <Coords points="586,2337 1720,2357 1721,2311 1499,2294 587,2300"/>
                <Baseline points="596,2329 651,2330 707,2331 763,2332 819,2332 874,2333 930,2334 986,2335 1042,2337 1097,2338 1153,2339 1209,2340 1265,2341 1320,2342 1376,2344 1432,2344 1488,2345 1543,2346 1599,2347 1655,2348 1711,2348"/>
                <TextEquiv>
                    <Unicode>Harimann sich sehr verdient machten. Wir kommen</Unicode>
                </TextEquiv>
            </TextLine>
            <TextLine id="r1l25" custom="readingOrder {index:24;}">
                <Coords points="414,2349 424,2350 435,2342 456,2357 483,2348 505,2353 514,2345 542,2361 558,2357 560,2317 536,2314 528,2305 513,2309 503,2304 489,2310 471,2301 452,2304 447,2298 432,2307 416,2302"/>
                <Baseline points="425,2338 456,2337 487,2337 518,2339 549,2344"/>
                <TextEquiv>
                    <Unicode>jedene,</Unicode>
                </TextEquiv>
            </TextLine>
            <TextLine id="r1l26" custom="readingOrder {index:25;}">
                <Coords points="578,2386 1723,2411 1724,2346 579,2341"/>
                <Baseline points="588,2374 644,2374 700,2374 756,2374 812,2375 869,2375 925,2376 981,2377 1037,2378 1093,2380 1150,2381 1206,2382 1262,2384 1318,2385 1374,2386 1431,2388 1487,2389 1543,2390 1599,2390 1655,2391 1712,2391"/>
                <TextEquiv>
                    <Unicode>morgen ausführlich auf diesen überaus interessanten Abens</Unicode>
                </TextEquiv>
            </TextLine>
            <TextLine id="r1l27" custom="readingOrder {index:26;}">
                <Coords points="418,2385 428,2385 438,2396 448,2394 466,2405 475,2401 485,2407 493,2401 505,2404 517,2396 540,2403 562,2397 563,2352 541,2360 517,2347 506,2353 484,2348 462,2356 449,2355 435,2341 419,2344"/>
                <Baseline points="429,2386 460,2385 491,2386 522,2388 553,2388"/>
                <TextEquiv>
                    <Unicode>ie alte</Unicode>
                </TextEquiv>
            </TextLine>
            <TextLine id="r1l28" custom="readingOrder {index:27;}">
                <Coords points="580,2445 591,2445 605,2433 631,2435 672,2449 688,2449 700,2438 735,2436 735,2385 718,2389 706,2379 696,2379 680,2390 661,2380 623,2378 592,2400 580,2401"/>
                <Baseline points="590,2420 616,2417 643,2416 670,2416 697,2417 724,2418"/>
                <TextEquiv>
                    <Unicode>zurück.</Unicode>
                </TextEquiv>
            </TextLine>
            <TextLine id="r1l29" custom="readingOrder {index:28;}">
                <Coords points="424,2453 458,2459 470,2451 499,2453 517,2445 548,2444 560,2454 570,2454 571,2395 550,2397 524,2409 495,2402 465,2404 448,2394 424,2396"/>
                <Baseline points="434,2434 459,2433 484,2433 509,2434 534,2434 560,2434"/>
                <TextEquiv>
                    <Unicode>3 ver¬</Unicode>
                </TextEquiv>
            </TextLine>
            <TextLine id="r1l30" custom="readingOrder {index:29;}">
                <Coords points="1568,2441 1584,2443 1606,2462 1633,2450 1645,2452 1682,2424 1696,2429 1697,2400 1678,2402 1670,2398 1660,2408 1644,2397 1631,2405 1621,2405 1607,2396 1597,2396 1591,2402 1585,2398 1568,2402"/>
                <Baseline points="1577,2436 1604,2435 1631,2436 1658,2436 1685,2438"/>
                <TextEquiv>
                    <Unicode>f. s.</Unicode>
                </TextEquiv>
            </TextLine>
            <TextLine id="r1l31" custom="readingOrder {index:30;}">
                <Coords points="734,2471 1651,2508 1737,2500 1738,2457 1473,2456 1348,2419 1274,2450 1225,2425 948,2445 847,2404 734,2424"/>
                <Baseline points="744,2475 793,2475 842,2475 891,2476 940,2476 989,2477 1038,2477 1088,2478 1137,2479 1186,2479 1235,2480 1284,2481 1333,2482 1382,2483 1432,2484 1481,2485 1530,2487 1579,2488 1628,2490 1677,2491 1727,2492"/>
                <TextEquiv>
                    <Unicode>In der Hofoper werden demnächst die neuengagitten</Unicode>
                </TextEquiv>
            </TextLine>
            <TextLine id="r1l32" custom="readingOrder {index:31;}">
                <Coords points="426,2496 452,2498 468,2494 474,2501 491,2496 509,2501 519,2492 527,2498 542,2484 556,2484 556,2446 515,2448 499,2444 489,2452 470,2452 458,2458 442,2452 426,2454"/>
                <Baseline points="435,2483 462,2484 490,2484 517,2484 545,2483"/>
                <TextEquiv>
                    <Unicode>in 17</Unicode>
                </TextEquiv>
            </TextLine>
            <TextLine id="r1l33" custom="readingOrder {index:32;}">
                <Coords points="448,2530 1211,2561 1302,2528 1586,2568 1721,2544 1722,2512 745,2470 449,2497"/>
                <Baseline points="458,2513 520,2514 583,2515 645,2517 708,2518 771,2518 833,2519 896,2520 959,2521 1021,2522 1084,2523 1147,2524 1209,2525 1272,2526 1335,2527 1397,2529 1460,2531 1523,2533 1585,2535 1648,2537 1711,2540"/>
                <TextEquiv>
                    <Unicode>. Herren Preuß (Tenor Buffo) und Hensel (lynischer Tenor),</Unicode>
                </TextEquiv>
            </TextLine>
            <TextLine id="r1l34" custom="readingOrder {index:33;}">
                <Coords points="1509,2571 1519,2578 1522,2577 1531,2583 1531,2586 1542,2593 1572,2547 1563,2541 1555,2543 1547,2540 1544,2541 1544,2538 1535,2532"/>
                <Baseline points="1526,2564 1541,2574"/>
                <TextEquiv>
                    <Unicode></Unicode>
                </TextEquiv>
            </TextLine>
            <TextEquiv>
                <Unicode>9.4. Der gruche Kakadu ZukIns
Wien, 2. März.
Wochen
(Burgtheater.) Gestern wurden drei Einacter von
ie ohne
Arthur Schnitzler zum erstenmale aufgeführt, welche den
Beginn einer neuen Entwicklungsperiode des Dichters anzu¬
erhältniß
kündigen scheinen. Den größten Erfolg hatte „Die Gefährtin“.
Straßen¬
mit Sonnenthal in der Hauptrolle. Auch „Paracelsus“
st. Von
gefiel, doch wurde die gute Stimmung durch die Unsicherheit
che Ant¬
der Darsteller beinträchtig. „Der grüne Kakadu“ wäre gleich¬
rlangen.
falls beinahe an der schauspielerischen und scenischen Unzu¬
oth. Die
länglichkeit gescheitert. Allein die eigenthümliche Kraft dieses
nnen —
Stückes setzte sich selbst durch und es gab einen schönen
ädchen,
Erfolg, um welchen Frau Mitterwurzer und Herr
Harimann sich sehr verdient machten. Wir kommen
jedene,
morgen ausführlich auf diesen überaus interessanten Abens
ie alte
zurück.
3 ver¬
f. s.
In der Hofoper werden demnächst die neuengagitten
in 17
. Herren Preuß (Tenor Buffo) und Hensel (lynischer Tenor),
</Unicode>
            </TextEquiv>
        </TextRegion>
        <TextRegion orientation="0.0" id="r2" custom="readingOrder {index:1;}">
            <Coords points="2122,154 2122,3831 3294,3831 3294,154"/>
            <TextLine id="r2l1" custom="readingOrder {index:0;}">
                <Coords points="2228,203 2292,187 2353,204 2375,190 2442,201 2467,186 2481,197 2497,187 2538,193 2538,156 2485,164 2384,151 2296,159 2257,148 2229,156"/>
                <Baseline points="2239,176 2265,176 2291,176 2317,176 2343,177 2369,177 2396,178 2422,178 2448,178 2474,178 2500,177 2527,176"/>
                <TextEquiv>
                    <Unicode>——</Unicode>
                </TextEquiv>
            </TextLine>
            <TextLine id="r2l2" custom="readingOrder {index:1;}">
                <Coords points="2111,283 2268,295 2309,285 2327,298 2382,279 2469,298 2559,288 2561,226 2482,208 2433,225 2370,210 2302,240 2268,227 2233,237 2180,213 2113,224"/>
                <Baseline points="2122,266 2147,266 2172,267 2197,267 2222,268 2247,269 2273,270 2298,270 2323,271 2348,272 2373,272 2398,273 2424,274 2449,274 2474,275 2499,275 2524,275 2550,275"/>
                <TextEquiv>
                    <Unicode>box 15/5</Unicode>
                </TextEquiv>
            </TextLine>
            <TextLine id="r2l3" custom="readingOrder {index:2;}">
                <Coords points="2249,930 3304,940 3304,865 2469,854 2400,895 2249,884"/>
                <Baseline points="2260,916 2311,918 2363,919 2415,920 2466,921 2518,922 2570,922 2621,922 2673,922 2725,923 2777,923 2828,923 2880,923 2932,923 2983,923 3035,923 3087,923 3138,923 3190,924 3242,924 3294,925"/>
                <TextEquiv>
                    <Unicode>führen, nachdem sie hier eingeleitet worden sind. Von</Unicode>
                </TextEquiv>
            </TextLine>
            <TextLine id="r2l4" custom="readingOrder {index:3;}">
                <Coords points="2257,973 3263,985 3290,928 2257,928"/>
                <Baseline points="2268,960 2318,962 2369,963 2419,964 2470,965 2521,966 2571,966 2622,967 2672,967 2723,968 2774,968 2824,968 2875,968 2925,968 2976,968 3027,968 3077,968 3128,968 3178,967 3229,967 3280,967"/>
                <TextEquiv>
                    <Unicode>dieser Absicht hat es sein Abkommen und es wurde be¬</Unicode>
                </TextEquiv>
            </TextLine>
            <TextLine id="r2l5" custom="readingOrder {index:4;}">
                <Coords points="2264,1020 3295,1018 3295,977 3203,964 3073,992 2265,979"/>
                <Baseline points="2274,1007 2324,1009 2375,1010 2425,1011 2476,1013 2526,1013 2577,1014 2627,1014 2678,1015 2728,1015 2779,1015 2830,1015 2880,1015 2931,1015 2981,1015 3032,1015 3082,1015 3133,1015 3183,1015 3234,1016 3285,1016"/>
                <TextEquiv>
                    <Unicode>schlossen, in Wien weiter zu verhandeln. In Vertretung</Unicode>
                </TextEquiv>
            </TextLine>
            <TextLine id="r2l6" custom="readingOrder {index:5;}">
                <Coords points="2261,1067 3233,1062 3283,1087 3284,1017 2262,1019"/>
                <Baseline points="2272,1052 2322,1054 2372,1056 2422,1059 2472,1060 2522,1061 2572,1062 2622,1063 2672,1063 2722,1063 2773,1063 2823,1063 2873,1063 2923,1063 2973,1062 3023,1062 3073,1061 3123,1061 3173,1061 3223,1060 3274,1060"/>
                <TextEquiv>
                    <Unicode>der Deutschen Bank ist Dr. Siemens hier eingetroffen, die</Unicode>
                </TextEquiv>
            </TextLine>
            <TextLine id="r2l7" custom="readingOrder {index:6;}">
                <Coords points="2255,1125 3290,1118 3233,1063 2256,1066"/>
                <Baseline points="2266,1103 2316,1104 2367,1106 2417,1106 2468,1107 2519,1108 2569,1108 2620,1109 2671,1109 2721,1109 2772,1109 2823,1109 2873,1109 2924,1109 2975,1108 3025,1108 3076,1108 3127,1108 3177,1108 3228,1107 3279,1107"/>
                <TextEquiv>
                    <Unicode>Delegirten der Pariser Finanzinstitute werden heute hier</Unicode>
                </TextEquiv>
            </TextLine>
            <TextLine id="r2l8" custom="readingOrder {index:7;}">
                <Coords points="2258,1160 3225,1171 3305,1147 3305,1115 2258,1128"/>
                <Baseline points="2269,1150 2320,1150 2371,1150 2422,1151 2474,1151 2525,1151 2576,1152 2627,1152 2679,1153 2730,1154 2781,1154 2832,1155 2884,1155 2935,1156 2986,1156 3037,1156 3089,1156 3140,1156 3191,1156 3242,1155 3294,1155"/>
                <TextEquiv>
                    <Unicode>erwartet. Bulgarien hat in den letzten Jahren, insbesonderes</Unicode>
                </TextEquiv>
            </TextLine>
            <TextLine id="r2l9" custom="readingOrder {index:8;}">
                <Coords points="2258,1211 3115,1219 3278,1197 3278,1160 2258,1166"/>
                <Baseline points="2268,1198 2320,1199 2373,1200 2425,1201 2478,1201 2530,1202 2583,1202 2636,1202 2688,1202 2741,1202 2793,1202 2846,1202 2898,1202 2951,1202 3004,1201 3056,1201 3109,1201 3161,1200 3214,1200 3267,1200"/>
                <TextEquiv>
                    <Unicode>in der Periode von 1888 bis 1892, vorwiegend zu Eisen¬</Unicode>
                </TextEquiv>
            </TextLine>
            <TextLine id="r2l10" custom="readingOrder {index:9;}">
                <Coords points="2260,1261 3268,1269 3292,1187 2260,1210"/>
                <Baseline points="2270,1245 2320,1246 2371,1247 2421,1248 2472,1249 2523,1249 2573,1249 2624,1250 2674,1250 2725,1250 2776,1250 2826,1250 2877,1249 2927,1249 2978,1249 3029,1249 3079,1249 3130,1249 3180,1249 3231,1249 3282,1249"/>
                <TextEquiv>
                    <Unicode>bahnbauten und Hafenanlagen große Anlehen kontrahirt,</Unicode>
                </TextEquiv>
            </TextLine>
            <TextLine id="r2l11" custom="readingOrder {index:10;}">
                <Coords points="2257,1304 3291,1287 3291,1261 3185,1249 2257,1259"/>
                <Baseline points="2267,1291 2317,1292 2368,1293 2419,1294 2470,1294 2520,1294 2571,1295 2622,1295 2673,1295 2723,1295 2774,1295 2825,1295 2876,1294 2926,1294 2977,1294 3028,1294 3079,1293 3129,1293 3180,1293 3231,1292 3282,1292"/>
                <TextEquiv>
                    <Unicode>von denen gegenwärtig noch 155 Millionen Franks sechs¬</Unicode>
                </TextEquiv>
            </TextLine>
            <TextLine id="r2l12" custom="readingOrder {index:11;}">
                <Coords points="2257,1358 3286,1337 3285,1286 2257,1305"/>
                <Baseline points="2267,1340 2317,1340 2367,1340 2418,1341 2468,1341 2519,1341 2569,1341 2619,1341 2670,1342 2720,1342 2771,1342 2821,1341 2871,1341 2922,1341 2972,1340 3023,1340 3073,1339 3123,1338 3174,1337 3224,1336 3275,1335"/>
                <TextEquiv>
                    <Unicode>perzentige Titres im Umlaufe sich befinden. Das Ministe¬</Unicode>
                </TextEquiv>
            </TextLine>
            <TextLine id="r2l13" custom="readingOrder {index:12;}">
                <Coords points="2257,1410 3210,1405 3279,1395 3279,1356 2257,1363"/>
                <Baseline points="2267,1385 2317,1385 2367,1386 2417,1386 2467,1387 2517,1387 2567,1388 2618,1389 2668,1389 2718,1389 2768,1390 2818,1390 2868,1390 2918,1390 2969,1390 3019,1390 3069,1390 3119,1389 3169,1389 3219,1388 3270,1387"/>
                <TextEquiv>
                    <Unicode>rium Steilow hat zudem den Plan gefaßt, für die bul¬</Unicode>
                </TextEquiv>
            </TextLine>
            <TextLine id="r2l14" custom="readingOrder {index:13;}">
                <Coords points="2251,1444 3238,1452 3287,1442 3287,1393 2457,1391 2406,1416 2361,1389 2251,1416"/>
                <Baseline points="2261,1434 2311,1434 2362,1434 2413,1435 2464,1435 2515,1435 2565,1435 2616,1435 2667,1435 2718,1436 2769,1436 2819,1436 2870,1436 2921,1435 2972,1435 3023,1435 3073,1435 3124,1434 3175,1434 3226,1433 3277,1433"/>
                <TextEquiv>
                    <Unicode>garische Strecke der Orientbabnen Konkurrenzlinien herzu¬</Unicode>
                </TextEquiv>
            </TextLine>
            <TextLine id="r2l15" custom="readingOrder {index:14;}">
                <Coords points="2264,1492 3299,1487 3268,1438 2264,1443"/>
                <Baseline points="2275,1478 2325,1480 2376,1481 2426,1482 2477,1482 2528,1483 2578,1483 2629,1482 2680,1482 2730,1482 2781,1481 2832,1480 2882,1480 2933,1479 2984,1479 3034,1479 3085,1479 3136,1479 3186,1479 3237,1480 3288,1480"/>
                <TextEquiv>
                    <Unicode>stellen und zu diesem Zwecke ein Anlehen von 290 Millionens</Unicode>
                </TextEquiv>
            </TextLine>
            <TextLine id="r2l16" custom="readingOrder {index:15;}">
                <Coords points="2257,1538 3294,1534 3294,1493 3212,1485 2257,1493"/>
                <Baseline points="2267,1526 2317,1527 2368,1527 2419,1528 2470,1528 2521,1528 2572,1529 2622,1529 2673,1529 2724,1529 2775,1529 2826,1529 2877,1529 2928,1529 2978,1529 3029,1529 3080,1529 3131,1529 3182,1529 3233,1529 3284,1529"/>
                <TextEquiv>
                    <Unicode>Franks zu kontrabiren. Man hatte kaum mit dem Baus</Unicode>
                </TextEquiv>
            </TextLine>
            <TextLine id="r2l17" custom="readingOrder {index:16;}">
                <Coords points="2246,1600 3301,1577 3269,1524 2247,1551"/>
                <Baseline points="2257,1572 2308,1573 2360,1575 2412,1576 2464,1577 2515,1577 2567,1578 2619,1578 2671,1578 2722,1578 2774,1578 2826,1578 2878,1578 2929,1578 2981,1577 3033,1577 3085,1577 3136,1577 3188,1577 3240,1577 3292,1577"/>
                <TextEquiv>
                    <Unicode>begonnen, als sich die Gesellschaft der Orientbahnens</Unicode>
                </TextEquiv>
            </TextLine>
            <TextLine id="r2l18" custom="readingOrder {index:17;}">
                <Coords points="2254,1630 3150,1639 3287,1621 3287,1576 2254,1590"/>
                <Baseline points="2264,1620 2314,1621 2365,1622 2415,1623 2466,1624 2517,1624 2567,1624 2618,1625 2669,1625 2719,1625 2770,1624 2821,1624 2871,1624 2922,1624 2973,1624 3023,1624 3074,1624 3125,1624 3175,1624 3226,1625 3277,1626"/>
                <TextEquiv>
                    <Unicode>bereit erklärte, ihre zu konkurrenzirenden Linien vorbehalt¬</Unicode>
                </TextEquiv>
            </TextLine>
            <TextLine id="r2l19" custom="readingOrder {index:18;}">
                <Coords points="2248,1657 2333,1688 3278,1668 3278,1623 2248,1625"/>
                <Baseline points="2257,1666 2307,1667 2358,1668 2408,1669 2459,1670 2509,1670 2560,1670 2610,1671 2661,1671 2711,1671 2762,1671 2813,1671 2863,1671 2914,1670 2964,1670 3015,1670 3065,1670 3116,1670 3166,1671 3217,1671 3268,1671"/>
                <TextEquiv>
                    <Unicode>lich der Genehmigung der Pforte an Bulgarien abzu¬</Unicode>
                </TextEquiv>
            </TextLine>
            <TextLine id="r2l20" custom="readingOrder {index:19;}">
                <Coords points="2256,1711 3223,1737 3290,1711 3290,1664 2256,1673"/>
                <Baseline points="2266,1715 2316,1715 2367,1716 2418,1716 2469,1717 2519,1717 2570,1717 2621,1718 2672,1718 2722,1718 2773,1718 2824,1718 2875,1718 2925,1718 2976,1718 3027,1718 3078,1718 3128,1717 3179,1717 3230,1716 3281,1716"/>
                <TextEquiv>
                    <Unicode>treten. Zur Beschaffung der Mittel, zur Beseitigung der</Unicode>
                </TextEquiv>
            </TextLine>
            <TextLine id="r2l21" custom="readingOrder {index:20;}">
                <Coords points="2255,1776 3296,1779 3296,1712 2255,1725"/>
                <Baseline points="2265,1762 2316,1763 2367,1763 2418,1763 2469,1763 2520,1763 2571,1763 2622,1764 2673,1764 2724,1764 2775,1765 2826,1765 2877,1765 2928,1765 2979,1765 3030,1765 3081,1765 3132,1765 3183,1765 3234,1765 3286,1765"/>
                <TextEquiv>
                    <Unicode>schwebenden Schuld und zur Schaffung von Kassebeständen</Unicode>
                </TextEquiv>
            </TextLine>
            <TextLine id="r2l22" custom="readingOrder {index:21;}">
                <Coords points="2257,1824 3292,1809 3292,1772 2258,1780"/>
                <Baseline points="2267,1809 2317,1809 2368,1809 2419,1809 2469,1809 2520,1809 2571,1809 2621,1809 2672,1809 2723,1810 2774,1810 2824,1810 2875,1810 2926,1810 2976,1810 3027,1811 3078,1811 3128,1811 3179,1811 3230,1811 3281,1811"/>
                <TextEquiv>
                    <Unicode>sollte eben das erwähnte fünfperzentige Anlehen dienen,</Unicode>
                </TextEquiv>
            </TextLine>
            <TextLine id="r2l23" custom="readingOrder {index:22;}">
                <Coords points="2251,1848 3200,1857 3291,1886 3267,1813 2251,1818"/>
                <Baseline points="2260,1855 2311,1856 2362,1856 2413,1856 2464,1857 2515,1857 2566,1858 2617,1858 2668,1859 2719,1859 2770,1859 2821,1860 2872,1860 2923,1860 2974,1860 3025,1861 3076,1861 3127,1860 3178,1860 3229,1860 3280,1859"/>
                <TextEquiv>
                    <Unicode>und um die Pille ein wenig zu versüßen, wurde in das</Unicode>
                </TextEquiv>
            </TextLine>
            <TextLine id="r2l24" custom="readingOrder {index:23;}">
                <Coords points="2261,1913 3246,1927 3293,1919 3294,1852 2261,1870"/>
                <Baseline points="2271,1902 2321,1902 2372,1902 2422,1902 2473,1903 2524,1903 2574,1903 2625,1903 2676,1903 2726,1903 2777,1904 2828,1904 2878,1904 2929,1904 2980,1904 3030,1905 3081,1905 3132,1905 3182,1905 3233,1906 3284,1906"/>
                <TextEquiv>
                    <Unicode>Programm die Konversion der sechsperzentigen Titres mit</Unicode>
                </TextEquiv>
            </TextLine>
            <TextLine id="r2l25" custom="readingOrder {index:24;}">
                <Coords points="2259,1963 2308,1959 2322,1974 2382,1952 2398,1961 2467,1953 2504,1962 2530,1952 2531,1914 2476,1911 2443,1921 2419,1912 2390,1920 2380,1913 2335,1919 2260,1912"/>
                <Baseline points="2269,1944 2294,1944 2319,1945 2344,1945 2369,1946 2395,1946 2420,1946 2445,1947 2470,1947 2495,1947 2521,1948"/>
                <TextEquiv>
                    <Unicode>ausgenommen.</Unicode>
                </TextEquiv>
            </TextLine>
            <TextLine id="r2l26" custom="readingOrder {index:25;}">
                <Coords points="2347,2006 3280,2003 3280,1960 3172,1939 3111,1966 2917,1936 2593,1972 2347,1953"/>
                <Baseline points="2358,1993 2403,1996 2449,1997 2494,1999 2540,2000 2585,2001 2631,2001 2676,2001 2722,2001 2767,2001 2813,2001 2859,2001 2904,2000 2950,2000 2995,2000 3041,2000 3086,2000 3132,2000 3177,2000 3223,2001 3269,2002"/>
                <TextEquiv>
                    <Unicode>Das Ministerium Stoilow siel über seine Finanz¬</Unicode>
                </TextEquiv>
            </TextLine>
            <TextLine id="r2l27" custom="readingOrder {index:26;}">
                <Coords points="2253,2055 3289,2054 3265,2001 2253,2005"/>
                <Baseline points="2262,2039 2312,2041 2363,2042 2414,2043 2465,2043 2516,2044 2566,2044 2617,2045 2668,2045 2719,2045 2770,2045 2820,2045 2871,2045 2922,2046 2973,2046 3024,2046 3074,2046 3125,2047 3176,2048 3227,2048 3278,2049"/>
                <TextEquiv>
                    <Unicode>projekte und damit war dem Nachfolger Grecow der Wegie</Unicode>
                </TextEquiv>
            </TextLine>
            <TextLine id="r2l28" custom="readingOrder {index:27;}">
                <Coords points="2252,2096 3240,2111 3284,2099 3285,2050 2252,2057"/>
                <Baseline points="2263,2090 2313,2090 2364,2091 2414,2092 2465,2092 2516,2093 2566,2093 2617,2094 2667,2094 2718,2095 2769,2095 2819,2095 2870,2096 2920,2096 2971,2095 3022,2095 3072,2095 3123,2094 3173,2093 3224,2092 3275,2091"/>
                <TextEquiv>
                    <Unicode>halb und halb vorgezeichnet. Der Gedanke, die in Bul¬</Unicode>
                </TextEquiv>
            </TextLine>
            <TextLine id="r2l29" custom="readingOrder {index:28;}">
                <Coords points="2256,2155 3272,2159 3272,2111 2256,2116"/>
                <Baseline points="2265,2140 2314,2141 2364,2141 2414,2141 2464,2141 2514,2141 2564,2141 2613,2141 2663,2141 2713,2141 2763,2141 2813,2141 2863,2141 2913,2141 2962,2141 3012,2141 3062,2141 3112,2141 3162,2141 3212,2141 3262,2142"/>
                <TextEquiv>
                    <Unicode>garien gelegenen Linien der Orientbahnen zu erwerben,</Unicode>
                </TextEquiv>
            </TextLine>
            <TextLine id="r2l30" custom="readingOrder {index:29;}">
                <Coords points="2254,2188 3243,2192 3288,2218 3270,2137 2254,2155"/>
                <Baseline points="2264,2185 2314,2185 2365,2185 2416,2185 2466,2186 2517,2186 2568,2186 2618,2186 2669,2186 2720,2187 2771,2187 2821,2187 2872,2187 2923,2187 2973,2188 3024,2188 3075,2188 3125,2188 3176,2188 3227,2189 3278,2189"/>
                <TextEquiv>
                    <Unicode>werde aufgegeben, von den Konkurrenzbahnen jedoch werden</Unicode>
                </TextEquiv>
            </TextLine>
            <TextLine id="r2l31" custom="readingOrder {index:30;}">
                <Coords points="2263,2239 3147,2256 3277,2237 3278,2204 2264,2190"/>
                <Baseline points="2273,2231 2322,2231 2372,2231 2422,2232 2472,2233 2521,2233 2571,2234 2621,2234 2671,2235 2720,2236 2770,2236 2820,2237 2870,2237 2919,2238 2969,2238 3019,2238 3069,2238 3118,2238 3168,2237 3218,2237 3268,2236"/>
                <TextEquiv>
                    <Unicode>beibehalten: 1. Sofia=Schumla, welche Linie nahezu voll¬</Unicode>
                </TextEquiv>
            </TextLine>
            <TextLine id="r2l32" custom="readingOrder {index:31;}">
                <Coords points="2256,2276 3136,2311 3297,2281 3297,2218 3085,2254 2256,2230"/>
                <Baseline points="2266,2279 2317,2279 2368,2279 2419,2280 2470,2280 2521,2281 2572,2281 2623,2281 2674,2281 2725,2282 2776,2282 2827,2282 2878,2282 2929,2283 2980,2283 3031,2283 3082,2283 3133,2283 3184,2283 3235,2283 3286,2283"/>
                <TextEquiv>
                    <Unicode>endet ist; 2. Rustschuk=Tirnova; 3. die Hafenanlagen von</Unicode>
                </TextEquiv>
            </TextLine>
            <TextLine id="r2l33" custom="readingOrder {index:32;}">
                <Coords points="2249,2329 2310,2343 2337,2329 2463,2333 2479,2346 2618,2334 2642,2349 2643,2296 2623,2289 2564,2302 2466,2284 2372,2299 2346,2284 2305,2294 2250,2283"/>
                <Baseline points="2260,2323 2286,2322 2313,2321 2339,2321 2366,2321 2392,2322 2419,2323 2446,2324 2472,2325 2499,2326 2525,2326 2552,2327 2578,2327 2605,2326 2632,2325"/>
                <TextEquiv>
                    <Unicode>Varna und Burgas.</Unicode>
                </TextEquiv>
            </TextLine>
            <TextLine id="r2l34" custom="readingOrder {index:33;}">
                <Coords points="2342,2366 3065,2397 3276,2377 3277,2314 2900,2347 2342,2331"/>
                <Baseline points="2353,2368 2398,2371 2444,2373 2490,2374 2535,2376 2581,2377 2627,2377 2672,2378 2718,2378 2764,2378 2810,2377 2855,2377 2901,2377 2947,2376 2992,2376 3038,2376 3084,2375 3129,2376 3175,2376 3221,2376 3267,2377"/>
                <TextEquiv>
                    <Unicode>Es handelt sich sonach in den Konferenzen, welches</Unicode>
                </TextEquiv>
            </TextLine>
            <TextLine id="r2l35" custom="readingOrder {index:34;}">
                <Coords points="2264,2432 3270,2428 3270,2381 3201,2376 3016,2400 2265,2369"/>
                <Baseline points="2274,2417 2323,2418 2372,2419 2421,2419 2471,2420 2520,2420 2569,2421 2618,2421 2668,2421 2717,2422 2766,2422 2815,2423 2865,2423 2914,2423 2963,2424 3012,2424 3062,2424 3111,2424 3160,2425 3209,2425 3259,2425"/>
                <TextEquiv>
                    <Unicode>heute ihren Anfang nehmen werden, um zwei für Bül¬</Unicode>
                </TextEquiv>
            </TextLine>
            <TextLine id="r2l36" custom="readingOrder {index:35;}">
                <Coords points="2250,2485 3274,2486 3275,2427 2250,2424"/>
                <Baseline points="2260,2467 2310,2467 2360,2467 2410,2468 2461,2468 2511,2469 2561,2469 2611,2470 2662,2471 2712,2471 2762,2472 2812,2472 2863,2473 2913,2473 2963,2474 3013,2474 3064,2474 3114,2474 3164,2473 3214,2472 3265,2471"/>
                <TextEquiv>
                    <Unicode>garien äußerst wichtige Dinge. In erster Reihe steht die</Unicode>
                </TextEquiv>
            </TextLine>
            <TextLine id="r2l37" custom="readingOrder {index:36;}">
                <Coords points="2257,2521 3273,2534 3274,2485 2258,2481"/>
                <Baseline points="2267,2512 2316,2512 2366,2512 2416,2512 2466,2513 2516,2513 2565,2514 2615,2515 2665,2516 2715,2517 2765,2518 2814,2519 2864,2519 2914,2520 2964,2520 3014,2521 3063,2521 3113,2520 3163,2519 3213,2519 3263,2517"/>
                <TextEquiv>
                    <Unicode>absolut nothwendige Sanirung der bulgarischen Finanz¬</Unicode>
                </TextEquiv>
            </TextLine>
            <TextLine id="r2l38" custom="readingOrder {index:37;}">
                <Coords points="2249,2562 3277,2563 3277,2532 3127,2518 2249,2531"/>
                <Baseline points="2259,2560 2309,2561 2359,2561 2410,2562 2460,2562 2510,2563 2561,2564 2611,2564 2661,2565 2712,2565 2762,2565 2812,2566 2863,2566 2913,2566 2963,2566 3014,2565 3064,2565 3114,2564 3165,2563 3215,2563 3266,2561"/>
                <TextEquiv>
                    <Unicode>lage, die Fundirung der schwebenden Schuld, die Kon¬</Unicode>
                </TextEquiv>
            </TextLine>
            <TextLine id="r2l39" custom="readingOrder {index:38;}">
                <Coords points="2250,2630 3286,2617 3260,2558 2983,2584 2250,2564"/>
                <Baseline points="2261,2605 2311,2606 2362,2607 2413,2608 2464,2609 2514,2610 2565,2610 2616,2611 2667,2612 2717,2612 2768,2613 2819,2613 2870,2613 2920,2613 2971,2613 3022,2613 3073,2612 3123,2611 3174,2610 3225,2609 3276,2607"/>
                <TextEquiv>
                    <Unicode>version der sechsperzentigen Schuld. In zweiter Reihe steht</Unicode>
                </TextEquiv>
            </TextLine>
            <TextLine id="r2l40" custom="readingOrder {index:39;}">
                <Coords points="2245,2656 3280,2670 3280,2619 3245,2615 2246,2624"/>
                <Baseline points="2255,2654 2305,2655 2356,2655 2407,2656 2458,2656 2508,2657 2559,2657 2610,2657 2661,2657 2711,2658 2762,2658 2813,2658 2864,2658 2914,2658 2965,2658 3016,2658 3067,2658 3117,2658 3168,2658 3219,2658 3270,2658"/>
                <TextEquiv>
                    <Unicode>dann die Eisenbahnfrage, die Durchführung der reduzirten</Unicode>
                </TextEquiv>
            </TextLine>
            <TextLine id="r2l41" custom="readingOrder {index:40;}">
                <Coords points="2239,2701 3281,2734 3282,2673 2239,2671"/>
                <Baseline points="2249,2701 2300,2701 2351,2702 2402,2702 2453,2702 2504,2703 2555,2703 2606,2703 2657,2704 2708,2704 2760,2704 2811,2705 2862,2705 2913,2705 2964,2705 3015,2705 3066,2705 3117,2705 3168,2705 3219,2705 3271,2704"/>
                <TextEquiv>
                    <Unicode>Bahnprojekte oder der nochmalige Versuch, die bulgarischen</Unicode>
                </TextEquiv>
            </TextLine>
            <TextLine id="r2l42" custom="readingOrder {index:41;}">
                <Coords points="2249,2755 3265,2749 3233,2710 2249,2710"/>
                <Baseline points="2259,2751 2308,2751 2358,2751 2408,2750 2458,2750 2508,2750 2558,2751 2607,2751 2657,2751 2707,2751 2757,2752 2807,2752 2857,2752 2907,2752 2956,2752 3006,2753 3056,2752 3106,2752 3156,2752 3206,2751 3256,2751"/>
                <TextEquiv>
                    <Unicode>Linien der Orientbahnen zu erwerben. Diese Aufgaben be¬</Unicode>
                </TextEquiv>
            </TextLine>
            <TextLine id="r2l43" custom="readingOrder {index:42;}">
                <Coords points="2247,2795 2927,2822 3159,2797 3267,2826 3267,2746 2247,2756"/>
                <Baseline points="2257,2800 2309,2799 2362,2797 2414,2796 2467,2795 2519,2795 2572,2795 2625,2795 2677,2796 2730,2796 2782,2796 2835,2797 2887,2798 2940,2799 2993,2799 3045,2800 3098,2800 3150,2800 3203,2800 3256,2800"/>
                <TextEquiv>
                    <Unicode>schäftigen zwei verschiedene Bankgruppen,</Unicode>
                </TextEquiv>
            </TextLine>
            <TextLine id="r2l44" custom="readingOrder {index:43;}">
                <Coords points="2244,2847 3280,2864 3281,2815 2244,2796"/>
                <Baseline points="2254,2845 2304,2844 2355,2843 2406,2843 2457,2842 2508,2842 2558,2843 2609,2843 2660,2843 2711,2844 2762,2844 2812,2845 2863,2845 2914,2846 2965,2846 3016,2846 3066,2846 3117,2846 3168,2845 3219,2844 3270,2843"/>
                <TextEquiv>
                    <Unicode>die des Wiener Bankverein, welche die Inter¬</Unicode>
                </TextEquiv>
            </TextLine>
            <TextLine id="r2l45" custom="readingOrder {index:44;}">
                <Coords points="2246,2908 3274,2890 3274,2862 3219,2856 2246,2847"/>
                <Baseline points="2255,2893 2305,2892 2355,2890 2406,2890 2456,2890 2507,2890 2557,2890 2607,2890 2658,2891 2708,2891 2759,2892 2809,2893 2859,2893 2910,2893 2960,2894 3011,2893 3061,2893 3111,2892 3162,2891 3212,2889 3263,2887"/>
                <TextEquiv>
                    <Unicode>essen der Orientbahnen vertritt, und die der Länder¬</Unicode>
                </TextEquiv>
            </TextLine>
            <TextLine id="r2l46" custom="readingOrder {index:45;}">
                <Coords points="2239,2948 2626,2930 3276,2967 3276,2890 2240,2908"/>
                <Baseline points="2249,2939 2299,2939 2350,2939 2401,2939 2452,2939 2503,2939 2554,2939 2604,2939 2655,2939 2706,2939 2757,2939 2808,2940 2859,2940 2910,2940 2960,2940 3011,2940 3062,2940 3113,2940 3164,2939 3215,2939 3266,2939"/>
                <TextEquiv>
                    <Unicode>[bank, welche mit ihren Konsorten die Sanirung der</Unicode>
                </TextEquiv>
            </TextLine>
            <TextLine id="r2l47" custom="readingOrder {index:46;}">
                <Coords points="2255,3003 3277,2987 3208,2945 2255,2946"/>
                <Baseline points="2265,2989 2315,2989 2365,2988 2415,2988 2465,2988 2515,2988 2565,2988 2615,2988 2665,2988 2715,2988 2766,2988 2816,2988 2866,2988 2916,2988 2966,2988 3016,2987 3066,2987 3116,2986 3166,2986 3216,2985 3267,2984"/>
                <TextEquiv>
                    <Unicode>Finanzen anbahnen will. Es sind äußerst interessante An¬</Unicode>
                </TextEquiv>
            </TextLine>
            <TextLine id="r2l48" custom="readingOrder {index:47;}">
                <Coords points="2254,3046 3231,3045 3280,3026 3280,2988 2254,3003"/>
                <Baseline points="2265,3030 2315,3031 2365,3032 2415,3032 2465,3033 2516,3033 2566,3034 2616,3034 2666,3034 2716,3034 2767,3034 2817,3034 2867,3034 2917,3034 2967,3034 3018,3034 3068,3033 3118,3033 3168,3032 3218,3032 3269,3031"/>
                <TextEquiv>
                    <Unicode>gelegenheiten, und man darf der Weiterentwicklung der</Unicode>
                </TextEquiv>
            </TextLine>
            <TextLine id="r2l49" custom="readingOrder {index:48;}">
                <Coords points="2238,3111 2299,3079 2855,3099 3106,3070 3252,3103 3273,3026 2238,3058"/>
                <Baseline points="2249,3075 2299,3077 2350,3078 2401,3079 2451,3080 2502,3081 2553,3082 2603,3082 2654,3082 2705,3082 2756,3082 2806,3082 2857,3082 2908,3081 2958,3081 3009,3080 3060,3080 3110,3079 3161,3078 3212,3077 3263,3077"/>
                <TextEquiv>
                    <Unicode>Dinge mit großem Interesse entgegensehen. Das Resultats</Unicode>
                </TextEquiv>
            </TextLine>
            <TextLine id="r2l50" custom="readingOrder {index:49;}">
                <Coords points="2249,3120 2532,3148 3108,3125 3267,3158 3267,3091 3106,3072 2856,3097 2249,3078"/>
                <Baseline points="2259,3122 2308,3122 2358,3123 2408,3124 2458,3125 2508,3125 2558,3126 2608,3127 2658,3127 2708,3127 2758,3128 2807,3128 2857,3128 2907,3128 2957,3128 3007,3128 3057,3128 3107,3127 3157,3127 3207,3127 3257,3126"/>
                <TextEquiv>
                    <Unicode>der Wiener Verhandlungen wird für die nächstc Zukunft</Unicode>
                </TextEquiv>
            </TextLine>
            <TextLine id="r2l51" custom="readingOrder {index:50;}">
                <Coords points="2247,3191 2993,3185 2993,3143 2912,3125 2370,3143 2248,3122"/>
                <Baseline points="2258,3164 2294,3165 2330,3167 2366,3168 2403,3169 2439,3170 2475,3171 2511,3171 2548,3172 2584,3173 2620,3173 2656,3174 2693,3174 2729,3174 2765,3174 2801,3174 2838,3174 2874,3174 2910,3174 2946,3173 2983,3172"/>
                <TextEquiv>
                    <Unicode>Bulgariens von enormer Wichtigkeit sein.</Unicode>
                </TextEquiv>
            </TextLine>
            <TextLine id="r2l52" custom="readingOrder {index:51;}">
                <Coords points="2321,3258 3272,3256 3272,3220 3228,3213 2513,3223 2322,3189"/>
                <Baseline points="2331,3250 2377,3252 2424,3253 2470,3254 2517,3255 2563,3255 2610,3256 2656,3256 2703,3257 2749,3257 2796,3257 2842,3257 2889,3257 2935,3257 2982,3257 3028,3257 3075,3258 3121,3258 3168,3258 3214,3258 3261,3258"/>
                <TextEquiv>
                    <Unicode>Brüssel, 3. März. (Privattelegramm desk</Unicode>
                </TextEquiv>
            </TextLine>
            <TextLine id="r2l53" custom="readingOrder {index:52;}">
                <Coords points="2238,3294 3279,3331 3248,3261 2238,3271"/>
                <Baseline points="2249,3302 2302,3302 2356,3301 2409,3301 2463,3301 2517,3301 2570,3301 2624,3301 2678,3302 2731,3302 2785,3303 2838,3303 2892,3303 2946,3304 2999,3304 3053,3304 3107,3303 3160,3303 3214,3302 3268,3301"/>
                <TextEquiv>
                    <Unicode> „Wiener Tagblatt“.) Die Börse eröffnete heute</Unicode>
                </TextEquiv>
            </TextLine>
            <TextLine id="r2l54" custom="readingOrder {index:53;}">
                <Coords points="2247,3362 3263,3363 3239,3310 2247,3313"/>
                <Baseline points="2257,3348 2306,3348 2356,3348 2406,3348 2456,3349 2506,3349 2555,3349 2605,3350 2655,3350 2705,3350 2755,3351 2804,3351 2854,3351 2904,3351 2954,3352 3004,3352 3053,3353 3103,3353 3153,3353 3203,3354 3253,3354"/>
                <TextEquiv>
                    <Unicode>bei stillem Geschäfte zu ungefähr gestrigen Schlußkursen,</Unicode>
                </TextEquiv>
            </TextLine>
            <TextLine id="r2l55" custom="readingOrder {index:54;}">
                <Coords points="2248,3408 3266,3420 3267,3359 2249,3363"/>
                <Baseline points="2259,3394 2308,3394 2358,3395 2408,3395 2458,3395 2508,3395 2558,3396 2608,3396 2658,3396 2708,3396 2758,3397 2807,3397 2857,3397 2907,3397 2957,3398 3007,3398 3057,3399 3107,3399 3157,3399 3207,3400 3257,3400"/>
                <TextEquiv>
                    <Unicode>nur Türken=Lose waren begehrt und lebhaft umgesetzt, da</Unicode>
                </TextEquiv>
            </TextLine>
            <TextLine id="r2l56" custom="readingOrder {index:55;}">
                <Coords points="2241,3432 2316,3461 3269,3446 3269,3419 3176,3406 2241,3396"/>
                <Baseline points="2252,3441 2302,3442 2352,3442 2403,3442 2453,3442 2504,3443 2554,3443 2604,3443 2655,3443 2705,3444 2756,3444 2806,3444 2856,3444 2907,3445 2957,3445 3008,3445 3058,3445 3108,3446 3159,3446 3209,3446 3260,3447"/>
                <TextEquiv>
                    <Unicode>die gestrigen Pariser Käufe heute Fortsetzung fanden.</Unicode>
                </TextEquiv>
            </TextLine>
            <TextLine id="r2l57" custom="readingOrder {index:56;}">
                <Coords points="2254,3487 3266,3508 3266,3447 2254,3445"/>
                <Baseline points="2265,3487 2314,3488 2364,3489 2413,3489 2463,3490 2512,3490 2562,3491 2611,3491 2661,3491 2710,3490 2760,3490 2809,3490 2859,3490 2908,3490 2958,3490 3007,3490 3057,3490 3106,3490 3156,3491 3205,3492 3255,3493"/>
                <TextEquiv>
                    <Unicode>Spanische Werthe stagnirten vollkommen. Türkische Werthe</Unicode>
                </TextEquiv>
            </TextLine>
            <TextLine id="r2l58" custom="readingOrder {index:57;}">
                <Coords points="2243,3547 3192,3552 3282,3528 3282,3501 2243,3508"/>
                <Baseline points="2254,3538 2304,3537 2355,3537 2406,3536 2457,3536 2508,3536 2559,3536 2610,3536 2661,3536 2712,3536 2763,3536 2813,3536 2864,3536 2915,3536 2966,3536 3017,3536 3068,3536 3119,3536 3170,3536 3221,3536 3272,3535"/>
                <TextEquiv>
                    <Unicode>recht gut behauptet. Italiener schwächten sich auf heimische"</Unicode>
                </TextEquiv>
            </TextLine>
            <TextLine id="r2l59" custom="readingOrder {index:58;}">
                <Coords points="2248,3590 3270,3601 3256,3544 2248,3539"/>
                <Baseline points="2258,3583 2308,3583 2358,3582 2408,3582 2458,3582 2508,3582 2558,3582 2608,3582 2658,3582 2708,3582 2758,3582 2808,3582 2858,3583 2908,3583 2958,3583 3008,3584 3058,3584 3108,3585 3158,3585 3208,3586 3259,3586"/>
                <TextEquiv>
                    <Unicode>Abgaben mäßig ab. Rio Tinto anfangs ziemlich fest, er¬</Unicode>
                </TextEquiv>
            </TextLine>
            <TextLine id="r2l60" custom="readingOrder {index:59;}">
                <Coords points="2256,3638 3250,3649 3277,3568 3034,3603 2256,3591"/>
                <Baseline points="2266,3631 2316,3630 2366,3630 2416,3630 2466,3630 2516,3631 2566,3631 2616,3632 2666,3632 2716,3633 2766,3634 2816,3635 2866,3635 2916,3635 2966,3635 3016,3635 3066,3635 3116,3635 3166,3634 3216,3632 3266,3631"/>
                <TextEquiv>
                    <Unicode>niedrigten schließlich auf rückgängigen Kupferpreis in</Unicode>
                </TextEquiv>
            </TextLine>
            <TextLine id="r2l61" custom="readingOrder {index:60;}">
                <Coords points="2246,3680 3270,3687 3270,3642 3197,3634 2246,3637"/>
                <Baseline points="2255,3677 2305,3677 2355,3677 2405,3677 2455,3677 2506,3677 2556,3678 2606,3678 2656,3679 2706,3679 2757,3679 2807,3680 2857,3680 2907,3680 2957,3680 3008,3680 3058,3680 3108,3680 3158,3679 3208,3678 3259,3677"/>
                <TextEquiv>
                    <Unicode>London ihr Kursniveau um zehn Franks. Schluß all¬</Unicode>
                </TextEquiv>
            </TextLine>
            <TextLine id="r2l62" custom="readingOrder {index:61;}">
                <Coords points="2245,3735 2264,3729 2315,3747 2365,3729 2416,3739 2453,3729 2512,3733 2512,3700 2500,3702 2480,3686 2441,3686 2422,3698 2390,3688 2363,3694 2349,3684 2333,3698 2313,3682 2245,3688"/>
                <Baseline points="2256,3728 2283,3726 2310,3726 2338,3725 2365,3725 2392,3725 2420,3725 2447,3726 2474,3726 2502,3728"/>
                <TextEquiv>
                    <Unicode>gemein matt.</Unicode>
                </TextEquiv>
            </TextLine>
            <TextLine id="r2l63" custom="readingOrder {index:62;}">
                <Coords points="2387,3773 3283,3764 3245,3707 3059,3742 2864,3699 2387,3733"/>
                <Baseline points="2398,3758 2441,3760 2485,3761 2529,3763 2573,3764 2616,3766 2660,3767 2704,3768 2748,3768 2791,3769 2835,3769 2879,3770 2923,3770 2966,3770 3010,3770 3054,3770 3098,3769 3141,3769 3185,3769 3229,3768 3273,3768"/>
                <TextEquiv>
                    <Unicode> Uhr 20 Minuten: Spauier</Unicode>
                </TextEquiv>
            </TextLine>
            <TextLine id="r2l64" custom="readingOrder {index:63;}">
                <Coords points="2924,3836 2975,3844 3008,3824 3026,3826 3065,3849 3077,3839 3095,3845 3096,3753 3086,3753 3059,3780 3033,3771 3012,3779 2982,3759 2972,3769 2959,3769 2949,3758 2925,3766"/>
                <Baseline points="2934,3817 2959,3817 2984,3817 3009,3816 3034,3816 3059,3817 3085,3820"/>
                <TextEquiv>
                    <Unicode></Unicode>
                </TextEquiv>
            </TextLine>
            <TextEquiv>
                <Unicode>——
box 15/5
führen, nachdem sie hier eingeleitet worden sind. Von
dieser Absicht hat es sein Abkommen und es wurde be¬
schlossen, in Wien weiter zu verhandeln. In Vertretung
der Deutschen Bank ist Dr. Siemens hier eingetroffen, die
Delegirten der Pariser Finanzinstitute werden heute hier
erwartet. Bulgarien hat in den letzten Jahren, insbesonderes
in der Periode von 1888 bis 1892, vorwiegend zu Eisen¬
bahnbauten und Hafenanlagen große Anlehen kontrahirt,
von denen gegenwärtig noch 155 Millionen Franks sechs¬
perzentige Titres im Umlaufe sich befinden. Das Ministe¬
rium Steilow hat zudem den Plan gefaßt, für die bul¬
garische Strecke der Orientbabnen Konkurrenzlinien herzu¬
stellen und zu diesem Zwecke ein Anlehen von 290 Millionens
Franks zu kontrabiren. Man hatte kaum mit dem Baus
begonnen, als sich die Gesellschaft der Orientbahnens
bereit erklärte, ihre zu konkurrenzirenden Linien vorbehalt¬
lich der Genehmigung der Pforte an Bulgarien abzu¬
treten. Zur Beschaffung der Mittel, zur Beseitigung der
schwebenden Schuld und zur Schaffung von Kassebeständen
sollte eben das erwähnte fünfperzentige Anlehen dienen,
und um die Pille ein wenig zu versüßen, wurde in das
Programm die Konversion der sechsperzentigen Titres mit
ausgenommen.
Das Ministerium Stoilow siel über seine Finanz¬
projekte und damit war dem Nachfolger Grecow der Wegie
halb und halb vorgezeichnet. Der Gedanke, die in Bul¬
garien gelegenen Linien der Orientbahnen zu erwerben,
werde aufgegeben, von den Konkurrenzbahnen jedoch werden
beibehalten: 1. Sofia=Schumla, welche Linie nahezu voll¬
endet ist; 2. Rustschuk=Tirnova; 3. die Hafenanlagen von
Varna und Burgas.
Es handelt sich sonach in den Konferenzen, welches
heute ihren Anfang nehmen werden, um zwei für Bül¬
garien äußerst wichtige Dinge. In erster Reihe steht die
absolut nothwendige Sanirung der bulgarischen Finanz¬
lage, die Fundirung der schwebenden Schuld, die Kon¬
version der sechsperzentigen Schuld. In zweiter Reihe steht
dann die Eisenbahnfrage, die Durchführung der reduzirten
Bahnprojekte oder der nochmalige Versuch, die bulgarischen
Linien der Orientbahnen zu erwerben. Diese Aufgaben be¬
schäftigen zwei verschiedene Bankgruppen,
die des Wiener Bankverein, welche die Inter¬
essen der Orientbahnen vertritt, und die der Länder¬
[bank, welche mit ihren Konsorten die Sanirung der
Finanzen anbahnen will. Es sind äußerst interessante An¬
gelegenheiten, und man darf der Weiterentwicklung der
Dinge mit großem Interesse entgegensehen. Das Resultats
der Wiener Verhandlungen wird für die nächstc Zukunft
Bulgariens von enormer Wichtigkeit sein.
Brüssel, 3. März. (Privattelegramm desk
 „Wiener Tagblatt“.) Die Börse eröffnete heute
bei stillem Geschäfte zu ungefähr gestrigen Schlußkursen,
nur Türken=Lose waren begehrt und lebhaft umgesetzt, da
die gestrigen Pariser Käufe heute Fortsetzung fanden.
Spanische Werthe stagnirten vollkommen. Türkische Werthe
recht gut behauptet. Italiener schwächten sich auf heimische"
Abgaben mäßig ab. Rio Tinto anfangs ziemlich fest, er¬
niedrigten schließlich auf rückgängigen Kupferpreis in
London ihr Kursniveau um zehn Franks. Schluß all¬
gemein matt.
 Uhr 20 Minuten: Spauier
</Unicode>
            </TextEquiv>
        </TextRegion>
    </Page>
</PcGts>
