3436 4256
2063 100 2537 205 box 15/5
1106 114 1314 184 Kak
299 113 1924 228 9. 4. Der pruene Kandan ZvkIns
2027 1364 2115 1511 2
1524 1499 3337 1577 Beiden: das eine Individuum wird Instrument, das andere „Gefährtin“ gerade begraben.
705 1503 1449 1651 Feuilleton. Ju #
1538 1570 3351 1644 wird Versuchsobject — ich will nicht sagen Versuchskaninchen. jünger als ihr Gefährte, ein alte
1544 1615 3364 1678 Eine gesunde ästhetische Empfindung würde also an Stelle welche ihr in der Ehe versagt bli
1542 1659 3356 1729 der dramatisch tausendfältig erprobten Suggestion nicht die Strauch gepflückt; vielleicht von
776 1656 1458 1759 Burgtheater. „G####
1534 1713 3343 1776 Hypnose setzen. Doctor Paracelsus kehrt nach langen Reisen des Professors war der allein
1541 1758 3358 1824 in seine Vaterstadt zurück. Seine einstige Jugendliebe ist hat die Liebelei nicht ernst gen
366 1743 1562 1814 („Paracelsus“, Schauspiel in einem Act. — „Die Ge¬
1251 1802 1566 1862 „Der grüne
376 1812 1160 1868 fährtin", Schauspiel in einem Act
1547 1808 3364 1875 das Weib eines ehrsamen Waffenschmiedes geworden. Er Freuden in den Winkeln des dreie
367 1819 1555 1918 Kakadu", Groteske in einem Act von Arhur Schnitzler.
1535 1844 3363 1918 könnte nun, wenn das natürliche Gefühl und nicht ein künst= „reich“ verlobt. Die Frau wuß
633 1881 1326 1966 Erste Aufführung am 1. März 1899.)
1526 1899 3354 1962 lich erdachtes Experiment helfen dürfte, durch die Machtängstigt zu sein; sie wollte ja ni
474 1935 3364 2018 Mit Arthur Schnitzler's neuen Stücken ist's mir ganz seiner physischen oder geistigen Ueberlegenheit, ja allein Nun ist sie todt; wir erfahren a
364 1999 3361 2070 sonderbar. Ich bin bei der Aufführung nicht in Stimmung durch die Erinnerung an die schönen Jugendtage das Weib doch todt, dramatisch gleichgiltig
374 2054 3335 2110 gekommen — bei gutem Willen. Meine Gefühle gingen des Philisters wieder an seine Seite bringen — wie Sieg= Wir haben uns an die beiden „
365 2094 3355 2158 leer aus; ich eilte ohne das gew sse Nachklingen der Empfin= mund dem Hunding die Sieglinde abringt. Er könnte aber Professor hat sich in seiner Kö
381 2142 3345 2210 dung zu verspüren, aus dem Hause. Jetzt sind einige Tage auch, wenn das Weib und ihr nüchterner Handwerker=gefallen da er wahre Liebe bei d
373 2210 3367 2262 verflossen; ich überdenke das Gehörte und Geschaute, da ich gemahl nur vorübergehend die Macht des höheren Geistes seinem Assistenten vermuthete. E
381 2247 3360 2302 davon reden soll, und glaube bei der Erinnerung mehr als fühlenlen, der schwachen Frau die Geständnisse, welche gesetzt, von wahrer Liebe hinterg#
373 2292 3359 2340 bei der Aufführung zu empfinden. Ich denke die Stucke im den Gatten in Angst jagen, bei wachen Sinnen ab=fährt er, daß der Assistent kein
381 2336 3367 2399 Geiste nach und merke, daß das Denken mir Manches zu pressen Die Piychologie, auf welche Arthur Schnitzler sich Isolde gewesen war; nicht einm
378 2395 3368 2458 fühlen gibt, obwohl doch bei künstlerischen Dingen sonst das vortrefflich versteht, ist ja der Bühne verwandter als psycho= Liebestodes, sondern einen ganz
372 2415 3362 2499 Fühlen dem Denken vorauszugehen pflegt. Ich ertappe pathische Experimente . . . In der einmaligen Hypnose hätte als Todesursache erkennen. Da
377 2473 3352 2535 mich dabei, wie ich als Empfangender denselben Proceß ich eine dramatische Wunderlichkeit gesehen; die Wieder=stenten durch einen verspäteten
380 2526 3344 2587 durchmache, dem Schnitzler als Schaffender sich hingegeben holung der Hypnose aber, welche wieder Vergessenheit be= auf Reisen oder schreibt ein n
1560 2570 3362 2650 wirken soll, scheint mir vollends ein dramatischer Fehler. der gewiß sehr interessante Einbl
371 2577 1570 2628 haben dürfte. Er mußte diese Stücke zuerst denken — sein
2717 2618 3350 2682 sinnigen, nun todten Frau, der
1651 2604 2716 2686 Die Pein des Anblickes schwindet mir freilich jetzt in
384 2627 1565 2693 Denken ist im Gegensatze zu unseren modernen Wiener¬
1559 2653 3369 2720 der Erinnerung, welche glücklicherweise nur das Gute und klt duldsamen, aber nicht etwa
372 2669 1571 2732 stücklern klar und tief — dann erst wurde das abstract
2719 2703 3363 2775 dramatischen Apparat? Sind E
384 2716 2719 2787 Gedachte in lebendiges Fühlen geleitet. Das Hypnotisiren ist Beste mir vor den Sinn bringt: die edle dichterische Vers¬
2716 2756 3360 2816 letreffen und die Ueberlebenden
385 2753 2724 2831 ein Experiment, das zum Komischen wie zum Tragischen sprache Schnitzlei's, die vielen geistvollen, goldhältigen Ge¬
388 2816 3363 2879 führen kann; der Vorgang ist darum auf der Bühne nicht danken, die geschickte Einführung und Durchführung des ja kaum zu einer Veränderung
383 2879 3362 2924 nur an sich peinlich wie etwa eine klinische Amputation, gewagten Experiments, die durchaus vornehme, feinsinnige virklich werth, den alleinigen Juha
2707 2898 3362 2961 zu bilden? Wir hören allerlei
384 2903 2723 2969 sondern auch ästhetisch peinlich in der Unsicherheit, ob die Gestaltung des Schauspieles. Die fesselnden Gegensätze des
2707 2950 3351 3017 terfehlten Ehelebens. Was aber
1559 2941 2729 3011 genialen Uebermenschen und des Gauchs, an welchen das
385 2947 1562 3017 Aussage des Hypnotisirten im nächsten Moment Gelächter
2803 2980 3369 3058 Diese Zweisel lassen bei d#
1550 2984 2734 3062 Mädchen der Versorgung wegen sich gehängt hatte, empfinde
379 3010 1567 3071 oder tragische, Schauer erregen wird. Die geistige Ueber¬
2720 3021 3364 3108 je regen Fragen auf; man gle
381 3037 2730 3123 wältigung einer Person, deren Sinne stark und wach sind, ich jetzt, fern der Hypnose, viel freier und reiner, und das
374 3091 3345 3157 wirkt dramalisch. In dem Augenblicke aber, da dem Doctor Spielen mit dem Experiment tritt für mich hinter das be= cder das Stück nicht auf dem
2699 3117 3369 3209 sn der Erinnerung, bewundere ich
381 3137 2120 3211 Paracelsus die Hypnose gelingt, verliert nicht nur die Hyp= wegende Spiel des Geistes.
1649 3165 3366 3242 Ein Gedankenstück wie „Paracelsus“ ist auch „Die venigstens scheinbar dramatischen
379 3174 1578 3256 notisirte wie eine sinnlos Betrunkene jede dramatische
382 3246 3372 3298 Geltung, sondern auch die hypnotisirende Person wird uns Gefährtin“. Es wird ein moralischer Todtenbefund auf= Lechtfertigungen und Folgerungen
390 3280 3361 3350 dramatisch gleichgiltig, weil ein tüchtiger Spitalsdiener bei genommen; mit der Kälte, und Gewissenhaftigkeit, die chachtung und Weite der Mens
2708 3323 3359 3395 lchen Ernst, der unbekümmert um
375 3311 2722 3387 dem günstigen Medium dasselbe vermöchte wie der dramatische wir an Amtspersonen, welche viel um Leichen zu schaffen
383 3362 3365 3446 Held. Das Persönliche scheidet sich aus dem Verhältniß der haben, bewundern. Da der Vorhang sich hebt, wurde die aich an gewagten dramatischen
