3392 4224
2063 194 2549 291 box 15/5
307 208 1938 321 9.4. Der gruche KakaduZykrus
1989 1431 2412 1523 g
1515 1511 2597 1574 Da ist jetzt wohl Niemand als Camille Manclaire...
2595 1505 3405 1564 das Eine noch das Andere im Herzen sei
610 1500 1365 1596 Jungwien im Burgtheater.
1517 1548 2596 1621 Er hat freilich eigentlich noch nichts geschrieben; aber
2601 1551 3407 1614 er das österreichische und wienerische Geistes
821 1568 1370 1639 Also spielen wir Theater,
1526 1601 2601 1663 Alle hoffen viel von ihm ... Stellen Sie sich etwa,
2593 1610 3399 1665 gigerlthum, das unsere Juden betreit
833 1612 1440 1683 Spielen uns're eig'nen Stücke,
1519 1648 2594 1711 in's Pariserische übersetzt, Ihren kleinen Hofmannsthal
2589 1642 3395 1714 Fördererunserer Kultur und nationale
832 1648 1516 1735 Frühgereift und zart und traurig,
1508 1685 1635 1754 vor
842 1693 1409 1755 Die Komödie unserer Seele
1717 1694 2589 1758 Als ich den anderen Tag mit Henri Albert,
2600 1700 3410 1764 gelten, für eine besondere Spezies öster
834 1729 1512 1810 Unseres Fühlens Heut' und Gestern,
1516 1717 2602 1812 demsstrefflichen Wechsler von deutscher und französischer
2596 1734 3380 1815 wienerischen Fühlens und Denkens und
838 1770 1445 1843 Böser Dinge hübsche Formeln,
1512 1781 2602 1858 Dichtung, planderte und wieder meine Frage thei, sagte
2587 1782 3407 1864 herein, was von einer schönrednerischen
822 1813 1418 1868 Glatte Worte, bunte Bilder,
1528 1841 2603 1886 er: „Ein neues Talent? Maurice Barres war das
450 1683 658 1931 64
2596 1840 3405 1896 literarische Emanation Jung=Oesterreichs
833 1852 1444 1928 Halbes, heimliches Empfinden,
619 1837 740 1935 A
1515 1884 2601 1953 letzte. Sonst? Ja — da müssen Sie schon warten, bis
2588 1877 3383 1953 Wiens ausposaunt wird. Wie thöricht,
829 1893 1487 1987 Agonien, Episoden
1511 1920 2601 1995 das erste Werk von Camille Manclaire kommt. Der ist¬
2590 1931 3389 1997 thöricht das von ihm ist, sollte er heute, n
495 1956 1515 2045 So zu lesen als Geleitwort auf der ersten Seite
1514 1983 2607 2042 ja allerdings ein großes und außerordentliches Talent
2584 1964 3401 2038 schlimmen Erfahrungen, doch endlich einme
430 2006 1523 2067 der Einaktersammlung „Anatol“ von Arthur Schnitzler.
1513 2032 2595 2091 und wird Ihnen gerade unendlich gefallen: denn er ist¬
2598 2030 3378 2097 interessirt sich für Schnitzler's Einakter?
420 2063 1516 2126 Man muß sagen: in diesen artigen Versen ist das ganze
1514 2060 2563 2146 vollkommen dans ie genre du petil Hofmannsthal..“
2589 2075 3406 2141 dingen aufgeklärt thuendes und mit
423 2113 1519 2178 Um und Auf der Jungwiener Poeterei ausgesprochen.
1516 2102 2602 2172 So berühmt war „unser kleiner Hofmannsthal“ dank
2596 2121 3402 2187 Publikum, das in zwei Aufführungen ersch
419 2149 1508 2230 Sie passen ebensowohl auf Arthur Schnitzler, als auch
1505 2150 2587 2242 der Gönnerschaft Hermann Bahr's, schon vor drei Jahren
2588 2174 3409 2245 soll sich für Hofmannsthal's „blumiges P
422 2207 1519 2274 auf den, der sie verfaßt hat und der sich später zu seinem
1508 2213 2590 2283 in Paris, als in Wien noch kein Hahn nach dem Wunder¬
2593 2211 3377 2282 esfiren können? Besten Falles eine Hantd
430 2265 1508 2318 wahren Namen Hofmannsthal bekannte. Der gute Loris
1515 2259 2586 2318 knaben krähte. Und nun hat sich „unser kleiner Hof¬
2587 2260 3401 2323 scher Heuchler, die den physischen Schmer
433 2312 1512 2370 drückte noch die Schulbank, da hat ihn Hermann Bahr
1510 2300 2596 2383 mannsthal“ das Burgtheater erobert, 14 Tage nach der
2585 2302 3402 2369 den ihnen seine gesammelten, von jedem B
435 2357 1521 2413 entdeckt und ihn so lange als lyrischen Wunderknaben in
1514 2359 2603 2418 Erstaufführung der drei neuen Einakter von Arthur
2589 2348 3399 2425 Charaktere der handelnden Personen losgel
426 2397 1519 2461 allen Teuarten besungen, bis „unser kleiner Hofmanns¬
1520 2395 2595 2473 Schnitzler, und er hat mit seinen beiden Stücken noch
2588 2399 3409 2485 schen Wortbildnisse bereiten. Ueberall fehlt
433 2446 1522 2508 thal“ in allen literarischen Kreisen Wiens genannt
1511 2460 2586 2515 mehr als Schnitzler mit seinen drei Einaktern bewiesen,
2587 2445 3408 2529 mentale Zug in's Große, die wahr
424 2494 1513 2553 wurde, ohne daß man mehr von ihm gekannt hätte, als
1514 2495 2604 2578 daß auch er nichts Anderes spielt als die Komödie seines
3013 2499 3408 2565 Dichters; Alles
2592 2490 3015 2564 Empfindung eines
423 2543 1516 2605 ein Knaktiges Versspiel „Gestern“ und außer einigen
1514 2546 2585 2618 Seelchens. Auch seine beiden Stücke, sowohl „Der
2587 2547 3400 2620 und filigran, kleinlich und peinlich im Einze
417 2570 1521 2647 lyrischen Stilübungen auch dieses Versspiel nur vom
1507 2592 2586 2669 Abenteurer und die Sängerin“, als auch „Die Hochzeit
2588 2604 3394 2660 in den Rahmen eines kleinen Tendenzch
419 2638 1516 2697 Hörensagen. Und „unser kleiner Hofmannsthal“ war
1513 2635 2271 2704 der Sobeide“, sind nichts Anderes als:
2588 2639 3372 2716 Agonien, Episoden. Von Zeit zu Zeit
429 2678 1515 2737 damals nicht etwa blos in Wien bekannt, auch in Paris
2594 2690 3408 2754 solche lebensmüde, zierlich=kolette Säche
1734 2676 2364 2772 „Böser Dinge hübsche Formeln,
425 2734 1525 2787 sprach man schon von ihm, wie von einem Wunder¬
1729 2723 2325 2784 Glatte Worte, bunte Bilder,
2596 2740 3399 2799 lassen, als kulturhistorische Dokumente ein
1730 2767 2352 2860 Halbes, heimliches Empfinden,
430 2774 1527 2840 knaben. Wer's nicht glaubt, der lese in Hermann Bahr's
2584 2778 3401 2842 die falsche, unerfüllbare Forderungen aufste
1727 2814 2132 2887 Agonien, Episoden
438 2820 1513 2886 „Renaissance“ (Neue Studien zur Kritik der Moderne)
2593 2835 3388 2894 sich den Kitzel eines putzigen Weltschmerza
431 2872 1520 2942 nach, wo er von Camille Mauclaire spricht. Dort heißt
1583 2852 2592 2943 Es ist gewiß sehr schön von Herrn Direktor
2589 2880 3407 2949 reiten. Aber diesen Luxus darf eine Bühn
434 2922 1512 2973 es: Als ich diesen Mai in Paris mit Paul Goldmann,
1505 2915 2594 2986 Schlenther, daß er sich die Aufgabe gestellt hat, die
2589 2925 3410 2990 des Burgtheaters sich nur dann gestatten, we
424 2951 1514 3035 dem Korrespondenten der „Frankfurter Zeitung“, plauderte
1505 2972 2595 3041 heimische Hervorbringung anzueifern, allein der gute
2579 2968 3407 3042 wußtsein in sich trägt, auch dem Großen u
433 2994 1515 3079 und um jeden Preis ein neues Talent wissen
1508 3014 2594 3085 Mann will österreichischer und wienerischer sein, als
2587 3020 3408 3085 gerecht geworden zu sein. Darf sich das Bur
433 3052 1522 3136 wollte, sagte er mir: „Ein Talent? Ein neues
1501 3052 2598 3122 jeder eingeborene Oesterreicher und Wiener, und weil er
2593 3070 3403 3132 rühmen? Im Raimundtheater spielt man „A
425 3097 3406 3189 Talent? Ein ernstes, sicheres, wirkliches Talent? . . weder das Eine, noch das Andere vom Herzen, weder] lena“, im Burgtheater steht nicht ein ###
3074 4116 3148 4181 R
