3436 4224
1185 191 1248 247 6
310 183 1940 295 9.4. Der grueneRkadu ZukIus
936 923 1299 1021 Telefon 12801.
630 1017 1766 1101 Unternehmen für Zeitungs-Ausschnitte. Auss
791 1084 1677 1212 „OBSERVER“ Nr.
277 1101 437 1229 10
394 1185 1766 1266 I. österr. behördl. concess. Bureau für Zeitungsberichte und Personalnachrit
684 1263 1563 1363 Wien, IX/1 Türkenstrasse 17.
572 1374 1617 1441 Filiale in Budapest: „Figyelö“, VIII. Josefsring 31a. —
382 1499 1606 1575 Ausschnitt aus: Vosterteresecne Vornszeitung, Wien
390 1582 884 1702 vor 4/3. 77.
525 1764 1544 1901 Theater- und Kunstnachrichten.
616 1882 1542 1941 Burgtheater. Arthur Schnitzler, das frucht¬
547 1926 1567 1979 barste und dabei dennoch wenigst aufdringliche Talent
546 1976 1554 2027 des sogenannten „Jung=Wien“, ist gestern mit drei Ein¬
541 2013 1559 2069 raktern auf dem Burgtheater erschienen. Jeder dieser Ein¬
547 2063 1565 2111 akter zeigt die Begabung des Aufors von einer anderen
542 2099 1552 2171 Seite. In dem Schauspiel „Paracelsus“, einem
541 2144 1553 2196 zart gestimmten Kulturbildchen aus dem sechzehnten
550 2185 1556 2244 Jahrhundert, bietet der Dichter eine anmuthige Probe
550 2227 1546 2281 seines poetischen Formtalents. Das auf dem histori¬
549 2273 1549 2330 schen Hintergrunde der französischen Revolution in
548 2326 1562 2371 einer Reihe bunt bewegter Einzelszenen und in grellen.
553 2359 1561 2421 Farben gehaltener Episodenfiguren sich abrollende
544 2393 1566 2463 Stückchen „Der grüne Kakadu“ das erst
542 2448 1566 2515 ganz am Schlusse zu einem dramatischen Athemzuge
558 2477 1562 2554 ausholt, ist ein Virtuosenstückchen der äußerlichen
554 2528 1566 2600 Bühnentechnik. Das einzige auf modernem Grunde
552 2569 1556 2650 stehende Schauspiel des Abends, „Die Gefährtin“,
545 2626 1563 2687 zeigt uns Schnitzler wieder von seiner bekanntesten und
551 2660 1563 2709 interessantesten Seite, von der des psychologischen
544 2705 1562 2775 Miniaturmalers. Der äußere Erfolg der drei Novitäten ist
558 2764 1560 2813 nicht genau bestimmbar. Ein einheitlicher und geräusch¬
538 2788 1560 2849 wvoller Erfolg war es nicht, obgleich der Dichter durch
552 2833 1565 2911 sein Erscheinen dokumentiren konnte, daß er dem
558 2887 1568 2940 neugegründeten „Bunde der Nichterscheiner“ sich nicht
554 2917 1566 2980 angeschlossen habe. Ein tiefergehendes Interesse hat¬
548 2959 1560 3031 trotz der Peinlichkeit des Problems jedenfalls nur „Die
393 2998 1556 3089 Far 50 Gefährtin“ erregt, da dieses Schauspiel, obwohl das
477 3037 1598 3119 100 kürzeste, doch an innerem Gehalt die beiden anderen!?)
1595 3046 1752 3116 inclus
1628 3105 1742 3141 Port
476 3092 1599 3156 200 Stücke weit überragt. Bei dem großen Aufwand an
1615 3131 1743 3182 Zahll
468 3142 1589 3196 500 Personal, das die drei Einakter erfordern, müssen wir#
1598 3162 1742 3220 im Vo
461 3184 1603 3244 1000 uns die Begutachtung der einen oder der anderen..
520 3218 1740 3288 in schauspielerischen Leistung für die eingehendere Beehnitte is
1424 3267 1736 3331 Bz. ich steht e
403 3279 962 3333 Abonnen sprechung aufsparen.
405 3293 1757 3392 Abonnenten frei die aufgegebenen Theinen zu ergänzen oder zu ändern.
2092 176 2544 268 box 15/5
2427 903 2773 989 Telefon 12801.
3115 1011 3343 1079 Ausschnitt
2119 990 3062 1082 Unternehmen für Zeitungs-Ausschnitte.
3031 1081 3327 1184 Nr. 99
2289 1069 2904 1190 OBSERVER
1847 1174 3341 1242 * I. ösférr. behördl. concess. Bureau für Zeitungsberichte und Personalnachrichten
2163 1267 3046 1345 Wien, IX/1 Türkenstrasse 17.
2102 1319 3102 1417 — Filiale in Budapest: „Figyelö“, VIII. Josefsring 31 a. —
1872 1465 3101 1552 Ausschnitt aus: Destere Zeitung, Wien
1877 1557 2407 1686 N 13.17.
2039 1812 3063 1902 Theater, Kunst und Literatur.
1923 1880 3144 1958 —Hofburgtheater. Die Unreinheit der Ehe, die vordem
1942 1938 3143 2000 verachtet und nur in Fällen großer Seelen zur Kunst zu¬
1944 1986 3141 2042 gelassen wurde, ist seit der schrittweise sich vollziehenden
1951 2031 3133 2085 Occupation der Bühne durch das Judenthum der Oelgötze
2997 2074 3150 2127 den
1941 2069 2911 2129 der Dramatik geworden. Arthur Schnitz
1940 2115 3137 2170 Director Schlenther allgemach zum Hauspoeten des Burg¬
1951 2158 3132 2214 theaters machen zu wollen scheint, hat ihm heute
3012 2206 3138 2258 aus
1943 2200 3016 2244 unter williger Assistenz des fast durchgängig
1950 2248 3143 2299 Stammesgenossen bestehenden Publicums dreimal aus¬
1949 2297 3148 2346 giebig geopfert. Zuerst tastet er an die Treue
1940 2332 3147 2386 der deutschen Hausfrau, der Theophrastus Paracelsus, der
1951 2380 3144 2437 große deutsche Renaissanceheld, hier zum Magnetiseur er¬
1946 2420 3149 2477 niedrigt, auf dem Wege der Hypnose das Geständniß des
1946 2456 3139 2519 gedachten, jedoch nicht vollzogenen Ehebruches entlockt. Im
1942 2507 3143 2556 nächsten Einacter, „Die Gefährtin“, gibt er die Geschichte
1955 2556 3134 2604 der traurigen Ehe eines berühmten Arztes, der am Begräbniß¬
1939 2590 3146 2639 tage seiner Frau zu ihrer bereits erkannten Schuld in
1943 2636 3136 2688 einem Falle noch erfährt, daß sie ihn täglich betrog, und
1948 2678 3147 2726 daß er glücklich sein muß, wenn sie nicht bei einem ihrer Ge¬
1943 2718 3144 2775 liebten, sondern zu Hause vom Schlage gerührt wurde, und auf
1942 2765 3153 2826 diese abscheuliche Scandalgeschichte Schnitzlerscher Phantasie
1947 2797 3147 2868 setzt er die an den Tag des Pariser Bastillensturmes ver¬
1945 2855 3142 2904 legte Tabarinepisode eines Schauspielers, der den — vor¬
1953 2890 3144 2949 läufig — letzten Geliebten seiner Frau ermordet. In diesem
1950 2935 3155 2985 dritten Stücke „Der grüne Kakadu“ erregte die lebhafte
1945 2977 3146 3052 Schilderung des Treibens in der Dämmerzeit der Revolu¬
1947 3017 3292 3077 tion allgemeineres Interesse, und Schnitzler erschien wieder= meluste
1942 3068 3278 3113 holt vor dem Vorhang; auch für den Schmutz, den er in Porte.
3129 3087 3284 3140 Zahlbar
1949 3108 3319 3175 der „Gefährtin“ auftischte, quittirte er den Beifall seiner in Voraus
1941 3160 3130 3213 „Clique. Bis auf den höllisch mißrathenen Paracelsus
1954 3183 3335 3255 Roberts war die Darstellung gut; sie enthielt auch einige te ist das
3102 3240 3344 3309 teht es den
1906 3255 3029 3310 4 auffallende Lichtpunkte, mehr als sie die Stücke boten.
1913 3285 3247 3357 AlA. L—ch. idern.
