<?xml version="1.0" encoding="UTF-8" standalone="yes"?>
<PcGts xmlns="http://schema.primaresearch.org/PAGE/gts/pagecontent/2013-07-15" xmlns:xsi="http://www.w3.org/2001/XMLSchema-instance" xsi:schemaLocation="http://schema.primaresearch.org/PAGE/gts/pagecontent/2013-07-15 http://schema.primaresearch.org/PAGE/gts/pagecontent/2013-07-15/pagecontent.xsd">
    <Metadata>
        <Creator>prov=University of Rostock/Institute of Mathematics/CITlab/Gundram Leifert/gundram.leifert@uni-rostock.de:name=ONB_Newseye_GT_M1+(htr_id=10810)::::v=2.4.2
prov=University of Rostock/Institute of Mathematics/CITlab/Tobias Gruening/tobias.gruening@uni-rostock.de:name=de.uros.citlab.module.baseline2polygon.B2PSeamMultiOriented:v=2.4.2
prov=University of Rostock/Institute of Mathematics/CITlab/Tobias Gruening/tobias.gruening@uni-rostock.de:name=/mnt/transkribus/LA/DEA/URO/LA_news_onb_att.pb:de.uros.citlab.segmentation.CITlab_LA_ML:v=2.4.2
Transkribus</Creator>
        <Created>2019-10-07T11:41:17.229+02:00</Created>
        <LastChange>2019-10-08T15:49:59.635+02:00</LastChange>
        <TranskribusMetadata docId="223987" pageId="9502061" pageNr="35" tsid="16597228" status="IN_PROGRESS" userId="40391" imgUrl="https://files.transkribus.eu/Get?id=JNZHKSHRLFHZEEZWHNZMPVUT&amp;fileType=view" xmlUrl="https://files.transkribus.eu/Get?id=XTMDSDHIBQXITHHUUQOYNTQK" imageId="6192279"/>
    </Metadata>
    <Page imageFilename="223987_0035.jpeg" imageWidth="3392" imageHeight="4352">
        <ReadingOrder>
            <OrderedGroup id="ro_1711447243649" caption="Regions reading order">
                <RegionRefIndexed index="0" regionRef="r1"/>
                <RegionRefIndexed index="1" regionRef="r2"/>
            </OrderedGroup>
        </ReadingOrder>
        <TextRegion orientation="0.0" id="r1" custom="readingOrder {index:0;}">
            <Coords points="250,196 250,253 1299,253 1299,196"/>
            <TextLine id="r1l1" custom="readingOrder {index:0;}">
                <Coords points="775,230 949,229 985,208 1008,229 1288,227 1308,220 1308,173 1254,182 1227,160 1145,181 1120,163 1075,174 1033,156 960,183 775,178"/>
                <Baseline points="784,218 809,217 835,217 861,217 887,217 912,217 938,217 964,217 990,218 1015,218 1041,218 1067,218 1093,218 1118,219 1144,219 1170,219 1196,219 1221,218 1247,218 1273,218 1299,217"/>
                <TextEquiv>
                    <Unicode>uene Kakadu</Unicode>
                </TextEquiv>
            </TextLine>
            <TextLine id="r1l2" custom="readingOrder {index:1;}">
                <Coords points="240,237 828,273 1145,244 1232,279 1299,268 1300,219 822,222 719,168 659,201 541,164 451,198 380,161 241,173"/>
                <Baseline points="250,216 302,221 354,227 406,231 458,234 510,237 562,239 614,241 666,242 718,243 770,243 822,243 874,243 926,243 978,243 1030,242 1082,242 1134,242 1186,241 1238,241 1290,241"/>
                <TextEquiv>
                    <Unicode>9.3. Der </Unicode>
                </TextEquiv>
            </TextLine>
            <TextEquiv>
                <Unicode>uene Kakadu
9.3. Der </Unicode>
            </TextEquiv>
        </TextRegion>
        <TextRegion orientation="0.0" id="r2" custom="readingOrder {index:1;}">
            <Coords points="1455,191 1455,4167 3053,4167 3053,191"/>
            <TextLine id="r2l1" custom="readingOrder {index:0;}">
                <Coords points="1447,213 1482,233 1660,217 1760,248 1861,222 1862,159 1759,169 1734,156 1707,176 1680,160 1652,181 1612,166 1549,182 1479,158 1447,175"/>
                <Baseline points="1455,216 1481,215 1508,215 1534,215 1561,216 1587,217 1614,218 1640,219 1667,220 1693,221 1720,221 1746,221 1773,220 1799,219 1826,216 1853,213"/>
                <TextEquiv>
                    <Unicode>box 14/8</Unicode>
                </TextEquiv>
            </TextLine>
            <TextLine id="r2l2" custom="readingOrder {index:1;}">
                <Coords points="2071,540 2521,539 2521,461 2390,450 2353,472 2295,454 2256,477 2175,479 2071,464"/>
                <Baseline points="2080,512 2105,512 2130,512 2156,511 2181,511 2207,511 2232,510 2257,509 2283,509 2308,509 2334,508 2359,508 2384,509 2410,509 2435,511 2461,512 2486,514 2512,517"/>
                <TextEquiv>
                    <Unicode>Telephon 12801.</Unicode>
                </TextEquiv>
            </TextLine>
            <TextLine id="r2l3" custom="readingOrder {index:2;}">
                <Coords points="1676,610 2906,607 2905,560 2803,551 1873,554 1676,594"/>
                <Baseline points="1685,615 1745,613 1806,612 1866,610 1927,609 1988,609 2048,608 2109,608 2169,607 2230,607 2291,606 2351,606 2412,606 2472,605 2533,604 2594,604 2654,603 2715,602 2775,601 2836,599 2897,597"/>
                <TextEquiv>
                    <Unicode>Alex. Welgl’s Unternehmen für Zeitungs-Ausschnitte</Unicode>
                </TextEquiv>
            </TextLine>
            <TextLine id="r2l4" custom="readingOrder {index:3;}">
                <Coords points="2576,710 2608,694 2644,693 2671,663 2684,669 2730,658 2790,673 2822,657 2844,660 2838,615 2823,623 2769,613 2697,620 2646,609 2601,647 2567,648"/>
                <Baseline points="2582,692 2607,684 2632,677 2657,671 2683,666 2708,662 2733,659 2759,657 2784,655 2809,654 2835,653"/>
                <TextEquiv>
                    <Unicode>#ee Ausschnitt</Unicode>
                </TextEquiv>
            </TextLine>
            <TextLine id="r2l5" custom="readingOrder {index:4;}">
                <Coords points="1942,748 2597,746 2645,719 2728,756 2972,746 2971,698 2914,664 2593,701 2535,660 2266,711 2072,662 1941,685"/>
                <Baseline points="1951,747 2001,740 2052,736 2102,732 2153,729 2204,727 2254,726 2305,725 2355,725 2406,725 2457,725 2507,726 2558,727 2608,728 2659,728 2710,729 2760,729 2811,729 2861,728 2912,726 2963,724"/>
                <TextEquiv>
                    <Unicode>„OBSEIVEN Nr. 84</Unicode>
                </TextEquiv>
            </TextLine>
            <TextLine id="r2l6" custom="readingOrder {index:5;}">
                <Coords points="1574,812 3019,797 2982,737 1574,766"/>
                <Baseline points="1583,809 1654,808 1725,807 1797,807 1868,805 1940,804 2011,804 2082,802 2154,801 2225,800 2297,798 2368,797 2439,796 2511,795 2582,794 2654,793 2725,791 2796,791 2868,790 2939,789 3011,788"/>
                <TextEquiv>
                    <Unicode>L. österr. behördl. oono. Bureau für Zeitungsberichte u. Personalnachrichten</Unicode>
                </TextEquiv>
            </TextLine>
            <TextLine id="r2l7" custom="readingOrder {index:6;}">
                <Coords points="1857,892 2765,879 2763,799 2491,832 1855,815"/>
                <Baseline points="1865,871 1909,872 1954,873 1998,873 2043,873 2087,873 2132,873 2176,872 2221,871 2265,870 2310,869 2354,868 2399,867 2443,866 2488,865 2532,864 2577,863 2621,862 2666,861 2710,861 2755,861"/>
                <TextEquiv>
                    <Unicode>Wien, I., Concondiaplatz 4.</Unicode>
                </TextEquiv>
            </TextLine>
            <TextLine id="r2l8" custom="readingOrder {index:7;}">
                <Coords points="1575,956 3029,929 2926,874 1574,893"/>
                <Baseline points="1584,931 1655,931 1727,931 1799,931 1871,930 1942,929 2014,928 2086,928 2158,926 2229,925 2301,924 2373,923 2445,921 2516,920 2588,919 2660,918 2732,917 2803,916 2875,915 2947,914 3019,914"/>
                <TextEquiv>
                    <Unicode>Vertestunge in Berlin, Budapest, Chicago, Genf, London, Newyork, Paris, Rom,</Unicode>
                </TextEquiv>
            </TextLine>
            <TextLine id="r2l9" custom="readingOrder {index:8;}">
                <Coords points="1945,991 2225,969 2614,978 2666,961 2666,938 2201,925 1945,946"/>
                <Baseline points="1954,968 1989,967 2024,967 2059,967 2094,966 2130,966 2165,965 2200,964 2235,963 2270,963 2306,963 2341,962 2376,962 2411,961 2446,961 2482,962 2517,962 2552,963 2587,964 2622,965 2658,966"/>
                <TextEquiv>
                    <Unicode>Stockholm, Kristiania, St. Petersburg.</Unicode>
                </TextEquiv>
            </TextLine>
            <TextLine id="r2l10" custom="readingOrder {index:9;}">
                <Coords points="2284,1112 2293,1113 2307,1103 2309,1104 2313,1101 2323,1099 2327,1104 2336,1105 2343,1070 2330,1068 2319,1073 2308,1062 2294,1057"/>
                <Baseline points="2295,1102 2327,1108"/>
                <TextEquiv>
                    <Unicode></Unicode>
                </TextEquiv>
            </TextLine>
            <TextLine id="r2l11" custom="readingOrder {index:10;}">
                <Coords points="1571,1113 1636,1136 1941,1117 1983,1135 1999,1118 2106,1112 2106,1092 2059,1071 1861,1061 1722,1083 1644,1066 1571,1097"/>
                <Baseline points="1581,1117 1606,1117 1632,1117 1658,1117 1684,1116 1710,1116 1735,1116 1761,1116 1787,1115 1813,1115 1839,1115 1864,1114 1890,1114 1916,1114 1942,1113 1968,1113 1993,1112 2019,1112 2045,1111 2071,1111 2097,1110"/>
                <TextEquiv>
                    <Unicode>Ausschnitt aus:</Unicode>
                </TextEquiv>
            </TextLine>
            <TextLine id="r2l12" custom="readingOrder {index:11;}">
                <Coords points="2160,1153 2414,1169 2477,1146 2653,1178 2702,1151 2869,1158 2869,1088 2841,1077 2708,1076 2673,1097 2625,1077 2358,1073 2287,1123 2230,1072 2160,1074"/>
                <Baseline points="2169,1140 2203,1140 2238,1141 2272,1142 2307,1143 2341,1144 2376,1145 2410,1146 2445,1147 2479,1148 2514,1148 2549,1149 2583,1149 2618,1149 2652,1149 2687,1149 2721,1148 2756,1146 2790,1145 2825,1143 2860,1141"/>
                <TextEquiv>
                    <Unicode>Staa. Actsgs.-Zöitung, Berm</Unicode>
                </TextEquiv>
            </TextLine>
            <TextLine id="r2l13" custom="readingOrder {index:12;}">
                <Coords points="1592,1267 1732,1276 1812,1253 1914,1289 2009,1267 2125,1270 2123,1198 2035,1169 1954,1197 1906,1167 1840,1173 1753,1212 1590,1213"/>
                <Baseline points="1601,1252 1626,1253 1652,1255 1678,1256 1703,1257 1729,1259 1755,1259 1780,1260 1806,1261 1832,1261 1858,1261 1883,1261 1909,1260 1935,1258 1960,1256 1986,1253 2012,1249 2037,1244 2063,1239 2089,1232 2115,1225"/>
                <TextEquiv>
                    <Unicode>vom: % 705</Unicode>
                </TextEquiv>
            </TextLine>
            <TextLine id="r2l14" custom="readingOrder {index:13;}">
                <Coords points="2468,1311 2534,1289 2593,1303 2618,1284 2660,1285 2710,1261 2773,1282 2805,1277 2798,1209 2746,1193 2720,1219 2696,1205 2632,1206 2560,1247 2524,1234 2459,1234"/>
                <Baseline points="2473,1285 2499,1285 2526,1284 2553,1283 2579,1281 2606,1279 2633,1276 2659,1273 2686,1269 2713,1265 2739,1261 2766,1257 2793,1253"/>
                <TextEquiv>
                    <Unicode>K</Unicode>
                </TextEquiv>
            </TextLine>
            <TextLine id="r2l15" custom="readingOrder {index:14;}">
                <Coords points="1619,1435 2796,1469 2861,1451 2862,1401 1620,1369"/>
                <Baseline points="1628,1418 1689,1419 1750,1420 1811,1422 1872,1423 1934,1425 1995,1426 2056,1428 2117,1429 2178,1431 2240,1433 2301,1435 2362,1437 2423,1438 2484,1440 2546,1442 2607,1443 2668,1445 2729,1447 2790,1448 2852,1449"/>
                <TextEquiv>
                    <Unicode>Aus der Theater- und Kunstwelt.</Unicode>
                </TextEquiv>
            </TextLine>
            <TextLine id="r2l16" custom="readingOrder {index:15;}">
                <Coords points="1774,1485 2858,1514 2849,1451 1775,1451"/>
                <Baseline points="1783,1481 1836,1482 1889,1484 1942,1485 1996,1486 2049,1488 2102,1489 2156,1490 2209,1491 2262,1493 2316,1494 2369,1496 2422,1497 2475,1498 2529,1500 2582,1501 2635,1502 2689,1504 2742,1505 2795,1507 2849,1508"/>
                <TextEquiv>
                    <Unicode>Schiller=Thater O. Nur wenige Wochen noch, und</Unicode>
                </TextEquiv>
            </TextLine>
            <TextLine id="r2l17" custom="readingOrder {index:16;}">
                <Coords points="1631,1543 2860,1567 2861,1516 1632,1487"/>
                <Baseline points="1641,1520 1701,1522 1762,1524 1822,1526 1883,1528 1943,1530 2004,1531 2064,1533 2125,1535 2185,1536 2246,1538 2306,1539 2367,1540 2427,1542 2488,1543 2548,1545 2609,1547 2669,1548 2730,1550 2790,1552 2851,1554"/>
                <TextEquiv>
                    <Unicode>jauch die Schillerbühze hat ihre sommerliche Ruhepause. Sie hat</Unicode>
                </TextEquiv>
            </TextLine>
            <TextLine id="r2l18" custom="readingOrder {index:17;}">
                <Coords points="1650,1572 2822,1607 2859,1563 1651,1538"/>
                <Baseline points="1660,1568 1719,1569 1778,1571 1838,1572 1897,1574 1957,1575 2016,1577 2076,1578 2135,1580 2195,1581 2254,1582 2313,1583 2373,1585 2432,1586 2492,1587 2551,1588 2611,1588 2670,1589 2730,1590 2789,1591 2849,1592"/>
                <TextEquiv>
                    <Unicode>ffleißig gearbeitet und doppelt gearbeitet, da sie für das</Unicode>
                </TextEquiv>
            </TextLine>
            <TextLine id="r2l19" custom="readingOrder {index:18;}">
                <Coords points="1646,1631 2818,1652 2857,1608 1648,1568"/>
                <Baseline points="1656,1610 1715,1612 1775,1614 1834,1615 1894,1617 1953,1618 2013,1620 2072,1621 2132,1622 2191,1623 2251,1624 2311,1625 2370,1626 2430,1627 2489,1628 2549,1629 2608,1630 2668,1632 2727,1633 2787,1634 2847,1636"/>
                <TextEquiv>
                    <Unicode>Publikum im Osten sowohl, wie im Norden sorgen muß. Der</Unicode>
                </TextEquiv>
            </TextLine>
            <TextLine id="r2l20" custom="readingOrder {index:19;}">
                <Coords points="1654,1657 2857,1684 2858,1641 2723,1632 1655,1617"/>
                <Baseline points="1663,1654 1722,1654 1781,1655 1840,1656 1899,1658 1959,1659 2018,1660 2077,1662 2136,1664 2195,1666 2255,1667 2314,1669 2373,1670 2432,1672 2491,1673 2551,1675 2610,1676 2669,1677 2728,1678 2787,1679 2847,1680"/>
                <TextEquiv>
                    <Unicode>neue Einakter=Abend, mit welchem sie im O.=Theater soeben</Unicode>
                </TextEquiv>
            </TextLine>
            <TextLine id="r2l21" custom="readingOrder {index:20;}">
                <Coords points="1643,1720 2850,1734 2826,1679 1645,1657"/>
                <Baseline points="1653,1699 1712,1699 1771,1700 1831,1700 1890,1701 1950,1702 2009,1703 2068,1705 2128,1706 2187,1708 2247,1709 2306,1711 2365,1713 2425,1714 2484,1715 2544,1716 2603,1717 2662,1718 2722,1719 2781,1719 2841,1719"/>
                <TextEquiv>
                    <Unicode>hervorgetreten ist, legt dafür wieder das vollgiltigste Zeugnis</Unicode>
                </TextEquiv>
            </TextLine>
            <TextLine id="r2l22" custom="readingOrder {index:21;}">
                <Coords points="1635,1748 2762,1783 2843,1774 2844,1738 1636,1725"/>
                <Baseline points="1645,1740 1704,1740 1763,1741 1823,1741 1882,1743 1942,1744 2001,1746 2061,1748 2120,1749 2180,1751 2239,1753 2298,1754 2358,1756 2417,1758 2477,1759 2536,1760 2596,1761 2655,1762 2715,1762 2774,1762 2834,1761"/>
                <TextEquiv>
                    <Unicode>ab. Schnitzlen's überans personenreiche, tumultuarische</Unicode>
                </TextEquiv>
            </TextLine>
            <TextLine id="r2l23" custom="readingOrder {index:22;}">
                <Coords points="1637,1779 2679,1823 2854,1787 1638,1748"/>
                <Baseline points="1645,1788 1705,1787 1765,1787 1825,1787 1885,1787 1945,1788 2005,1790 2065,1791 2125,1793 2185,1794 2245,1796 2305,1798 2365,1800 2425,1801 2485,1803 2545,1804 2605,1805 2665,1806 2725,1806 2785,1805 2845,1805"/>
                <TextEquiv>
                    <Unicode>und schwer zu infzenierende Tragikomödie: „Der grüne</Unicode>
                </TextEquiv>
            </TextLine>
            <TextLine id="r2l24" custom="readingOrder {index:23;}">
                <Coords points="1634,1834 2840,1856 2841,1815 2761,1806 1636,1780"/>
                <Baseline points="1643,1830 1702,1830 1761,1830 1821,1830 1880,1831 1940,1832 1999,1833 2058,1834 2118,1835 2177,1837 2237,1839 2296,1840 2355,1842 2415,1843 2474,1844 2534,1846 2593,1847 2652,1848 2712,1849 2771,1849 2831,1850"/>
                <TextEquiv>
                    <Unicode>Kakadu“, vom Heutschen Theater her als eine der originellsten</Unicode>
                </TextEquiv>
            </TextLine>
            <TextLine id="r2l25" custom="readingOrder {index:24;}">
                <Coords points="1644,1873 2827,1918 2843,1854 1645,1837"/>
                <Baseline points="1653,1872 1715,1872 1777,1872 1839,1872 1901,1873 1963,1874 2025,1875 2087,1876 2149,1878 2211,1880 2273,1881 2335,1883 2397,1885 2459,1886 2521,1888 2583,1890 2645,1892 2707,1893 2769,1895 2832,1896"/>
                <TextEquiv>
                    <Unicode>und bedentsamsten Schöpfungen des Wiener, Dramatikers bekannt,</Unicode>
                </TextEquiv>
            </TextLine>
            <TextLine id="r2l26" custom="readingOrder {index:25;}">
                <Coords points="1632,1904 2573,1953 2839,1940 2840,1910 1632,1882"/>
                <Baseline points="1641,1916 1700,1916 1760,1917 1819,1917 1879,1918 1938,1919 1998,1920 2057,1921 2117,1922 2176,1923 2236,1924 2295,1926 2355,1927 2414,1928 2474,1929 2533,1930 2593,1931 2652,1933 2712,1934 2771,1935 2831,1936"/>
                <TextEquiv>
                    <Unicode>ist nunmehr auch dem Spielplan des Schiller=Theaters einver¬</Unicode>
                </TextEquiv>
            </TextLine>
            <TextLine id="r2l27" custom="readingOrder {index:26;}">
                <Coords points="1634,1963 2813,2000 2832,1943 1635,1905"/>
                <Baseline points="1643,1957 1702,1958 1761,1959 1820,1960 1879,1961 1938,1962 1997,1964 2056,1965 2115,1966 2174,1968 2233,1970 2292,1971 2351,1972 2410,1974 2469,1975 2528,1976 2587,1977 2646,1978 2705,1978 2764,1979 2823,1979"/>
                <TextEquiv>
                    <Unicode>leibt worden und fand die glänzendste Aufnahme, obwohl der</Unicode>
                </TextEquiv>
            </TextLine>
            <TextLine id="r2l28" custom="readingOrder {index:27;}">
                <Coords points="1630,2021 2286,2008 3008,2060 3010,2019 1632,1962"/>
                <Baseline points="1640,2001 1711,2002 1783,2003 1854,2004 1926,2005 1997,2006 2069,2007 2140,2008 2212,2010 2283,2011 2355,2013 2426,2015 2498,2017 2569,2020 2641,2023 2712,2027 2784,2030 2855,2035 2927,2039 2999,2045"/>
                <TextEquiv>
                    <Unicode>Bühne für die Hauptrolle des unglücklichen Schauspielers (nelusive</Unicode>
                </TextEquiv>
            </TextLine>
            <TextLine id="r2l29" custom="readingOrder {index:28;}">
                <Coords points="1615,2054 2985,2085 2778,2027 1617,2007"/>
                <Baseline points="1624,2048 1691,2047 1759,2047 1826,2046 1894,2047 1961,2047 2029,2048 2096,2049 2164,2050 2231,2052 2299,2054 2367,2056 2434,2058 2502,2060 2569,2063 2637,2066 2704,2068 2772,2072 2839,2075 2907,2079 2975,2082"/>
                <TextEquiv>
                    <Unicode>„Heuri, der den Verführer seines Weibes erdolcht, kein so hin= IPorto.</Unicode>
                </TextEquiv>
            </TextLine>
            <TextLine id="r2l30" custom="readingOrder {index:29;}">
                <Coords points="1622,2093 2866,2132 2998,2095 1623,2062"/>
                <Baseline points="1632,2089 1699,2089 1767,2089 1835,2089 1903,2090 1971,2090 2038,2092 2106,2093 2174,2094 2242,2096 2310,2098 2377,2100 2445,2102 2513,2103 2581,2106 2649,2108 2716,2109 2784,2111 2852,2113 2920,2115 2988,2117"/>
                <TextEquiv>
                    <Unicode>reißender Vertreter, wie Joseph Kainz, zur Verfügung steht. Zahlbar</Unicode>
                </TextEquiv>
            </TextLine>
            <TextLine id="r2l31" custom="readingOrder {index:30;}">
                <Coords points="1631,2139 3047,2168 3036,2118 1632,2098"/>
                <Baseline points="1640,2129 1713,2130 1787,2130 1860,2131 1934,2133 2008,2134 2081,2136 2155,2138 2229,2141 2302,2143 2376,2146 2449,2147 2523,2150 2597,2152 2670,2154 2744,2156 2818,2157 2891,2158 2965,2159 3039,2160"/>
                <TextEquiv>
                    <Unicode>Es lag im Wesem des genialen Kainz, daß damals bei der Im Voranz.</Unicode>
                </TextEquiv>
            </TextLine>
            <TextLine id="r2l32" custom="readingOrder {index:31;}">
                <Coords points="1632,2188 1767,2164 1908,2199 2468,2204 2529,2194 2530,2153 1633,2137"/>
                <Baseline points="1641,2174 1687,2173 1733,2173 1779,2174 1826,2175 1872,2176 1918,2177 1964,2178 2011,2179 2057,2181 2103,2182 2149,2183 2196,2185 2242,2186 2288,2187 2334,2188 2381,2188 2427,2188 2473,2188 2520,2187"/>
                <TextEquiv>
                    <Unicode>ersten Vorführtng des „grünen Kakadus“</Unicode>
                </TextEquiv>
            </TextLine>
            <TextLine id="r2l33" custom="readingOrder {index:32;}">
                <Coords points="2545,2209 2697,2200 2721,2211 2769,2203 2807,2213 2836,2202 2836,2156 2755,2165 2743,2154 2716,2154 2685,2171 2666,2157 2628,2151 2610,2165 2583,2154 2545,2166"/>
                <Baseline points="2553,2197 2580,2195 2607,2194 2635,2195 2662,2196 2690,2197 2717,2198 2744,2199 2772,2199 2799,2198 2827,2196"/>
                <TextEquiv>
                    <Unicode>jener Heuri</Unicode>
                </TextEquiv>
            </TextLine>
            <TextLine id="r2l34" custom="readingOrder {index:33;}">
                <Coords points="1633,2221 1778,2238 1933,2205 2080,2246 2182,2226 2530,2249 2528,2198 1634,2192"/>
                <Baseline points="1643,2216 1686,2216 1730,2217 1774,2217 1818,2218 1862,2219 1906,2219 1950,2220 1994,2221 2038,2221 2082,2222 2125,2223 2169,2224 2213,2225 2257,2226 2301,2227 2345,2228 2389,2229 2433,2230 2477,2231 2521,2232"/>
                <TextEquiv>
                    <Unicode>mit seinem idyllischen Glücks=Traum</Unicode>
                </TextEquiv>
            </TextLine>
            <TextLine id="r2l35" custom="readingOrder {index:34;}">
                <Coords points="2836,2234 2847,2236 2859,2226 2890,2237 2956,2227 2983,2235 3012,2228 3044,2231 3044,2195 3029,2195 3009,2181 2986,2189 2972,2183 2932,2189 2916,2179 2886,2185 2864,2203 2836,2198"/>
                <Baseline points="2845,2224 2872,2225 2899,2224 2926,2224 2953,2222 2980,2222 3007,2222 3035,2224"/>
                <TextEquiv>
                    <Unicode>e ist das</Unicode>
                </TextEquiv>
            </TextLine>
            <TextLine id="r2l36" custom="readingOrder {index:35;}">
                <Coords points="2551,2250 2650,2241 2733,2267 2785,2246 2832,2286 2957,2263 2988,2279 3053,2270 3056,2231 2893,2242 2770,2203 2554,2201"/>
                <Baseline points="2561,2237 2586,2236 2611,2236 2637,2237 2662,2238 2688,2241 2713,2243 2738,2244 2764,2247 2789,2250 2815,2253 2840,2256 2866,2258 2891,2261 2916,2262 2942,2264 2967,2265 2993,2265 3018,2264 3044,2263"/>
                <TextEquiv>
                    <Unicode>und seister-sht es den</Unicode>
                </TextEquiv>
            </TextLine>
            <TextLine id="r2l37" custom="readingOrder {index:36;}">
                <Coords points="1619,2259 1757,2273 1832,2260 1848,2275 1901,2268 1922,2281 2008,2273 2047,2294 2048,2250 1985,2226 1912,2220 1892,2234 1698,2219 1619,2245"/>
                <Baseline points="1628,2260 1653,2260 1679,2260 1705,2260 1730,2260 1756,2260 1782,2260 1807,2260 1833,2260 1859,2260 1884,2260 1910,2261 1936,2261 1961,2263 1987,2264 2013,2266 2039,2268"/>
                <TextEquiv>
                    <Unicode>wilden Eifersucht,</Unicode>
                </TextEquiv>
            </TextLine>
            <TextLine id="r2l38" custom="readingOrder {index:37;}">
                <Coords points="2076,2281 2317,2267 2415,2294 2553,2260 2590,2292 2716,2274 2921,2322 2923,2273 2817,2273 2785,2246 2078,2234"/>
                <Baseline points="2086,2263 2127,2266 2168,2268 2210,2270 2251,2271 2292,2272 2334,2273 2375,2273 2416,2274 2458,2274 2499,2275 2540,2275 2582,2276 2623,2278 2664,2280 2706,2283 2747,2286 2788,2290 2830,2295 2871,2301 2913,2309"/>
                <TextEquiv>
                    <Unicode>mit der grotesken Liebe zur sern.</Unicode>
                </TextEquiv>
            </TextLine>
            <TextLine id="r2l39" custom="readingOrder {index:38;}">
                <Coords points="1618,2313 2785,2344 2836,2312 2074,2260 1619,2284"/>
                <Baseline points="1627,2304 1690,2304 1753,2305 1816,2305 1879,2307 1942,2307 2005,2309 2068,2310 2131,2312 2194,2313 2258,2315 2321,2317 2384,2318 2447,2319 2510,2321 2573,2322 2636,2324 2699,2325 2762,2326 2826,2327"/>
                <TextEquiv>
                    <Unicode>Zeichtfertigsten aller Coulissen=Heldinnen und mit der durch</Unicode>
                </TextEquiv>
            </TextLine>
            <TextLine id="r2l40" custom="readingOrder {index:39;}">
                <Coords points="1619,2353 3050,2385 2624,2320 1620,2315"/>
                <Baseline points="1629,2346 1699,2347 1770,2348 1840,2349 1911,2350 1982,2351 2052,2353 2123,2354 2193,2356 2264,2358 2335,2360 2405,2362 2476,2364 2546,2367 2617,2369 2688,2372 2758,2375 2829,2378 2899,2382 2970,2386 3041,2389"/>
                <TextEquiv>
                    <Unicode>den revolutionären Bastille=Sturm noch estra erhitzten Phau= hitend die</Unicode>
                </TextEquiv>
            </TextLine>
            <TextLine id="r2l41" custom="readingOrder {index:40;}">
                <Coords points="1628,2386 2800,2418 2801,2373 1629,2358"/>
                <Baseline points="1637,2389 1694,2390 1752,2391 1810,2391 1867,2393 1925,2394 1983,2395 2040,2396 2098,2397 2156,2399 2214,2400 2271,2401 2329,2403 2387,2405 2444,2406 2502,2408 2560,2410 2617,2411 2675,2413 2733,2415 2791,2417"/>
                <TextEquiv>
                    <Unicode>tasie über die anderen Darsteller des wilden Kabaretts, in</Unicode>
                </TextEquiv>
            </TextLine>
            <TextLine id="r2l42" custom="readingOrder {index:41;}">
                <Coords points="1628,2429 2771,2471 3051,2391 2730,2425 1628,2397"/>
                <Baseline points="1637,2438 1707,2436 1777,2435 1847,2436 1918,2437 1988,2439 2058,2440 2128,2443 2199,2445 2269,2448 2339,2449 2409,2451 2480,2452 2550,2452 2620,2452 2690,2450 2761,2447 2831,2443 2901,2437 2971,2429 3042,2419"/>
                <TextEquiv>
                    <Unicode>welchem Schein und Wirklichkeit wie ein traumhaftes Nacht= Morgen¬</Unicode>
                </TextEquiv>
            </TextLine>
            <TextLine id="r2l43" custom="readingOrder {index:42;}">
                <Coords points="2835,2474 2868,2479 2886,2471 2904,2478 2912,2469 2929,2468 2965,2471 2976,2480 2993,2470 3027,2475 3026,2428 2989,2431 2976,2440 2964,2433 2932,2441 2912,2431 2835,2442"/>
                <Baseline points="2845,2469 2874,2468 2903,2467 2932,2468 2961,2468 2990,2466 3019,2462"/>
                <TextEquiv>
                    <Unicode>Zeitung")</Unicode>
                </TextEquiv>
            </TextLine>
            <TextLine id="r2l44" custom="readingOrder {index:43;}">
                <Coords points="1620,2471 2892,2519 3014,2518 3049,2474 1621,2436"/>
                <Baseline points="1629,2480 1699,2479 1770,2479 1840,2480 1911,2481 1981,2482 2052,2483 2122,2485 2193,2487 2263,2489 2334,2491 2404,2493 2475,2495 2545,2497 2616,2499 2686,2500 2757,2502 2827,2503 2898,2503 2968,2503 3039,2503"/>
                <TextEquiv>
                    <Unicode>bild zusammenfließen, um ein bedeutendes Maß hinauswuchs. bschaftliche</Unicode>
                </TextEquiv>
            </TextLine>
            <TextLine id="r2l45" custom="readingOrder {index:44;}">
                <Coords points="1620,2533 2817,2554 2818,2507 1748,2502 1622,2465"/>
                <Baseline points="1630,2521 1688,2521 1747,2522 1806,2523 1865,2524 1924,2525 1983,2527 2042,2528 2101,2530 2160,2531 2219,2533 2277,2534 2336,2535 2395,2537 2454,2539 2513,2540 2572,2542 2631,2543 2690,2544 2749,2544 2808,2545"/>
                <TextEquiv>
                    <Unicode>Der imposante Eindruck der Dichtung basierte in dem</Unicode>
                </TextEquiv>
            </TextLine>
            <TextLine id="r2l46" custom="readingOrder {index:45;}">
                <Coords points="2837,2578 2896,2554 2912,2561 2949,2549 2957,2556 2985,2551 2998,2560 3018,2553 3036,2562 3063,2552 3061,2512 3038,2517 3029,2508 3013,2518 3006,2511 2959,2509 2914,2521 2858,2509 2835,2513"/>
                <Baseline points="2845,2543 2871,2544 2897,2544 2923,2543 2949,2542 2975,2541 3001,2539 3027,2538 3053,2538"/>
                <TextEquiv>
                    <Unicode>Diese Mit¬</Unicode>
                </TextEquiv>
            </TextLine>
            <TextLine id="r2l47" custom="readingOrder {index:46;}">
                <Coords points="1629,2574 2824,2619 2822,2543 1630,2535"/>
                <Baseline points="1638,2569 1696,2567 1755,2566 1814,2566 1873,2566 1932,2566 1991,2567 2050,2568 2109,2570 2168,2571 2227,2573 2285,2575 2344,2576 2403,2578 2462,2580 2521,2582 2580,2583 2639,2584 2698,2585 2757,2586 2816,2587"/>
                <TextEquiv>
                    <Unicode>szenischen Wirkel und in des Dialoges Fülle an geistreichem Witz</Unicode>
                </TextEquiv>
            </TextLine>
            <TextLine id="r2l48" custom="readingOrder {index:47;}">
                <Coords points="1619,2597 2830,2645 2826,2591 1620,2577"/>
                <Baseline points="1629,2612 1688,2611 1748,2610 1807,2610 1867,2610 1927,2610 1986,2611 2046,2612 2105,2614 2165,2615 2225,2616 2284,2618 2344,2620 2403,2621 2463,2623 2523,2625 2582,2626 2642,2627 2701,2628 2761,2629 2821,2629"/>
                <TextEquiv>
                    <Unicode>und cynischem Spott vorwiegend auf die fesselnde Gestaltungs¬</Unicode>
                </TextEquiv>
            </TextLine>
            <TextLine id="r2l49" custom="readingOrder {index:48;}">
                <Coords points="1621,2640 1909,2680 2087,2652 2817,2685 2790,2635 1622,2595"/>
                <Baseline points="1630,2652 1688,2653 1747,2654 1806,2654 1865,2655 1924,2656 1983,2658 2042,2659 2101,2660 2160,2661 2219,2662 2277,2663 2336,2665 2395,2666 2454,2668 2513,2669 2572,2670 2631,2672 2690,2673 2749,2674 2808,2675"/>
                <TextEquiv>
                    <Unicode>kkraft eines gefeierten Virtnosen. Es darf nun zugestanden</Unicode>
                </TextEquiv>
            </TextLine>
            <TextLine id="r2l50" custom="readingOrder {index:49;}">
                <Coords points="1610,2701 2749,2732 2825,2719 2826,2685 1611,2640"/>
                <Baseline points="1620,2696 1679,2696 1739,2696 1799,2696 1859,2697 1919,2698 1979,2699 2038,2700 2098,2701 2158,2703 2218,2704 2278,2705 2338,2707 2398,2709 2457,2710 2517,2712 2577,2713 2637,2714 2697,2716 2757,2717 2817,2717"/>
                <TextEquiv>
                    <Unicode>werden, daß Rudolf Lettinger als Darsteller des</Unicode>
                </TextEquiv>
            </TextLine>
            <TextLine id="r2l51" custom="readingOrder {index:50;}">
                <Coords points="1613,2744 2693,2776 2790,2772 2816,2728 1614,2705"/>
                <Baseline points="1622,2747 1681,2744 1740,2742 1799,2741 1859,2740 1918,2740 1977,2741 2036,2742 2096,2743 2155,2745 2214,2747 2273,2749 2333,2751 2392,2753 2451,2755 2510,2757 2570,2758 2629,2759 2688,2759 2747,2760 2807,2759"/>
                <TextEquiv>
                    <Unicode>(„ Heuri“ im Schiller=Theater eine durchaus sehr schätzbare</Unicode>
                </TextEquiv>
            </TextLine>
            <TextLine id="r2l52" custom="readingOrder {index:51;}">
                <Coords points="1613,2784 2831,2807 2832,2758 1614,2744"/>
                <Baseline points="1622,2784 1682,2783 1742,2783 1802,2783 1862,2784 1922,2785 1982,2786 2042,2787 2102,2788 2162,2790 2222,2791 2282,2793 2342,2795 2402,2797 2462,2798 2522,2799 2582,2801 2642,2802 2702,2802 2762,2803 2823,2802"/>
                <TextEquiv>
                    <Unicode>Leistung bot, die naturgemäß, da sie weit mehr im Rahmen</Unicode>
                </TextEquiv>
            </TextLine>
            <TextLine id="r2l53" custom="readingOrder {index:52;}">
                <Coords points="1631,2834 2648,2866 2792,2859 2816,2816 1632,2793"/>
                <Baseline points="1640,2824 1698,2824 1756,2825 1815,2826 1873,2827 1931,2829 1990,2830 2048,2831 2106,2833 2165,2834 2223,2835 2281,2837 2340,2839 2398,2840 2456,2841 2515,2842 2573,2843 2631,2844 2690,2845 2748,2845 2807,2846"/>
                <TextEquiv>
                    <Unicode>des Cusembles stand, auch den erforderlichen Spielraum für</Unicode>
                </TextEquiv>
            </TextLine>
            <TextLine id="r2l54" custom="readingOrder {index:53;}">
                <Coords points="1626,2877 1636,2878 1653,2870 1657,2874 1664,2871 1676,2879 1686,2871 1692,2875 1700,2870 1707,2873 1713,2869 1723,2870 1726,2836 1715,2835 1711,2839 1702,2827 1698,2830 1683,2828 1674,2836 1662,2829 1649,2827 1638,2837 1629,2836"/>
                <Baseline points="1635,2864 1661,2866 1688,2868 1715,2870"/>
                <TextEquiv>
                    <Unicode>das</Unicode>
                </TextEquiv>
            </TextLine>
            <TextLine id="r2l55" custom="readingOrder {index:54;}">
                <Coords points="1721,2892 2017,2865 2799,2915 2811,2854 1722,2829"/>
                <Baseline points="1730,2873 1783,2872 1837,2872 1890,2872 1944,2873 1998,2873 2051,2874 2105,2875 2158,2877 2212,2878 2266,2879 2319,2881 2373,2883 2426,2885 2480,2886 2534,2887 2587,2889 2641,2890 2694,2891 2748,2892 2802,2893"/>
                <TextEquiv>
                    <Unicode>Interesse an den anderen Charakterfiguren übrig</Unicode>
                </TextEquiv>
            </TextLine>
            <TextLine id="r2l56" custom="readingOrder {index:55;}">
                <Coords points="1615,2917 1642,2919 1651,2914 1667,2916 1672,2922 1679,2918 1688,2925 1699,2918 1737,2923 1738,2867 1721,2867 1709,2874 1702,2870 1693,2875 1685,2872 1671,2880 1662,2873 1651,2875 1648,2871 1637,2878 1615,2878"/>
                <Baseline points="1624,2910 1650,2910 1676,2911 1702,2912 1728,2910"/>
                <TextEquiv>
                    <Unicode>ließ.</Unicode>
                </TextEquiv>
            </TextLine>
            <TextLine id="r2l57" custom="readingOrder {index:56;}">
                <Coords points="1752,2935 1887,2911 2816,2951 2835,2900 1753,2886"/>
                <Baseline points="1762,2911 1815,2912 1868,2913 1921,2914 1974,2916 2028,2917 2081,2919 2134,2920 2187,2921 2240,2923 2294,2924 2347,2926 2400,2927 2453,2928 2506,2929 2560,2930 2613,2931 2666,2931 2719,2932 2772,2932 2826,2932"/>
                <TextEquiv>
                    <Unicode>Das konnte man am besten an den treff¬</Unicode>
                </TextEquiv>
            </TextLine>
            <TextLine id="r2l58" custom="readingOrder {index:57;}">
                <Coords points="1617,2952 1635,2952 1643,2962 1654,2958 1663,2964 1677,2961 1688,2965 1697,2958 1708,2958 1722,2961 1729,2968 1735,2965 1747,2969 1749,2922 1708,2919 1693,2929 1679,2918 1672,2921 1659,2915 1639,2920 1634,2916 1618,2918"/>
                <Baseline points="1626,2951 1654,2953 1682,2955 1710,2956 1739,2954"/>
                <TextEquiv>
                    <Unicode>lichen</Unicode>
                </TextEquiv>
            </TextLine>
            <TextLine id="r2l59" custom="readingOrder {index:58;}">
                <Coords points="1756,2960 2754,2992 2838,2978 2839,2949 1757,2931"/>
                <Baseline points="1765,2957 1818,2958 1871,2959 1924,2960 1977,2961 2031,2962 2084,2964 2137,2965 2190,2966 2243,2967 2297,2968 2350,2970 2403,2970 2456,2972 2509,2972 2563,2973 2616,2974 2669,2974 2722,2974 2775,2974 2829,2974"/>
                <TextEquiv>
                    <Unicode>Leistungen der Herren Holthaus und Stein¬</Unicode>
                </TextEquiv>
            </TextLine>
            <TextLine id="r2l60" custom="readingOrder {index:59;}">
                <Coords points="1617,3009 2801,3043 2816,3004 1618,2951"/>
                <Baseline points="1626,2995 1685,2997 1744,2998 1803,3000 1862,3002 1921,3003 1980,3005 2039,3006 2098,3008 2157,3009 2216,3010 2275,3012 2334,3013 2393,3014 2452,3015 2511,3016 2570,3017 2629,3018 2688,3019 2747,3020 2807,3021"/>
                <TextEquiv>
                    <Unicode>rück in den Reuen des dramatischen Kneipenwirts</Unicode>
                </TextEquiv>
            </TextLine>
            <TextLine id="r2l61" custom="readingOrder {index:60;}">
                <Coords points="1613,3033 2750,3080 2820,3078 2821,3022 1613,3009"/>
                <Baseline points="1622,3041 1681,3041 1740,3042 1800,3043 1859,3043 1919,3045 1978,3046 2038,3047 2097,3048 2157,3050 2216,3051 2275,3053 2335,3055 2394,3056 2454,3058 2513,3059 2573,3061 2632,3061 2692,3063 2751,3064 2811,3065"/>
                <TextEquiv>
                    <Unicode>urd des reellen Tantenmörders wahrnehmen. Wenn schon</Unicode>
                </TextEquiv>
            </TextLine>
            <TextLine id="r2l62" custom="readingOrder {index:61;}">
                <Coords points="1622,3099 2812,3122 2781,3071 1624,3041"/>
                <Baseline points="1632,3087 1690,3086 1749,3085 1807,3085 1866,3086 1924,3086 1983,3087 2041,3089 2100,3090 2158,3091 2217,3094 2276,3095 2334,3097 2393,3099 2451,3101 2510,3103 2568,3105 2627,3106 2685,3107 2744,3109 2803,3109"/>
                <TextEquiv>
                    <Unicode>Freiheit, Gleichheit und Brüderlichkeit die Parole der neuen</Unicode>
                </TextEquiv>
            </TextLine>
            <TextLine id="r2l63" custom="readingOrder {index:62;}">
                <Coords points="1624,3132 2614,3170 2787,3158 2824,3121 1625,3096"/>
                <Baseline points="1633,3130 1692,3128 1751,3128 1810,3127 1869,3127 1928,3128 1987,3129 2046,3130 2105,3132 2164,3133 2223,3136 2282,3137 2341,3140 2400,3142 2459,3144 2518,3146 2577,3148 2636,3150 2695,3151 2754,3152 2814,3153"/>
                <TextEquiv>
                    <Unicode>Zeit war.—die mit dem Bastille=Sturm anhoo, so scheint der</Unicode>
                </TextEquiv>
            </TextLine>
            <TextLine id="r2l64" custom="readingOrder {index:63;}">
                <Coords points="1624,3163 2684,3208 2826,3191 2828,3135 2484,3164 1625,3132"/>
                <Baseline points="1632,3167 1691,3166 1750,3166 1809,3166 1869,3167 1928,3168 1987,3170 2047,3171 2106,3174 2165,3175 2225,3178 2284,3180 2343,3182 2402,3184 2462,3186 2521,3187 2580,3189 2640,3189 2699,3190 2758,3190 2818,3189"/>
                <TextEquiv>
                    <Unicode>Autor auch die Absicht gehabt zu haben, den vielen Personen</Unicode>
                </TextEquiv>
            </TextLine>
            <TextLine id="r2l65" custom="readingOrder {index:64;}">
                <Coords points="1625,3217 2688,3228 2813,3266 2800,3188 1627,3165"/>
                <Baseline points="1635,3209 1693,3208 1752,3208 1810,3208 1869,3209 1927,3210 1986,3211 2044,3213 2103,3214 2161,3216 2220,3218 2278,3220 2337,3222 2395,3224 2454,3226 2512,3228 2571,3230 2629,3231 2688,3233 2746,3235 2805,3236"/>
                <TextEquiv>
                    <Unicode>seiner revokutionär brodelnden Handlung ein gleiches Maß</Unicode>
                </TextEquiv>
            </TextLine>
            <TextLine id="r2l66" custom="readingOrder {index:65;}">
                <Coords points="1618,3249 2809,3295 2824,3263 2683,3228 1618,3217"/>
                <Baseline points="1627,3249 1686,3249 1745,3249 1805,3249 1864,3250 1924,3251 1983,3252 2042,3254 2102,3255 2161,3257 2221,3259 2280,3261 2339,3263 2399,3265 2458,3266 2518,3268 2577,3270 2636,3272 2696,3273 2755,3275 2815,3276"/>
                <TextEquiv>
                    <Unicode>von lebendig=charakteristischem Interesse seinzuräumen. So sei</Unicode>
                </TextEquiv>
            </TextLine>
            <TextLine id="r2l67" custom="readingOrder {index:66;}">
                <Coords points="1614,3290 2798,3336 2812,3299 1615,3246"/>
                <Baseline points="1623,3292 1682,3292 1741,3294 1800,3295 1859,3296 1918,3298 1977,3300 2036,3301 2095,3303 2154,3305 2213,3306 2272,3308 2331,3309 2390,3311 2449,3313 2508,3314 2567,3315 2626,3316 2685,3317 2744,3318 2803,3319"/>
                <TextEquiv>
                    <Unicode>denn allen Darstellern, ohne sie weiter persönlich noch</Unicode>
                </TextEquiv>
            </TextLine>
            <TextLine id="r2l68" custom="readingOrder {index:67;}">
                <Coords points="1605,3337 2755,3376 2806,3334 1605,3308"/>
                <Baseline points="1614,3338 1673,3338 1732,3339 1791,3340 1850,3341 1909,3342 1968,3343 2028,3344 2087,3345 2146,3347 2205,3348 2264,3349 2323,3351 2382,3352 2442,3354 2501,3355 2560,3356 2619,3357 2678,3359 2737,3359 2797,3360"/>
                <TextEquiv>
                    <Unicode>hervorzuheben, auch das gleiche Maß von Anerkennung nicht</Unicode>
                </TextEquiv>
            </TextLine>
            <TextLine id="r2l69" custom="readingOrder {index:68;}">
                <Coords points="1615,3395 1884,3369 2065,3407 2767,3420 2802,3363 1615,3355"/>
                <Baseline points="1623,3383 1681,3382 1739,3383 1798,3383 1856,3384 1915,3385 1973,3386 2032,3387 2090,3389 2149,3390 2207,3392 2265,3393 2324,3395 2382,3396 2441,3397 2499,3398 2558,3399 2616,3400 2675,3400 2733,3400 2792,3399"/>
                <TextEquiv>
                    <Unicode>vorenthalten. Sie waren sämtlich bestens bemüht, unter der</Unicode>
                </TextEquiv>
            </TextLine>
            <TextLine id="r2l70" custom="readingOrder {index:69;}">
                <Coords points="1610,3431 2703,3464 2798,3450 2799,3413 1611,3391"/>
                <Baseline points="1620,3423 1678,3424 1736,3425 1795,3426 1853,3428 1912,3429 1970,3430 2029,3431 2087,3432 2146,3434 2204,3435 2262,3436 2321,3437 2379,3438 2438,3440 2496,3441 2555,3442 2613,3444 2672,3445 2730,3446 2789,3447"/>
                <TextEquiv>
                    <Unicode>Leitung einer geschickten Regie, dem „grünen Kakadu“ auch in</Unicode>
                </TextEquiv>
            </TextLine>
            <TextLine id="r2l71" custom="readingOrder {index:70;}">
                <Coords points="1622,3469 2798,3502 2788,3451 1623,3428"/>
                <Baseline points="1631,3468 1688,3469 1746,3470 1804,3471 1862,3472 1920,3473 1978,3474 2036,3475 2094,3476 2152,3477 2210,3478 2267,3480 2325,3481 2383,3482 2441,3483 2499,3485 2557,3486 2615,3488 2673,3490 2731,3492 2789,3494"/>
                <TextEquiv>
                    <Unicode>der Wallirer=Theaterstraße einen durchgreifenden Erfolg zu</Unicode>
                </TextEquiv>
            </TextLine>
            <TextLine id="r2l72" custom="readingOrder {index:71;}">
                <Coords points="1612,3522 2802,3557 2778,3498 1613,3467"/>
                <Baseline points="1622,3514 1680,3514 1739,3514 1797,3515 1856,3515 1914,3516 1973,3517 2031,3518 2090,3519 2148,3520 2207,3521 2266,3523 2324,3524 2383,3525 2441,3527 2500,3528 2558,3529 2617,3530 2675,3532 2734,3533 2793,3534"/>
                <TextEquiv>
                    <Unicode>sichern. Die große dramatische Spannkraft und die er¬</Unicode>
                </TextEquiv>
            </TextLine>
            <TextLine id="r2l73" custom="readingOrder {index:72;}">
                <Coords points="1612,3552 2440,3597 2800,3559 2632,3527 1612,3521"/>
                <Baseline points="1620,3553 1678,3554 1737,3556 1795,3556 1854,3557 1912,3558 1971,3559 2029,3561 2088,3562 2146,3563 2205,3564 2264,3565 2322,3566 2381,3567 2439,3568 2498,3570 2556,3571 2615,3572 2673,3573 2732,3575 2791,3576"/>
                <TextEquiv>
                    <Unicode>schütternde Wirkung des militärischen Einakters von Hart¬</Unicode>
                </TextEquiv>
            </TextLine>
            <TextLine id="r2l74" custom="readingOrder {index:73;}">
                <Coords points="1607,3604 2803,3635 2803,3599 2736,3580 1608,3563"/>
                <Baseline points="1617,3596 1675,3597 1734,3597 1793,3598 1852,3600 1911,3601 1969,3602 2028,3603 2087,3605 2146,3606 2205,3608 2263,3609 2322,3610 2381,3612 2440,3613 2499,3615 2557,3616 2616,3617 2675,3619 2734,3620 2793,3622"/>
                <TextEquiv>
                    <Unicode>leben „Abschied vom Regiment": stellte sich ebenfalls bei</Unicode>
                </TextEquiv>
            </TextLine>
            <TextLine id="r2l75" custom="readingOrder {index:74;}">
                <Coords points="1607,3638 2654,3679 2784,3675 2801,3636 1608,3604"/>
                <Baseline points="1615,3638 1673,3640 1732,3642 1791,3643 1850,3645 1909,3646 1967,3648 2026,3649 2085,3650 2144,3652 2203,3653 2261,3654 2320,3656 2379,3657 2438,3658 2497,3659 2555,3660 2614,3661 2673,3662 2732,3663 2791,3664"/>
                <TextEquiv>
                    <Unicode>der gelungenen Neuaufführung im Schiller=Theater</Unicode>
                </TextEquiv>
            </TextLine>
            <TextLine id="r2l76" custom="readingOrder {index:75;}">
                <Coords points="1612,3681 1659,3695 1667,3690 1677,3695 1683,3690 1690,3696 1701,3687 1720,3692 1722,3671 1692,3667 1683,3657 1664,3656 1650,3646 1632,3653 1623,3644 1614,3643"/>
                <Baseline points="1621,3682 1651,3683 1681,3686 1711,3688"/>
                <TextEquiv>
                    <Unicode>ein,</Unicode>
                </TextEquiv>
            </TextLine>
            <TextLine id="r2l77" custom="readingOrder {index:76;}">
                <Coords points="1744,3698 1890,3709 1972,3676 2040,3707 2257,3715 2320,3684 2405,3722 2795,3721 2796,3672 2744,3667 1745,3655"/>
                <Baseline points="1753,3686 1804,3686 1856,3687 1908,3688 1959,3689 2011,3690 2063,3691 2114,3693 2166,3694 2218,3696 2270,3698 2321,3699 2373,3701 2425,3702 2476,3704 2528,3704 2580,3705 2631,3706 2683,3706 2735,3705 2787,3705"/>
                <TextEquiv>
                    <Unicode>wie dies seinerzeit im Lessing=Theater der</Unicode>
                </TextEquiv>
            </TextLine>
            <TextLine id="r2l78" custom="readingOrder {index:77;}">
                <Coords points="1605,3736 2800,3768 2801,3716 1606,3680"/>
                <Baseline points="1614,3731 1672,3729 1731,3729 1790,3728 1849,3729 1908,3730 1967,3731 2026,3733 2085,3734 2144,3736 2203,3738 2261,3740 2320,3742 2379,3744 2438,3746 2497,3747 2556,3748 2615,3749 2674,3749 2733,3748 2792,3747"/>
                <TextEquiv>
                    <Unicode>Fall war. Dieses überaus geschickt nach dem Leben</Unicode>
                </TextEquiv>
            </TextLine>
            <TextLine id="r2l79" custom="readingOrder {index:78;}">
                <Coords points="1602,3780 1773,3786 1855,3766 1875,3784 1945,3793 2049,3785 2049,3753 2020,3735 1927,3748 1891,3730 1841,3747 1821,3734 1771,3743 1751,3727 1602,3739"/>
                <Baseline points="1612,3780 1637,3778 1662,3776 1687,3775 1712,3774 1738,3774 1763,3773 1788,3773 1813,3774 1839,3774 1864,3774 1889,3774 1914,3775 1940,3775 1965,3775 1990,3775 2015,3775 2041,3775"/>
                <TextEquiv>
                    <Unicode>gezeichnete Nachtbild</Unicode>
                </TextEquiv>
            </TextLine>
            <TextLine id="r2l80" custom="readingOrder {index:79;}">
                <Coords points="2083,3777 2109,3793 2129,3781 2142,3790 2151,3781 2160,3787 2180,3773 2228,3779 2246,3794 2318,3780 2318,3754 2299,3746 2272,3753 2250,3738 2214,3755 2187,3755 2162,3740 2083,3755"/>
                <Baseline points="2092,3779 2119,3777 2146,3776 2173,3776 2200,3776 2227,3778 2254,3778 2281,3780 2308,3781"/>
                <TextEquiv>
                    <Unicode>mit der</Unicode>
                </TextEquiv>
            </TextLine>
            <TextLine id="r2l81" custom="readingOrder {index:80;}">
                <Coords points="2314,3780 2384,3803 2545,3787 2645,3809 2694,3794 2787,3810 2800,3808 2801,3753 2577,3749 2531,3766 2490,3749 2444,3759 2406,3738 2314,3747"/>
                <Baseline points="2323,3782 2349,3784 2375,3785 2401,3786 2427,3787 2453,3787 2479,3788 2505,3788 2531,3788 2557,3788 2583,3789 2609,3789 2635,3789 2661,3790 2687,3790 2713,3791 2739,3792 2765,3792 2791,3794"/>
                <TextEquiv>
                    <Unicode>düsteren Katastrophe</Unicode>
                </TextEquiv>
            </TextLine>
            <TextLine id="r2l82" custom="readingOrder {index:81;}">
                <Coords points="1605,3817 2748,3855 2809,3845 2810,3811 1606,3781"/>
                <Baseline points="1614,3817 1673,3816 1732,3816 1791,3816 1851,3816 1910,3817 1969,3818 2029,3819 2088,3820 2147,3821 2207,3823 2266,3824 2325,3826 2384,3827 2444,3829 2503,3830 2562,3832 2622,3834 2681,3835 2740,3836 2800,3837"/>
                <TextEquiv>
                    <Unicode>ist ein Vorgänger der Hartleben'schen Offiziers=Tragödie:</Unicode>
                </TextEquiv>
            </TextLine>
            <TextLine id="r2l83" custom="readingOrder {index:82;}">
                <Coords points="1610,3858 2718,3894 2791,3864 1610,3817"/>
                <Baseline points="1618,3859 1676,3859 1734,3860 1792,3860 1850,3861 1909,3861 1967,3862 2025,3863 2083,3864 2141,3865 2200,3866 2258,3867 2316,3869 2374,3870 2432,3872 2491,3874 2549,3875 2607,3877 2665,3879 2723,3882 2782,3884"/>
                <TextEquiv>
                    <Unicode>„Rosenmontag“. Rudolf Lettinger war in der Darstellung</Unicode>
                </TextEquiv>
            </TextLine>
            <TextLine id="r2l84" custom="readingOrder {index:83;}">
                <Coords points="1595,3895 2802,3939 2803,3894 2739,3882 1596,3856"/>
                <Baseline points="1604,3901 1663,3901 1723,3902 1782,3903 1842,3903 1901,3904 1961,3905 2020,3906 2080,3907 2139,3909 2199,3910 2258,3911 2318,3912 2377,3914 2437,3915 2496,3917 2556,3918 2615,3920 2675,3922 2734,3924 2794,3925"/>
                <TextEquiv>
                    <Unicode>des vom Liebesmahl seines Regiments heimkehrenden und als</Unicode>
                </TextEquiv>
            </TextLine>
            <TextLine id="r2l85" custom="readingOrder {index:84;}">
                <Coords points="1601,3940 2800,3986 2801,3941 2702,3918 1602,3902"/>
                <Baseline points="1610,3943 1669,3943 1728,3944 1787,3944 1846,3945 1905,3946 1964,3947 2023,3949 2082,3950 2141,3951 2200,3952 2259,3954 2318,3956 2377,3957 2436,3959 2495,3960 2554,3962 2613,3963 2672,3964 2731,3965 2791,3966"/>
                <TextEquiv>
                    <Unicode>Rächer seiner besndelten Mannesehre so tragisch in den Tod</Unicode>
                </TextEquiv>
            </TextLine>
            <TextLine id="r2l86" custom="readingOrder {index:85;}">
                <Coords points="1596,4000 2782,4029 2799,3990 1597,3950"/>
                <Baseline points="1604,3986 1663,3985 1722,3985 1781,3986 1841,3986 1900,3987 1959,3989 2019,3991 2078,3992 2137,3994 2197,3996 2256,3998 2315,4000 2374,4001 2434,4003 2493,4004 2552,4005 2612,4006 2671,4006 2730,4006 2790,4005"/>
                <TextEquiv>
                    <Unicode>getriebenen Hauptmanns tadellos, ja mehr als das, er stellte</Unicode>
                </TextEquiv>
            </TextLine>
            <TextLine id="r2l87" custom="readingOrder {index:86;}">
                <Coords points="1598,4044 2757,4066 2792,4022 1599,3995"/>
                <Baseline points="1608,4024 1666,4025 1725,4026 1784,4027 1843,4028 1901,4030 1960,4031 2019,4033 2078,4034 2136,4036 2195,4037 2254,4039 2313,4041 2371,4042 2430,4043 2489,4044 2548,4045 2606,4046 2665,4047 2724,4048 2783,4048"/>
                <TextEquiv>
                    <Unicode>mit dieser, so warm empfundenen, in jedem Stimmungs= und</Unicode>
                </TextEquiv>
            </TextLine>
            <TextLine id="r2l88" custom="readingOrder {index:87;}">
                <Coords points="1603,4071 2620,4109 2755,4106 2790,4064 1604,4042"/>
                <Baseline points="1612,4067 1670,4067 1728,4068 1787,4069 1845,4070 1904,4072 1962,4073 2020,4075 2079,4077 2137,4078 2196,4079 2254,4081 2312,4083 2371,4084 2429,4086 2488,4087 2546,4089 2604,4090 2663,4091 2721,4092 2780,4093"/>
                <TextEquiv>
                    <Unicode>Affekttone naturechten Leistung die des ersten Darstellers in</Unicode>
                </TextEquiv>
            </TextLine>
            <TextLine id="r2l89" custom="readingOrder {index:88;}">
                <Coords points="1590,4113 2789,4135 2712,4093 1591,4065"/>
                <Baseline points="1598,4108 1657,4110 1716,4111 1775,4113 1834,4115 1893,4116 1952,4118 2011,4119 2070,4121 2129,4122 2189,4124 2248,4125 2307,4127 2366,4128 2425,4129 2484,4131 2543,4133 2602,4134 2661,4136 2720,4137 2780,4139"/>
                <TextEquiv>
                    <Unicode>den Schatten. Da auch Frau Wasa als untreue Gattin,</Unicode>
                </TextEquiv>
            </TextLine>
            <TextLine id="r2l90" custom="readingOrder {index:89;}">
                <Coords points="1729,4146 1803,4147 1831,4181 1842,4182 1849,4124 1825,4124 1814,4129 1786,4120 1763,4132 1751,4123 1731,4124"/>
                <Baseline points="1738,4145 1770,4146 1803,4149 1836,4157"/>
                <TextEquiv>
                    <Unicode></Unicode>
                </TextEquiv>
            </TextLine>
            <TextLine id="r2l91" custom="readingOrder {index:90;}">
                <Coords points="1909,4163 1927,4162 1931,4166 1934,4166 1940,4162 1945,4165 1954,4165 1956,4127 1945,4127 1944,4125 1936,4126 1935,4124 1929,4126 1926,4122 1911,4121"/>
                <Baseline points="1918,4155 1946,4156"/>
                <TextEquiv>
                    <Unicode></Unicode>
                </TextEquiv>
            </TextLine>
            <TextEquiv>
                <Unicode>box 14/8
Telephon 12801.
Alex. Welgl’s Unternehmen für Zeitungs-Ausschnitte
#ee Ausschnitt
„OBSEIVEN Nr. 84
L. österr. behördl. oono. Bureau für Zeitungsberichte u. Personalnachrichten
Wien, I., Concondiaplatz 4.
Vertestunge in Berlin, Budapest, Chicago, Genf, London, Newyork, Paris, Rom,
Stockholm, Kristiania, St. Petersburg.

Ausschnitt aus:
Staa. Actsgs.-Zöitung, Berm
vom: % 705
K
Aus der Theater- und Kunstwelt.
Schiller=Thater O. Nur wenige Wochen noch, und
jauch die Schillerbühze hat ihre sommerliche Ruhepause. Sie hat
ffleißig gearbeitet und doppelt gearbeitet, da sie für das
Publikum im Osten sowohl, wie im Norden sorgen muß. Der
neue Einakter=Abend, mit welchem sie im O.=Theater soeben
hervorgetreten ist, legt dafür wieder das vollgiltigste Zeugnis
ab. Schnitzlen's überans personenreiche, tumultuarische
und schwer zu infzenierende Tragikomödie: „Der grüne
Kakadu“, vom Heutschen Theater her als eine der originellsten
und bedentsamsten Schöpfungen des Wiener, Dramatikers bekannt,
ist nunmehr auch dem Spielplan des Schiller=Theaters einver¬
leibt worden und fand die glänzendste Aufnahme, obwohl der
Bühne für die Hauptrolle des unglücklichen Schauspielers (nelusive
„Heuri, der den Verführer seines Weibes erdolcht, kein so hin= IPorto.
reißender Vertreter, wie Joseph Kainz, zur Verfügung steht. Zahlbar
Es lag im Wesem des genialen Kainz, daß damals bei der Im Voranz.
ersten Vorführtng des „grünen Kakadus“
jener Heuri
mit seinem idyllischen Glücks=Traum
e ist das
und seister-sht es den
wilden Eifersucht,
mit der grotesken Liebe zur sern.
Zeichtfertigsten aller Coulissen=Heldinnen und mit der durch
den revolutionären Bastille=Sturm noch estra erhitzten Phau= hitend die
tasie über die anderen Darsteller des wilden Kabaretts, in
welchem Schein und Wirklichkeit wie ein traumhaftes Nacht= Morgen¬
Zeitung")
bild zusammenfließen, um ein bedeutendes Maß hinauswuchs. bschaftliche
Der imposante Eindruck der Dichtung basierte in dem
Diese Mit¬
szenischen Wirkel und in des Dialoges Fülle an geistreichem Witz
und cynischem Spott vorwiegend auf die fesselnde Gestaltungs¬
kkraft eines gefeierten Virtnosen. Es darf nun zugestanden
werden, daß Rudolf Lettinger als Darsteller des
(„ Heuri“ im Schiller=Theater eine durchaus sehr schätzbare
Leistung bot, die naturgemäß, da sie weit mehr im Rahmen
des Cusembles stand, auch den erforderlichen Spielraum für
das
Interesse an den anderen Charakterfiguren übrig
ließ.
Das konnte man am besten an den treff¬
lichen
Leistungen der Herren Holthaus und Stein¬
rück in den Reuen des dramatischen Kneipenwirts
urd des reellen Tantenmörders wahrnehmen. Wenn schon
Freiheit, Gleichheit und Brüderlichkeit die Parole der neuen
Zeit war.—die mit dem Bastille=Sturm anhoo, so scheint der
Autor auch die Absicht gehabt zu haben, den vielen Personen
seiner revokutionär brodelnden Handlung ein gleiches Maß
von lebendig=charakteristischem Interesse seinzuräumen. So sei
denn allen Darstellern, ohne sie weiter persönlich noch
hervorzuheben, auch das gleiche Maß von Anerkennung nicht
vorenthalten. Sie waren sämtlich bestens bemüht, unter der
Leitung einer geschickten Regie, dem „grünen Kakadu“ auch in
der Wallirer=Theaterstraße einen durchgreifenden Erfolg zu
sichern. Die große dramatische Spannkraft und die er¬
schütternde Wirkung des militärischen Einakters von Hart¬
leben „Abschied vom Regiment": stellte sich ebenfalls bei
der gelungenen Neuaufführung im Schiller=Theater
ein,
wie dies seinerzeit im Lessing=Theater der
Fall war. Dieses überaus geschickt nach dem Leben
gezeichnete Nachtbild
mit der
düsteren Katastrophe
ist ein Vorgänger der Hartleben'schen Offiziers=Tragödie:
„Rosenmontag“. Rudolf Lettinger war in der Darstellung
des vom Liebesmahl seines Regiments heimkehrenden und als
Rächer seiner besndelten Mannesehre so tragisch in den Tod
getriebenen Hauptmanns tadellos, ja mehr als das, er stellte
mit dieser, so warm empfundenen, in jedem Stimmungs= und
Affekttone naturechten Leistung die des ersten Darstellers in
den Schatten. Da auch Frau Wasa als untreue Gattin,

</Unicode>
            </TextEquiv>
        </TextRegion>
    </Page>
</PcGts>
