3436 4224
2077 169 2544 275 box 15/5
314 175 2002 281 9.4. Der Brnche Kakadu— Zkins
504 1196 3429 1265 steudig den Weg zi einer Auseinandersetzung. Sotischen Großmuth ohnegleichen geleitet ist, Anerken=] Der im Jahle 1630-abgeschlossene= Lohue
2661 1248 3041 1316 S
1460 1248 1597 1324 Kn
2573 1313 3430 1360 Frau verdunkelte, vergeht im Lichte philosop
589 1312 2581 1366 Die Fortsetzung des Nomans „Eine Geldheirat“] Junker begegnet, der vergebens um die Gunst Justinens
1540 1355 3427 1410 wirbt. Nun macht er sie glauben, daß sie einmal kenntniß, und Paracelsus überläßt scheidend die
505 1368 1333 1422 von Pierre Sales befindet sich auf Seite 13.
2570 1391 3406 1481 Gatten ihrem wiedergewonnenen Glücke mit
1537 1400 2586 1470 in dessen Armen geruht habe, und will sie zur Strafe für
2572 1446 2888 1526 lichen Worten:
1542 1447 2588 1508 den dem herrlichen Weibe gar nicht ebenbürtigen Waffen¬
733 1443 1232 1547 Feuilleton.
2746 1469 3433 1552 „Was ist nicht Spiel, das wir auf Erden treibe
1540 1503 2596 1576 schmied in diesem Wahne belassen. Aber der unheimliche,
388 1487 760 1606 r
2742 1525 3418 1590 Und schien' es noch so groß und tief zu sein!
1538 1549 2604 1616 von seiner Rachsucht verblendete Zauberer, von dem die
2732 1572 3401 1623 Mit wilden Söldnerschaaren spielt der Eine,
637 1561 1408 1663 Eine Trilogie der Illusion.
1541 1588 2608 1662 Sage meldet, daß er den Stein der Weisen besessen habe,
2732 1610 3423 1664 Ein And'rer spielt mit tollen Aberglabischen,
529 1610 1530 1711 Arthur Schnitzler's „Paracelsus“, „Die Gefährtin“ und
1536 1624 2600 1693 muß zu seinem Schrecken bemerken, daß auch er, der Un¬
2740 1650 3395 1720 Vielleicht mit Sonnen, Sternen irgend wer,
677 1683 1374 1763 —„Der grüse Kakadu“ im Burgtheater.
2731 1678 3361 1745 Mit Menschenseelen spielte ich. Ein Sinn
1532 1684 2595 1745 widerstehliche, nur Spieler war, wo er Autor zu sein
2736 1719 3405 1798 Wird nur von dem gefunden, der ihn sucht.
1554 1732 2595 1798 glaubte. Im Herzen Justinens haben sich spontane Wünsche
601 1731 1545 1807 Alles Leben ist nur ein waches und nicht immer
2738 1760 3381 1813 Es fließen ineinander Traum und Wachen,
1555 1781 2600 1844 mit dem suggerirten Erlebnisse gemischt, und sie gesteht
505 1782 1554 1850 wahres Träumen. Wir bilden uns ein, die Herren des
2743 1805 3404 1856 Wahrheit und Lüge. Sicherheit ist nirgends.
1546 1816 2606 1891 viel mehr als sie gestehen sollte. Das ihr im magnetischen
2745 1824 3433 1894 Wir wissen nichts von Andern, nichts von uns.
505 1837 1557 1915 bunten Spieles zu sein, das uns umgankelt, und sind meist
2743 1871 3362 1929 Wir spielen immer, wer es weiß, ist klug.
1550 1872 2613 1955 Schlafe vorgespiegelte Bild hat einen in den geheimsten
510 1880 1548 1944 dessen Selaven. Andere träumen von uns, wie wir von
2742 1901 3357 1988 Lebt wohl, Ihr Guten, Paracelsus geht.“
1542 1928 2605 1986 Tiefen ihrer Seele begrabenen Traum der Sehnsucht
503 1932 1555 1996 ihnen, und die sich die Helden der phantastischen Traum¬
2673 1948 3433 2031 Den Gehalt des poetischen Schausp
1543 1971 2595 2033 ausgelöst; sie verräth, was sie selbst einst an einem
514 1973 1560 2042 komödie dünkten, erfahren eines Tages, daß sie bloße
1557 1993 3437 2076 Mondscheinabend im einsamen Gartenhause wünschte. Erst tiefer zu ergründen und verständlicher hera
516 2024 1544 2091 Mitspieler oder Statisten waren. Aus dieser nicht neuen,
2589 2061 3413 2118 wird die Aufgabe der Darsteller sein, vor
1549 2051 2591 2126 der energische ehrliche Protest des Junkers klärt den er¬
512 2058 1553 2144 aber fruchtbaren Idee heraus, die als unklare Empfindung
2582 2087 3435 2171 Herrn Robert, dessen Paracelsus zuweile
1546 2107 2594 2174 staunten Paracelsus darüber auf, daß sein Medium
517 2121 1559 2195 wohl auch den nüchternsten Realisten und Mann der
2581 2157 3417 2219 daß er der Spiritus rector der Handlung ist.
1544 2160 2596 2238 nur eine Gedankensünde begangen hat, und er entschließt
510 2168 1555 2237 Praxis einmal beschleicht, so daß er sich und die Dinge
1558 2201 3427 2270 sich, edel genug, die nicht vorhergesehenen unheil= das Stück auch den Zuschauern besser gefallen
518 2219 1560 2270 um ihn her wie von einem magischen Schleier verhüllt
1552 2251 3439 2320 vollen Folgen der ersten Hypnose durch eine zweite, ersten Abend offenbar nicht recht wußten, wa
515 2268 1549 2322 sieht, sind die drei kleinen, aber bedeutungsvollen Stücke
1548 2300 3439 2373 welche die ganze Wahrheit an den Tag bringt, halten sollten. Frau Schratt und Herrn
516 2309 1561 2381 Arthur Schnitzler's entstanden, die wir eine Trilogie der
1545 2328 3436 2418 zu paralysiren. Nur wenige Stunden, bis zum Abend finden wir vortrefflich; sie mögen nur so bi
514 2357 1010 2444 Illusion nennen möchten.
2587 2392 2771 2462 sie sind!
1555 2391 2593 2457 „dieses reichen Tages“, soll Justina gezwungen sein, die
599 2393 1550 2475 Der ehren= und handfeste Baseler Wassenschmied
2669 2412 3414 2506 Bei „Paracelsus“ geht die Fabel in
1557 2448 2595 2501 Wahrheit zu sagen. Der einfältige Gatte fragt: „Warum
520 2449 1562 2509 Cyprianus, der breitbeinig und selbstgewiß auf dem wohl¬
2582 2480 3435 2537 gehandhabten Form des einactigen Schausp
1552 2492 2583 2555 bis Abend nur?" und Paracelsus antwortet: „Es ist
516 2499 1561 2574 gezimmerten Boden seines soliden Bürgerthums steht und
2581 2523 3441 2607 Rest auf; bei dem zweiten der Schnitzler'sche
1555 2531 2593 2600 genug. Ihr werdet froh sein, daß die Sonne sinkt — und
519 2545 1564 2613 die Tugend seines schönen, vielumworbenen Weibes im
2589 2566 3424 2650 „Die Gefährtin“ aber spinnen sich von dem en
1549 2587 2597 2654 wenn sie aller Frauen beste wäre". Justina bekennt ihre
516 2593 1558 2660 Vertrauen auf seine Mannhaftigkeit für unanfechtbar hält,
2586 2609 3439 2688 zur breiteren Novelle zähe Fäden hinüber, die
1551 2625 2592 2687 Schwächen: wäre Paracelsus in der Nacht, als er vor
521 2644 1551 2703 muß aus Justinas eigenem Munde hören, wie schwankend
2585 2673 3435 2737 rissen, noch durchschnitten werden könnten. Wir
1551 2676 2596 2742 dreizehn Jahren die Stadt verließ, nochmals zurückgekehrt,
510 2694 1563 2753 und zweifelhaft das Fundament seines Glückes war und
2593 2722 3435 2780 ob die Erzählung, die uns vorschwebt, geschriel
1560 2728 2595 2794 sie hätte sich ihm hingegeben, und bliebe der Junker,
518 2737 1552 2813 ist. Theophrastus von Hohenheim, der Jugendgeliebte
2581 2768 3420 2836 ist, aber wir glauben, in der Erinnerung
1556 2762 2600 2828 anstatt Abschied zu nehmen oder die junge Schwester
513 2791 1561 2859 Justinens, kehrt als berühmter Wunderdoctor in die
2579 2815 3422 2873 derartige Meisterwerke des Dichters, daß si
1551 2821 2592 2884 Cyprians zu ehelichen, noch länger im Hause, so könne
514 2829 1556 2888 Stadt seiner Studien zurück und rächt sich für den
2589 2863 3431 2921 hätte, geschrieben zu werden. Der Illusus, der
1547 2868 2585 2944 sie so wenig für ihre Zukunft einstehen, wie für die Ver¬
518 2870 1553 2954 herausfordernden Hohn seines ehemaligen glücklichen
2592 2901 3434 2969 ist hier wiederum ein Ehemann, diesmal aber
1551 2914 2582 2973 gangenheit. Fehlte also dem Stein bisher der Weise, so
510 2929 1552 2997 Nebenbuhlers dadurch, daß er, „der Kenner der Höhen
2580 2956 3426 3010 und bewußt betrogener. Seine Illusion trit
1550 2969 2595 3022 zeigt nun der weise Gewordene, daß er werth ist, den
511 2956 1552 3026 und Tiefen“, auf dem Wege der Hypnose die tugend¬
2581 3005 3435 3063 scheidener auf, als die seines trotzigen, übermüt
1557 2995 2598 3078 Stein zu besitzen. Er hat Fluch gesät und Segen ge¬
511 3003 1570 3097 hafte Frau in eine verzweifelte Sünderin verwandelt.
524 3082 3438 3140 Paracelsus ist im Hause Cyprians einem hübschen sterutet. Der Schatten, welcher die Jugend der schönen gängers. Denn sie besteht in der melancholi
520 3201 1566 3306 reits nach Wien zurückgekehrt — brachte dabei mehreres
2256 3109 2641 3327 ent
514 3273 1549 3343 Piecen von Mozart 2c. zur Aufführung. Zahlreiche Neger¬
527 3314 1558 3402 sclavinnen, in bunten Gewändern und mit Schmuck über¬
520 3371 1555 3443 laden, reichten Cigaretten, Kafsee, Liqueure und Obst in
519 3427 1250 3521 silbernen und goldenen Schalen herum.
642 3446 1558 3536 * (Von der Kunstgewerbeschule.) Unter wohl¬
530 3514 1561 3596 verdienten Ehrenbezeigungen, zu denen wir auch die
529 3565 1556 3641 Spitzenausstellung zählen, welche von seinen großen Ver¬
516 3620 1575 3691 diensten berichtet, hat Hofrath v. Storck gestern den
524 3673 1565 3752 Rücktritt von der Direction der Kunstgewerbeschule voll¬
527 3694 1576 3787 zogen. Mit der Leitung der Anstalt ist nun Professor
533 3751 1579 3830 v. Myrbach betraut worden, und wir sehen in dieser
526 3791 1583 3866 Wahl eine Garantie dafür, daß mit der ernsten künstle¬
539 3844 1570 3922 rischen Tradition der Anstalt nicht gebrochen wird. Myr¬
535 3882 1578 3981 bach ist ein feinsinniger, geschmackvoller Künstler von
534 3936 1573 4012 großer Erfahrung und einer Internationalität, welche ihn
545 3984 1580 4062 auch da als competent erscheinen läßt, wo die jetzt so
537 4026 1589 4106 scharf betonte commercielle Bedeutung des Kunstgewerbes
536 4078 1571 4166 in Frage kommt. Vor nicht langer Zeit hatten wir an¬
1150 4086 1636 4187 kleingn Musterana 1
765 4131 1146 4195 —
589 4150 698 4193 W
