3436 4256
1373 172 1886 266 box 15/3
780 182 1343 255 uene Kakadu
523 196 645 264 er
251 197 1271 306 9. 3 neneneneneee
1098 909 1484 984 Telephon 12.801.
1246 1034 1287 1081 7
603 984 1225 1128 „OBSERVER“
378 1124 1472 1186 l. österr. behördl. konz. Unternehmen für Zeitungs-Ausschaltte
514 1179 1355 1268 Wien, I., Concbrdiaplatz 4.
715 1257 1149 1333 Vertretungen
380 1318 1460 1368 in Berlin, Budapest, Chicago, Christiania, Genk, Kopen¬
389 1359 1466 1414 hagen, London, Madrid, Mailand, Minneapolis, New-Vork,
425 1414 1436 1460 Paris, Rom, San Francisco, Stockholm, St. Petersburg.
722 1443 1138 1495 (Quellenangabe ehne Gewähr).
368 1475 980 1559 Ausschnitt aus: amt
920 1548 1243 1640 Hamburg
368 1565 870 1652 vom: 17181915
714 1777 1285 1870 Kleines Feuilleten.
1031 1852 1586 1934 Hamburg, den 19. Februar.
463 1914 1625 1982 W. [Altonaer Stadttheater.] Der Wiener Schriftsteller Arthur
363 1943 1622 2025 Schniulor ist ein begabter und erfolgreicher Schilderer, vor¬
363 2001 1616 2067 nehmlich jener Welt, die jedem Manne, dem nichts Menschliches
368 2028 522 2081 fremd
523 2032 977 2088 geblieben, vertraut
1092 2043 1615 2103 über die Grenzlinien
371 2069 1623 2131 dieser Welt ist Schnitzler in seiner einaktigen Groteske
366 2127 1611 2185 „Der grüne Kakadu“ hinausgegangen und das so¬
374 2150 1614 2225 gar recht erheblich. Er erscheint hier mit einem historischen
371 2196 1621 2266 Mäntelchen. Das Stück spielt um die Zeit der Erstürmung der
365 2242 1620 2299 Bastille in einer Pariser Kellerkneipe „Zum grünen Kakadu“. Der
361 2273 1612 2345 Wirt ist ein abgetakelter Theaterdirektor, seine Kundschaft setzt sich
366 2323 1617 2357 zusammen aus wirklichen Verbrechern, Schauspielern, die den Ver¬
367 2348 1605 2420 brecher markieren, und blasierten Herren und Damen vom Hofe, die
365 2385 1605 2459 kommen, um ihre erschlafften Nerven an dem ungewöhnlichen
356 2428 1604 2500 Milien und den hier gebotenen Vorgängen zu erregen. Alle
364 2478 1598 2537 Schranken zwischen den Ständen sind gefallen. Alles duzt sich,
360 2516 1614 2588 alles wälzt sich nicht nur symbolisch im Kote und tituliert sich als
371 2556 1593 2618 Schwein. Um den Sumpf aber vor völliger Stagnierung zu be¬
366 2585 1597 2664 wahren, ist jeder der Schauspieler=Gäsie von dem Wirt=Direktor ver¬
365 2630 1591 2699 halten, irgend eine schauerliche Erfindung so zu erzählen, daß man
361 2660 1599 2735 an deren Wahrheit glauben könnte. Der Schauspieler Henri, der
348 2705 1601 2776 am Tage vorher die leichtfertige Schauspielerin Leocadie geheiratet
359 2755 1595 2810 hat, erzählt unter allen Merkmalen einer heftigen inneren Er¬
361 2789 1587 2857 schütterung, daß er soeben den Herzog von Cadignon aus Eifersucht
357 2827 1591 2893 ermordet habe. Es ist bloße Erfindung, was er erzählt. Als aber
348 2872 1584 2939 der von der Natürlichkeit dieses Spiels selbst getäuschte Wirt, um
352 2918 1599 2980 ihn zu beruhigen, ihn versichert, der Herzog habe sein Schicksal ver¬
350 2941 1584 3018 dient, denn er sei wirklich der Liebhaber Leocadies gewesen, wirft
346 2987 1591 3054 sich Henri auf den eben eintretenden Herzog und sticht ihn nieder.
351 3029 1586 3087 Das darauf hin entstehende Getümmel wird von dem von der
348 3072 1592 3128 Straße hereindringenden Ruf: „Es lebe die Freiheit!“ überlärmt.
353 3105 1589 3165 Die Bastille ist gefallen, die bisher im Keller im Spiel proklamierte
341 3149 1576 3198 Herrschaft der Kanaille ist auf der Straße zur Wahrheit geworden.
349 3186 1580 3249 Ohne Anspruch auf literarische Wertschätzung zu erheben, ist das
342 3228 1579 3284 Stückchen von enem kräftigen dramatischen Pulsschlag belebt, der
342 3281 1571 3327 in der Anordnung des Regisseurs Herrn Arthur Wehrlin und
343 3293 1579 3371 in der temperamentvollen Darstellung der Herren Ewald Bach
339 3346 1582 3389 (Henri), Gotthardt (Philosoph Grassel), Finner (Wirt),
342 3375 1577 3437 Taeger (Herzog) und Ausspitz und der Damen Bauer
343 3424 1585 3466 (Leocadie), Straßmann=Witt und Kobold bei seiner
336 3465 1588 3536 gestrigen neu einstudierten Aufführung auch zur entsprechenden
341 3501 705 3569 Wirkung gelangte.
2123 1591 2742 1726 Klose & Seidel
2029 1678 2848 1776 Bureau für Zeitungeausechnitte.
1982 1747 2889 1862 Berlin NO. 43, Georgenkirchplatz 211
2047 1849 2831 1962 (Liest die meisten Zeitungen und ist das
2054 1910 2839 2009 bestorganisierteste Bureau Deutschlands.)
2232 2014 2406 2087 Han
2598 2019 2840 2109 Corresp
2624 2071 2895 2142 —
1832 2102 2092 2181 Zeitung:—
1854 2205 2019 2294 Ort: —
2303 2295 2542 2391 +
1854 2317 2116 2391 Datum: —
2180 2428 2864 2544 Kleinee Feuilleton.
2194 2564 2833 2670 Hitonaer Stadttheater.
2104 2620 2888 2716 Groleske nennt Artbur Schnitzler
2220 2672 2824 2749 : Der grüne Kakadu; ei
2095 2708 2146 2765 on
1886 2716 1964 2783 R
2261 2711 2789 2798 Lustigkeit mancher Szenen t
1918 2767 1953 2816 a
2280 2750 2781 2831 und der Ernst, der sich b
2294 2792 2759 2865 schwül. Mit phantastische
2337 2838 2749 2906 andlung der Menschhei
1906 2840 1943 2891 40
1912 2886 1960 2929 h
2332 2877 2756 2944 aschend echt und eindri
1920 2923 1967 2972 9
2359 2921 2766 2984 agödie Frankreichs zu
2349 2958 2798 3035 ituationen entnommen, u
1926 2967 1988 3016 fu
2136 2991 2293 3040 ind die
1928 3008 2012 3059 hun
2116 2992 2823 3076 Stimmungen enfesselter Natur geben
3180 3016 3336 3100 1
1931 3046 2055 3101 artias
1937 3024 3171 3124 Farbe. Dies kurze Drama ist mehr wert, als eine fünfaktige
1947 3083 2981 3182 ###ädie und vor allem, es ist interessant und wirksam,
2031 3136 3198 3207 In Wehrlins regsamer Einstudierung bewegte sich die
1960 3203 3208 3259 Darstellung in guter Bahn. Die Hauptrollen wurden von Herrn
1957 3244 3213 3295 Ewald Bach, Frau Straßmann=Witt, Fräulein Bauer,
1958 3271 3212 3334 Herrn Auspiz, Herrn Finner vortrefflich verkörpert und in
1957 3313 3206 3378 kleineren, aber nicht unwichtigen Aufgaben bewährten sich die Herren
1963 3354 2963 3434 Taeger, Spannuth, Wengard und Lassen.
2944 3380 3238 3465 P. Ml. K.
