3248 4256
2430 208 2833 297 box 2/7
962 217 2287 285 des Freiherrn von Leisenbohe
90 220 912 302 17. Das Schicksal
301 259 2323 322 ane auunues Telheiinen nbeng
315 384 1025 466 k#cen brief un Kopenhagen!
452 428 1324 494 Toen vroeg ik naar Reigen — en dr.
1337 480 1450 543 lji
400 482 1326 562 Schnitzler kwam rustig tegenover me staan
1338 512 1463 579 stra
459 549 1328 601 of daar al connecties voor bestonden om
1993 499 2726 613 De Teisgranf, A
401 570 1240 625 het in Holland opgevoerd te krügen?
1340 610 1465 663 Vei
447 618 1326 678 Nee, was fet antwcord, ik geef het uit¬
406 656 1317 713 voeringsrecht van dat stuk niet 200 gauw
1341 681 1474 772 ik
409 704 1326 780 af. Ik wil niet hebben, dat het opgevoerd
1340 744 1450 811 te
403 751 1180 813 wordt met speculatieve doeleinden.
2181 749 2631 849 2 5 APR. 1922
1336 786 1460 848 var
444 788 1323 856 Het is ock onwaar wat men in Duitsch¬
411 848 1330 899 land bij het proces gezegd heeft, dat Rei¬
409 887 1320 947 gen dingen op de planken gebracht heeft,
1333 916 1456 984 reit
410 932 1321 986 die er neg nooit op gewedst waren, en dat
2016 840 2670 1033 KUNST EN LETTEREN
1336 968 1447 1017 aa:
412 971 1313 1028 het gordiin zakt cp zekere momenten. Maar
1339 1010 1446 1073 var
416 1022 1307 1089 in hoeverl tooneelstukken gebeurt dat niet?
1334 1049 1445 1121 val
443 1052 1315 1112 En wat er verder gezegd is dat ik zeif
1330 1099 1454 1159 601
409 1112 1317 1169 dit stuk niet voor opvoering geschikt achtte.
2035 1076 2663 1184 ARTHUR SCHNITZLER.
402 1132 1428 1217 Nee, toen ik het schreef was de decortech¬ smi
1903 1146 2811 1230 Het zal maar weinige“ dagen schelen of
1335 1176 1428 1248 tei
401 1194 1317 1256 niek ook nog miet zco ver. En ik ben er
1889 1204 2811 1267 Schnitzler viert zyf zestigsten verjaurdag
1339 1222 1439 1284 me
307 1176 391 1312 1
412 1240 1321 1308 van avertuigd dat het mct de opvoering
1886 1221 2806 1311 hier te lande. Hij zou het ongerwiifeld kunnen
1896 1268 2807 1344 doen te midden Nan een aantal van zünon¬
408 1278 1072 1350 nog niet heelemaal in orde is!
1894 1313 2813 1400 wrikbaars(e en günzinnigste bewonderaars en
446 1321 1332 1386 Maar dat de inhoud miet voor het tooncel
1896 1344 2811 1411 verwanten en #an zeer velen, die hem ten
409 1368 1315 1431 geschilst zou“ ziln, ik spreek niet gauw in
1891 1388 2804 1475 minste zeker weten te waardeeren met de
404 1418 1315 1487 't openbaar, maar bij dit stuk is zoowveel
1888 1418 2815 1503 eenvoudige enSéerlüke woorden van Alfred
1323 1443 1425 1508 66
410 1463 1313 1513 onwaars gezegd, dat ik het daarbij niet
1890 1466 2800 1556 Kerr: „Er hat uns oft ergriffen, oft nachdenk¬
409 1511 1251 1566 nalaten kon om naar de pen te grifnen.
1881 1491 2507 1573 lich gemacht. Ein Poet ist er.“
1326 1534 1427 1610 he
434 1552 1246 1613 De koffer was intusschen uitgepakt.
1918 1549 2811 1610 Het is niet oneigenaardig, dat „De Eenzame
1889 1574 2797 1656 Weg“, die Verkade bii deze gelegenheid weer on
434 1579 1308 1662 Het wvriendelijk babbeitje dreigde ver¬
294 1582 397 1675 0
1880 1617 2802 1701 het tooneel brengen zal — nadat „Het Schouw¬
396 1639 818 1701 stcord te worden.
308 1650 394 1732 8
1878 1658 2795 1726 tooneel“ hem verleden jaar bracht — een van
438 1663 1310 1741 Mäar op de trap kon ik nog juist vragen
1872 1699 2799 1789 de eerste werken is, een van de voorloopers
403 1723 1309 1776 hoe dr. Schnitzier over de jongere kunst in
1878 1742 2786 1812 eigenlijk van de laatste periode, waarin
409 1776 1310 1839 Weenen dacht, vooral in verband miet de
1881 1773 1999 1829 Schn
1990 1783 2798 1852 itzler nog verkeert, waarin steeds meer
402 1815 1064 1877 economische omtand gbeden.
2093 1831 2796 1898 em van den ouder wordenden man
428 1853 1317 1926 En ook nog juist kon dr. Schnitzler ver¬
2141 1867 2783 1940 elpunt treedt („dr. Gräsler, Ba¬
405 1900 1309 1955 tellen hoe hij absoluut geloofde dat Duitsch¬
2269 1898 2794 1978 va's Heimfahrt“, „Die
398 1946 1319 2006 land en Oostenrijk nog cen periode van bloei
2381 1951 2764 2013 de lnatste, de rüb¬
2461 1993 2604 2045 plukt 2
395 1996 1313 2050 zulien tegemoet gaan, niet alleen maatschap¬
2469 2033 2587 2084 hi in
391 2036 1320 2107 pelijk maar ook geestelijk. Want het is op¬
396 2075 1312 2124 vallend hoe juist onder deze financieele
393 2125 1315 2193 moeilijkheden de geestelijke arbeiders mer
399 2160 944 2232 alle kracht werken om,
427 2204 1304 2283 Ha, riep cen vrouwestem, toch cen inter¬
401 2253 932 2318 view, toch cen interview.
1315 2267 1400 2368 *
433 2283 1307 2363 Maar dr. Schnitzler schudde energiek #'n
391 2352 1308 2415 hoofd, maar drukte toch miin hand met een
389 2381 620 2443 harteljjk:
2679 2425 2751 2473 ahr,
419 2414 1081 2495 Grüsz Gott, auf wiederschen.
2656 2466 2756 2514 enze
2429 2536 2772 2612 de methode van
435 2530 1175 2622 NIEUWE UITGAVEN
1363 2559 1420 2634 00
2449 2594 2622 2669 matische
2465 2657 2556 2704 de n
2476 2695 2573 2753 welift
1063 2688 1146 2768 444
2461 2736 2546 2821 aker
827 2669 1134 2846 Giner
419 2692 718 2856 unde
2419 2802 2631 2863 mperament.
2389 2849 2694 2906 d toe. Bira al
2275 2886 2765 2954 ning, analyse, nuance,
2253 2924 2448 2974 Samenvatt
2568 2930 2769 2987 espanner.
2233 2953 2501 3016 bij dezen ge
2548 2970 2762 3025 ligen, iet¬
2238 3001 2458 3056 eenschen d
387 2975 1104 3076 be Telsgraal, Amsteruner
2531 3007 2761 3058 niet zoe-
2182 3041 2436 3093 n fiiné, omzie
2513 3049 2768 3104 ediagnose:
2180 3078 2769 3137 ingrifpen laat hij een ander;
2121 3121 2773 3180 nde begaafdste en füinste Com¬
1852 3151 1950 3201 men
2110 3159 2774 3220 lvers en verklaarders van er.
1846 3191 2027 3246 over cey
667 3152 1103 3266 2 5·4PR 1922
2060 3198 2759 3245 vorige generatie. maar een drama¬
1835 3232 2767 3301 tisch schriver en schepper van gestalten is
1837 3262 2759 3351 hij niet: daartoe ontbreekt hem de kracht en
1826 3303 2102 3362 het geloof.
1876 3337 2766 3408 Men weet misschien, dat hif in ziin Jeugd
560 3358 1255 3457 De komst van Arthur Schnitzler.
1828 3386 2762 3457 aarzeide tüsschen toopassing van ziin psycho¬
1825 3421 2762 3485 logischen drang tot erkennen als vorscher of
483 3421 1387 3502 AMSTERDAM, 24 April. — Nadat het, door
1835 3457 2749 3529 als dichter en dat hij Freud’s inzichten min
439 3466 1379 3538 een lichte ongesteldheid „van dr. Arthur
1830 3498 2742 3579 of meer voorvoeld on voorzegd heeft. Het ver¬
451 3498 1375 3583 Schnitzler onzeker was geworden of hij op den
1826 3536 2366 3598 klaart veel in ziin werk.
455 3547 1367 3621 vastgestelden datum in ong lanfl zou kunnen
1868 3569 2745 3647 Joseph Körner, die kort geleden een zeer
459 3586 1361 3662 ziin, meldt men ons thans uit Den Haag, dat
1830 3623 2756 3678 interessant, waardeerend en kritisch boek over
465 3620 1371 3696 deze bekende Oostenrijksche auteur daar mor¬
1820 3647 2753 3729 Schnitzler publiceerde (X), verdeelt zin werk#
464 3653 1384 3741 gen aankomt. In de kunstzaal Kieykamp zal
1821 3684 2748 3760 in drie periodes en merkt op hoe men, zelfs
457 3696 1376 3775 Them tegen 5 uur eer thee wor len aangeboden,
1818 3726 2737 3798 zonder de dateering van het ontstaan der boe¬
468 3748 1136 3828 waanbij de leden tocgang hebben.
1818 3762 2748 3836 ken te kennen, ze onwillekeurig in de juiste
1822 3811 2751 3871 volgorde van ontwikkeling zou schikken. Tot
1817 3849 2751 3909 1897 ongeveer overheerscht de levensopratting
1821 3894 2740 3947 van den man van de wereld, den genieter,
1816 3937 2745 4001 „Anatol“, „Reigen“, waarin „Paräóelsus“kie¬
1815 3958 2422 4031 men voor de toekomst bergt.
1867 4014 2731 4074 Tot ongeveer 1913 regeert een tweede alge¬
1825 4047 2739 4093 meene, rüpere, mannelliker stemming. „Frau
1815 4078 2742 4151 Berta Garlan, Der Weg ins Freie“, vallen o.m.
