3296 4256
123 175 302 264 17.
351 178 2299 249 Das Schicksal des Freiherrn von Leisenbohg
2459 183 2858 272 bos 2/7
302 226 2350 276 ven asunung
392 283 1314 351 —tngVArte.Siei de. #e
379 326 1317 389 keil te kennen, ze onwillekeurig in de Juiste
393 364 1331 421 volsorde van ontwikkeling zou schikken. Tot
395 404 1310 478 1897 ongeveer overheerscht de levensopratting
385 448 1308 514 van den man van de wereld, den genieter,
1948 456 2205 553 Ppgelegen.
390 487 1308 554 „Anatol“, „Reigen“, waarin „Paracelsus“ kie¬
379 524 991 585 men voor de toekomst bergt.
380 555 1308 640 Tot ongeveer 1913 regeert een tweede alge¬
2007 549 2786 635 ONTVANGST Dr. SCHNITZER.
375 597 1306 667 meene, riipere, mannelljker stemming. „Frau
1964 587 2839 690 Zooals men zich had voorgenomen, is gis¬
374 645 1305 711 Berta Garlan, Der Weg ins Freie“, vallen o.m.
1922 654 2846 734 termidag om kwart cver vijf Dr. Arthur
374 680 748 738 in deze periode.
1930 698 2843 766 Schnitzler in den Huize Kleyxamp ontvan¬
420 704 1312 762 Schnitzler maallt zich daarin tevens los van
1920 757 2833 823 gen, waar vele kunstenaars en andere gas¬
382 755 1315 809 het natüralisme en het tendenz-stuk, dat ook
381 790 1304 867 hem een tijd de handen bond: „Freiwild, Ver¬
1917 790 2840 859 ten zich hadden verzameld in de drie ineen¬
371 833 611 904 mächtnis“.
1925 836 2833 914 loopende vertrekken, waar momenteel de ex¬
1201 842 1274 907 7.-
418 854 1313 914 „Der Schleier der Béatrice“, „Der
1914 867 2838 951 positie Tholen wordt gehouden. Onder de
372 912 1302 967 Ruf des Tebens“, „Der junge Medardus“, „Die
1922 913 2833 1001 talrijke aanwezigen merkten we op: Dr. H.
387 957 1297 1007 Hirtenfläse“. ziin onmiskenbare sprockies.
1925 959 2836 1044 P. Berlage, Joh. de Meester Sr, L. Simons,
376 987 1298 1050 In deze periode wordt de liefde steeds meer
1669 985 1751 1067 S
1922 1006 2827 1093 Dr. Huehner Guarniéri, A. Heyting, (den
377 1024 1303 1079 probleem, meer rdadsel, het huwellik wordt
1716 1052 1810 1116 ∆
1910 1040 2836 1138 Kunstkring vertegenwoordigend), Haver¬
371 1075 1302 1105 steeds hooger geschat, de beteekenis er van
1906 1094 2821 1171 mn, Chris Lebeau, Edmond Visser, Ich. de
377 1104 1297 1172 wordt verdiept en verruimd. Schnitzler’s men¬
1921 1134 2827 1221 Meester Jr., I. Duparc, F. Lapidoth en H.
372 1149 1305 1202 schen bliiven steeds die van 'n overbeschaafde,
368 1181 1310 1247 overbeladen, een egoistische en verfjnde
1903 1170 2821 1252 Borel en de dames Top Naeff, Annie Salo¬
369 1223 1289 1271 wereld: ze hebben al de melancholieèn en ge¬
1904 1216 2810 1302 mms, Fenna de Meyier en B. Bevré-Coppiin.
378 1258 1290 1323 breken van hun sämenleving: en ze komen er
1909 1260 2805 1361 De thec werd door eenige dezer dames ge¬
1899 1313 2131 1364 serveerd.
376 1299 1291 1362 uit voort, meer als type's, die door Schnitz¬
371 1340 1294 1393 ler’s idee gestuwd worden dan als vriie per¬
1942 1340 2816 1450 Dr. Schnitzler werd aan verschillende
382 1382 1302 1431 soonliikheden, Het is een scherpzinnige op¬
1902 1382 2801 1481 leden van het gezeischap voorgesteld en
467 1426 1299 1466 king van Körner als hi aanwiist hoe wei¬
1730 1419 1845 1522 Se
1901 1437 2836 1535 voerde aanstonds cen levendig gesprek met!
488 1465 1295 1515 an Schnitzler'’s yrouwenfiguren, het „Sus¬
1887 1479 2031 1540 hen.
492 1499 1293 1564 ädel“ uitgezonderd sterk en vol ziin ge¬
499 1546 1306 1592 nd: hoe de vrouw meer probleem dar
1927 1501 2756 1612 Een foto verceuwigde de bijcenkomst.
500 1573 1289 1626 te wend in Schnitzler’s levensopratting.
681 1616 1283 1674 die Arthur Schnitzler levend
802 1662 1287 1715 udig van ziel en zinnen.
809 1697 1285 1750 nzijn het, hün omtrek
802 1742 1277 1798 lijnen. In een tuimelen¬
1899 1744 2681 1820 KUNST EN LETTEREN
778 1774 1286 1835 jke tegenspraak verloopt
773 1822 1286 1868 e ironie en weeke senti¬
1964 1832 2579 1918 SCHNITZLER LEEST.
770 1851 1291 1911 elkaar zonder overleg af.
387 1854 469 1895 men
365 1888 495 1940 In hu
728 1895 1284 1948 verden ze heen en weer ge¬
1853 1902 2714 1955 Het was in menig opzicht cer gebeurte¬
721 1928 1295 1993 moede resignatie en frivool
380 1926 521 1989 worpen
1810 1929 2725 2002 nis. Dr. Schnitzler is naar ong land geko¬
356 1964 1289 2032 sel maar ze blifven zich onbe,ust over
1813 1986 2726 2059 men en heeft zeif gelczen, cen keus gedaan
361 2001 1294 2067 waarheid en leugen van hun gevoel. Mateicoze
1816 2045 2726 2096 uit zijn werken, die wij al zoo lang bewon¬
372 2046 1295 2115 begeerten voegen zich moeilijk bii een diepe
1812 2073 2715 2134 deren, ons in de gelegenheid gesteld een
359 2089 1297 2133 moedeloosheid om zich geheel te geven aan
1817 2120 2725 2164 verband té zocken tusschen de litteratuur,
365 2124 560 2177 het leven
369 2166 544 2217 beschouf
686 2171 1286 2224 odt den wil en de daadkracht,
1821 2162 2718 2219 die ons tot dusver in boekvorm uit Weenen
374 2205 539 2256 in dof f
674 2213 1281 2258 elaten zü zich drifven Op de
1807 2203 2720 2268 gewend of die wij uit auteursmond hoorden
463 2239 564 2290 vam
664 2246 1291 2295 ot genieten zi hun eigen deel
1815 2242 2708 2316 en een man dien wij zoo volmaakt pretentie¬
483 2279 1294 2328 reugde, leed, droom, beeld en spol.
1805 2306 2715 2354 loos op het podium zagen staan. Een ver¬
479 2323 1294 2377 ts de erfgenamen van een oudé cultuur
1814 2337 2714 2398 band tusschen het begrip-Schnitzler en
494 2368 1296 2415 eenzoo gestemde ziel: en inderdaad
1809 2386 2712 2442 den mensch-Schnitzler. Deze gelegenheid
825 2396 1285 2454 enerfgenamen in dub¬
1817 2427 2717 2504 is aangegrepen! Diligentia was uitverkocht.
863 2437 985 2492 heppe
1050 2436 1285 2496 Neensche
2713 2455 2781 2510 4
1837 2481 2711 2538 De ervaring leert, dat wanneer eenig
965 2486 1282 2527 ldheid, volbloe¬
865 2525 1277 2580 en overscherpe zin
1810 2512 2720 2591 auteur uit eigen werken lezen gaat, twee#
2706 2514 2770 2587 1
769 2557 819 2600 ne
1067 2561 1282 2613 tot een
1810 2571 2761 2637 mogelijkheden opdoemen: hij is door ziin
969 2596 1258 2652 kenbaarheid.
1813 2602 2718 2656 vaderschap niet bij machte ze tot hun recht
1048 2638 1279 2692 van betee¬
1807 2643 2758 2709 te doen komen, of hij werpt een licht op het !#
985 2673 1284 2732 ar alleen de
1813 2686 2774 2759 ocuvre, dat ons nog niet zichtbaar was en
737 2711 1286 2766 oor hen uit opstiigt. Van
1805 2740 2746 2800 't wordt daardoor cen openbaring. Maar
760 2749 1274 2809 lis des levens willen 21
1807 2776 2758 2853 toen gisteravond de pauze ingetreden was
750 2792 1281 2842 ieten, in de roepstem van
1808 2827 2774 2880 en we de geschiedenis van Dionysia achter
856 2826 1281 2902 h, niet de beteekenis
484 2870 569 2913 8 bor
1801 2870 2724 2938 den rug hadden, was het een noch het an¬
833 2880 1274 2970 chvohrnehmlich und
1816 2916 2709 2977 der geschied en doemde een vraag op, die
350 2929 666 2994 vorzüglich Stin
820 2947 1273 3007 erte die Schnitziers
1811 2957 2713 3028 eerst in het tweede gedeelte van den avond
352 2976 704 3039 Werk kostbar ma
804 2990 1262 3040 eine leise mitklingen¬
1808 3004 2711 3057 zou beantwoord worden. En deze vraag
332 3028 1278 3083 de Melodie, die alles in zarte Musik taucht, ein
1798 3038 2698 3099 was: Waarom leest Schnitzler uit eigen
337 3055 1278 3135 feiner Ruch, der eine wonnige Atmosfäre
1813 3076 2713 3152 werken? Ware het voor ons niet oneindig
337 3105 1268 3171 schafft, süsze Reize, die sich niemand entzie¬
1814 3136 2706 3189 meer belangwekkend geweest, als Dr.
339 3135 597 3190 hen kann.
1815 3179 2710 3244 Schnitzler niet uit, maar over eigen
373 3162 1283 3243 Hat is ongetwilfeld een voorrecht om juist
331 3197 1262 3286 deze kunst die zoozeer leeft van haar half
1810 3222 2701 3290 werken had gelezen? Zeker, hij beschikt
330 3252 1260 3331 verborgen schakseringen door haar schepper
1809 3266 2704 3337 over een mool stemgeluid, al was het gede¬
337 3296 944 3363 tot leren te hooren brengen.
1814 3308 2707 3369 cideerd te zwak voor Diligentia, hetgeen
1809 3355 2702 3432 het luisteren zeer deed. inspannen. Zeker,
385 3347 1276 3455 *) Men weet dat Schnitzler hier Zaterdag 29
1802 3395 2758 3464 hij laat zich nimmer afleiden door de gevol¬
336 3406 929 3475 April uit eigen werk leest.
1812 3431 2778 3497 gen onzer late Lente; het niet eindigend #s
533 3437 1262 3518 Korner, „Schnitzlers Gestalten“.
346 3474 776 3554 (Amalthea Verlag).
2732 3491 2805 3545 14
1796 3479 2697 3556 hoesten gisteravond. Hij heeft blank en
2713 3531 2809 3576 un
1802 3528 2710 3595 effen het verhaal Die Hirteflöte gelezen,
1800 3564 2695 3647 blank en effen, zooals hij het schreuf, maar
2697 3606 2798 3654 50
1800 3616 2703 3687 waarom koos hij juist dät? Deze symboli¬
322 3629 1180 3713 De komst van Arthur Schnitzler.
1797 3662 2700 3726 sche en mystieke geschiedenis valt geheel
2690 3668 2804 3749 120
363 3673 1255 3744 AMSTERDAM, 24 April. — Nadat hot, door
1795 3702 2700 3780 buiten het kader van Schnitzler’s overig
336 3741 1259 3799 een lichte ongesteldheid van dr. Arthur
1800 3748 2705 3811 werk en eigent zich niet zoozeer voor cen
323 3780 1256 3833 Schnitzler onzeker was geworden öf hil op den
1803 3790 2698 3854 lezing. Het eischt een straffe concentratie,
336 3811 1252 3874 vastgestelden datum in ons land zou kunnen
1797 3837 2695 3904 die oneindig veel gemakkeljjker zich vol¬
333 3849 1254 3911 ziin, meldt men ons thans uit Den Haag, dat
1810 3886 2718 3960 strekt, wanneer men het in eenzaamheid
329 3887 1254 3945 deze bekende Oostenrijksche auteur daar mor¬
1790 3924 2142 3986 zeif lezen kan.
336 3920 1256 3980 gen aankomt. In de kunstzaal Kleykamp zal
324 3967 1265 4044 hem tegen 5 uur een thee worden aangeboden,
1834 3947 2709 4036 De Herdersfluit werd gebroken door
333 4003 1007 4075 waanbii de loden toegang hebben.
1793 4010 2701 4083 Dionysia. En toen zij haar vernield had,
1805 4060 2700 4113 vroeg zij müziek Dit is het thema, dat
1795 4106 2698 4162 de schrijver heeft uitgewerkt tot cen su¬
