3248 4096
188 94 397 188 17.
419 95 1008 173 Das Schicksal
1036 96 2350 171 des Freiherrn von Leisenbohe
2521 97 2915 206 bos 2/7
385 156 2411 199 — Ce ab  hen aun an iun ain die aun und ae.  dene unen den erene e en un uened un ien dund denen ere echen   dun un du aun hen de 1 An g
1652 555 2090 649 Husschnitt aus:
2090 599 2744 696 eues Wiener Abendblat
1664 633 2188 738 vom: A4FERIA
2267 670 2485 771 „Wien
1775 734 2699 817 * (Artur Schnitzlers Vorlesung.) Der
1665 791 2710 876 Dichter der „Liebelei“, des „Einsamen Weges“ und des
1671 850 2686 917 vielgespielten, bei uns allerdings von der Zensur,
1696 895 2691 966 verbotenen „Professor Bernhardy“ erscheint so seltet
1767 942 2687 1009 sönlich in der Oeffentlichkeit, daß seine zahlreichen
1772 993 2717 1066 ehrer um so eifriger jede Gelegenheit wahr¬
1777 1055 2704 1100 nen, seine persönliche Bekanntschaft zu machen.
1782 1099 2706 1154 scheuten sie auch letzten Sonntag abend nicht den
1785 1121 2719 1191 en Weg hinaus ins Volksbildungsheim am
1782 1183 2711 1248 erpark in Ottakring, um Artur Schnitzler zu
1784 1221 2749 1287 i und zu hören, füllten den geräumigsten Saal
422 1186 1462 1363 Auaschmit aus Sans Mose Prnna Wie
1767 1272 2720 1348 in bis aufs allerletzte Plätzchen und folgten der
432 1296 608 1365 vom:
1751 1321 2715 1376 t zweistündigen Vorlesung mit spannungsvoller
959 1321 1280 1423 23FE3 913
1257 1372 1353 1424 G
1681 1372 2730 1438 Andacht. Schnitzler las zuerst eine seiner Novellen
1676 1404 2718 1468 vor, die noch nicht in der Gesamtausgabe seiner
474 1411 748 1484 [Arfür G
828 1420 1489 1483 kler=Vorlesung.] Man hat ni
1449 1450 1556 1522 zu
1681 1457 2718 1526 Werke enthalten ist: „Die Schicksale des Herrn von
393 1438 1465 1531 selten die Treude, Artür Schnitzler im Vortragssaal
393 1507 1565 1562 begegnen. Er hat wohl die Scheu des Poeten, mit seiner
1676 1509 2718 1574 Leisenbogb“, sodann den zweiten Akt des „Professor
406 1552 1563 1614 Person vor die Oes entlichkeit zu treten; so bedarf es eines
1680 1557 2719 1611 Bernhardy“. Dichter pflegen nicht immer die besten
402 1592 1561 1642 besonderen, repräsentierenden literarischen oder humanitären An¬
1740 1591 2648 1668 nterpreten ihrer Werke zu sein; dennoch ist
405 1634 1554 1691 lasses, um ihn aus seiner künstlerisch so sympathischen
1768 1645 2667 1708 smal auch für ihren Kenner ein Erlebnis, #i
397 1675 1556 1739 Reserve treten zu lassen. Solch ein erwünschter Anlaß bot sich
1764 1670 2707 1758 ist lesen zu hören, denn ihre Intentionen bringen
408 1726 1557 1785 gestern. Das „Volksheim“ bat Schnitzler, zugunsten seiner so
1748 1737 2718 1809 doch am unmittelbarsten zum Ausdruck, die Seele
409 1758 1566 1832 warm zu fördernden Ziele eine Vorlesung aus eigenen
1764 1799 2706 1844 er Poesie fühlt man dabei erst so recht ganz. In
418 1798 1569 1880 Schriften abzuhalten; so vernahmen wir im überfüllten Saale
1783 1837 2705 1894 eren Jahren war im Publikum von Schnitzler
434 1849 1554 1903 es „Volksheim“ im Koflerpark aus dem Munde des
1779 1879 2654 1949 Vorstellung verbreitet: er böte die Poesie de
423 1898 1573 1967 Dichters selbst zunächst eine seiner reizvollsten Novellen, „Das
1789 1923 2656 1989 nskünstlers, er spiele mit seinen Gestalten kül
422 1937 1553 1989 Schicksal des Freiherrn v. Leisenbohg: Ein ironisches Lebens¬
1764 1965 2701 2036 nisch wie mit Marionetten. Als man ihn selbst
394 1975 1561 2038 schicksal tritt uns hier in überlegen heiterer, weltmännischer
399 2020 1569 2076 Form entgegen. Der Freiherr v. Leisenbohg gehört zu jenen
1744 2008 2712 2097 sen hörte, konnte man sich überzeugen, wie ernst
391 2062 1560 2135 wenig glücklichen Liebhabern denen immer nur die kaum be¬
1684 2043 2713 2132 er es nicht bloß mit seinen Gestalten und seiner
394 2110 1561 2167 neidenswerte Mission des Freundes und Vertrouten zuteil
1680 2101 2707 2173 Kunst überhaupt meine, sondern auch bei aller
1221 2150 1558 2215 ihre Leiden¬
358 2148 1177 2228 wird. Er liebt eine Operndiva,
1681 2149 2703 2229 Heiterkeit, bei allem Spott und Witz mit dem Leben
392 2180 1559 2264 schaften mit beunruhigender Geschwindigkeit wechselt;
1696 2206 2565 2267 selbst. In der Erzählung vom Freiherrn v.
489 2237 1558 2305 hbefindet sich der noch immer hoffende, getreu
1696 2250 2618 2320 bogh, der zeitlebens sich von einem schönen Mäd
501 2281 1553 2342 apende Freiherr nicht darunter. Nur eine glückliche
1689 2295 2666 2355 nasführen läßt, das den Wechsel in der Liebe lieb
523 2330 625 2376 □
553 2314 1555 2378 ist ihm gewährt, doch büßt er sie durch seinen fast
1688 2341 2662 2408 und auf fremde Kosten sich's so bequem zu mache
537 2365 1564 2430 tischen Tod; wir sind ja in einer echten Schnitzler¬
1702 2379 2705 2452 verstand, ist Schnitzlers Ton äußerlich trocken sachlich.
531 2400 1556 2467 e, in der Leben und Sterben sich vielfältig ineinander¬
1723 2447 2705 2501 Aber der Hohn, mit dem er die ganze leichtfertige
501 2450 1563 2510 lingen, und die Menschen sich wie halb komische Marionetten
1761 2467 2708 2545 sellschaft regaliert, ist doch unverkennbar. Die
492 2489 1562 2549 Schicksals an den vom Dichter geistreich dirigierten, feinen
1775 2524 2712 2590 lle der Tatsachen in der Charakterzeichnung und
473 2540 1560 2593 den bewegen. Dieser mit tiefsinnigen Dingen entzückend
399 2572 1556 2632 spielenden Novelle ließ Schnitzler den zweiten Akt des „Pro¬
1781 2566 2704 2642 lieuschilderung kommt einem beim Anhören der
393 2625 1562 2679 fessor Bernhardi“ folgen, dieses lebensreichen, stark gefügten
1787 2621 2705 2684 ählung erst recht zu Bewußtsein. In seiner Vor¬
391 2661 1566 2735 Stückes, das durch ein törichtes Zensurverbot von unseren öster¬
1761 2661 2708 2728 ung trat Schnitzler aus der unpersönlichen Reserve
380 2698 1565 2767 reichischen Bühnen noch immer ferngehalten wird. Dieser zweite,
1703 2717 2709 2775 nicht heraus, änderte dabei nichts am Stil seiner
391 2747 1556 2802 ungemein geschlossene Akt spielt in der Wohnung des Pro¬
1708 2751 2710 2819 Geschichte. Anders beim „Professor Bernhardy“. Da
2174 2803 2222 2852 v
388 2786 1555 2855 fessors, der durch das Gebot seiner Wissenschaft mit Satzungen
1708 2801 2713 2875 fühlte man seine ganz persönliche Teilnahme für die
384 2822 1566 2891 des Glaubens in Konflikt geriet. Wir sehen der Reihe nach
1713 2844 2710 2914 im Werke vertretene Sache gleich heraus. Diesen
399 2856 1564 2926 die Bemühungen scheitern, die unternommen werden, um ihn
1704 2893 2706 2963 Akt las Schnitzler nicht mehr sitzend, sonbern stehend
406 2921 1560 2977 im Interesse des Instituts, das er leitet, zu einer Entschuldi¬
1703 2944 2672 3000 vor, und ohne zu schauspielern charakterisierte e
421 2953 1558 3016 gung zu veranlassen. Die Figuren traten auch im Vortrag mit
1696 2991 2710 3052 durch fast unbewußte Modulation des Organs, durch
390 3008 1549 3057 plastischer Deutlichkeit hervor. Der Dichter schien das Stück vor
1704 3028 2711 3101 den geänderten Rhythmus der Rede jede der zahl¬
390 3037 1559 3098 uns noch einmal dramatisch zu erleben. Diese Natürlichkeit des
1704 3082 2704 3147 reichen Gestalten des Aktes sehr merklich. Wenn der
390 3087 1557 3148 gar nicht schauspielerischen und gerade darum so wirksamen
386 3132 1558 3185 Vortrages fesseln am meisten. Schnitzler liest, wie Dichter nur
1710 3127 2709 3192 Professor Bernhardy selber sprach, hörte man
388 3160 1557 3241 selten lesen, doch immer lesen sollten: zwanglos, untheatra¬
1707 3179 2706 3239 Schnitzlers persönlichsten Sprechton: markig, männ¬
401 3214 1560 3279 lisch, mit der ihm eigenen kräftigen Anmut. Das Publikum
1708 3228 2705 3281 lich, vom guten Recht seiner Sache überzeugt, der
1447 3243 1562 3336 —
387 3261 1111 3341 dankte ihm durch stürmischen Beifall.
1703 3260 2710 3342 Sache der Humanität, die kein Strebertum, kein
1661 3329 2715 3395 feiges Versteckspiel dulbet, aus ebenso einfachen wie
2142 3379 2558 3443 Wien, Dlelteng
1660 3382 1859 3471 2—
2456 3392 2737 3485 —.—
1677 3466 2717 3542 heiligen Wahrheiten kein Geschäft machen will. Die
1677 3506 2684 3557 Wirkung dieser Vorlesung war tiefgehend Die
1663 3552 2695 3628 zahlreichen Zuhörer werden nun wissen, wie sie sich
1662 3601 2680 3671 den tönereichen Wiener Dichter im Grunde immer
1668 3638 2717 3731 vorzustellen haben: identisch mit dem mannhaften
1667 3692 2233 3776 Menschenfreund Bernhardy.
2550 3701 2643 3764 N.
