3296 4256
2538 76 2936 197 box 2/7
391 98 2348 172 Das Schicksal des Freiherrn von Leisenboh
196 99 2410 224 17 m   ung
1896 412 2730 673 B.E-N- A#N
1355 694 1714 800 Bühne und Welt.
2239 680 2450 798 183
801 810 2377 900 Ein Reigen von matten Schattengestalten hebt aus diesen Romanen ihr Haupt:
691 878 2374 936 der Reigen derer, denen das Leben zu heiß war, denen die Flammen, auf die sie
685 919 2379 995 traten, die Füße verbrannten, und die keine Flügel hatten, phönixgleich empor¬
687 985 2372 1056 zuschweben. Den die Kunst ein Beruf war, kein Selbstzweck. Was sie aber ent¬
697 1037 2377 1111 hüllen, zeichnen, klagen, ist eine ernste, schwere Mahnung für die, welche wissen,
681 1102 2391 1162 was das Theater ist und sein sollte. Eine Mahnung, das fortzuräumen, was eine
698 1148 2384 1212 mehr und mehr industrielle, finanziell überschraubte Kultur hineintrug in die Kunst¬
684 1198 2373 1269 anstalt, die das Theater einst gewesen und noch sein sollte, eine Mahnung, die Fallen und
701 1246 2373 1327 Schranken fortzuräumen, die jenen den Sturz brachten und die auch Stärkere als Hemm¬
692 1300 2383 1382 nis und Hindernis überwinden müssen — oft genug mit Preisgabe des Besten in ihnen.
804 1360 2380 1434 Hand in Hand mit der Kunst geht auf der Bühne, halb verhüllt nur, lockend
691 1410 2383 1482 und anreizend, das Schattenspiel des großen Liebesmarktes. Und so kann auch die
691 1466 2380 1528 Gruppe von Romanen nicht fehlen, die das Dikante im Leben des Schauspielers,
692 1520 2381 1567 des lady-man — oder der schönen Schauspielerin mit schillernden Forben zeichnen,
692 1560 2381 1642 die die leichten Farben da aufsetzen, wo sie zugleich als bezaubernde Schminke auf
691 1629 2382 1700 ein Dublikum wirken, das eben gerade wegen des Schauspielers oder der Schau¬
690 1679 2392 1745 spielerin hingeht, aber um nicht nur den wirkenden Künstler, die gestaltende Künstlerin
702 1735 1102 1805 in ihnen zu sehen.
819 1772 2384 1862 Weit ab aber von dem Begriffe der Schauspielerin in diesem verfänglichen
694 1835 2394 1914 Nebensinne steht die Künstlerin moderner Edukation — die Tochter aus guter Familie,
698 1892 2378 1966 die, mit allen Idealen ausgerüstet, mit Tugend und Moral durch Generationen ge¬
703 1959 2385 2022 wappnet, den schwierigen Weg auf die Bretter unternimmt und keinesfalls geneigt
694 2003 2391 2080 ist, der Kunst oder ihren Vertretern irgendeine Macht über ihre Person einzuräumen.
704 2057 2387 2120 Dieser Typus, den das Goethesche Weimor und auch manche andere große Cheater¬
699 2120 2392 2180 zeit kannte und den uns eine neue Zeit wiederschentte, ist offenbar auch das Ideal
703 2168 2399 2239 der modernen schriftstellernden Frau und wird mit reichlichem Idealismus und mit
709 2219 2197 2282 der ganzen Schönfärberei der journalistischen Frauentechnik fein ausgemalt.
820 2266 2391 2326 Das sind die Trpen der Romane, die uns zur Kritik vorlagen. Daß sie trotz
696 2322 2389 2396 ihrer Fülle Reicheres und Charakteristischeres boten zur Zeichnung des Milieus als
698 2375 2386 2441 Goethes „Wilhelm Meister“, als holteis „Dagabunden“ und der erste Band seiner
701 2430 2389 2498 Biographie werden wir kaum behaupten dürfen. Otto Julius Bierbaum hatte uns
702 2473 2388 2545 inzwischen mit seinem Stilpe das Ueberbrettl erschlossen, Wolfgang Kirchbach in seinem
711 2540 2399 2616 Salvator Rosa mit breitem Pinsel das Renaissance=Weib der Bühne pastos hingemalt,
706 2594 1431 2654 ehe die neuesten Werke entstanden.
819 2626 2387 2724 Ein Lebensbild der modernen Bühne, das voller Kraft und Fülle, voll reicher
696 2684 2382 2776 und tiefer Derspektiven ist, gab Korfiz Holm in seinem Roman „Thomas
698 2749 2392 2817 Kerkhoven“ (Verlag Albert Langen, München). Ein Roman, der wirklich auf der
705 2814 2393 2877 Höhe reifer Kunst steht. Hier ist keine Gestalt mit falscher Sentimentalität gesehen,
706 2860 2389 2927 keine der Fragen zugunsten irgendeines Dorurteils verschoben und verbogen. Bis in
696 2917 2382 2980 die letzte Konsequenz ist alles gut durchgezeichnet, überall ist die Stimmung stark und
705 2977 2377 3040 wahrhaftig, die Sprache voll Kraft und Eigenart. Der junge nordische Kaufmanns¬
705 3028 2391 3091 sohn, der mit seinen ästhetischen Kunstidealen in die Wirbelstürme einer Münchener
694 3068 2391 3144 Schauspielerolique gerät, zum Theaterdirektor und Gatten einer oberflächlichen und
705 3128 2386 3191 kaltsinnigen Schauspielerin gemacht wird — um schließlich sich und seine wahre
706 3173 2386 3258 Kunst in die olte Heimat und in die Arme seiner inzwischen durch allerlei Schicksale
700 3233 2392 3307 gereiften Cousine zu flüchten, das ist eine durchaus sympathische, lebensechte Natur.
703 3284 2397 3358 Die inneren Konsequenzen, die er aus dem Erlebten zieht, adeln den übersensiblen
699 3337 2398 3428 Charakter und geben ihm die Kraft, sein und ihr Lebensglück auf einem starken und
700 3398 1346 3466 großen Dergessen aufzubauen.
808 3421 2392 3530 Auch in Heinrich Manns Roman „Die Jagd nach Liebe“ (Albert
699 3516 2393 3588 Langen, München) ist der Held der feine, sensible, ästhetische Sproß einer reichen
