3248 4256
147 147 2309 219 17. Das Schicksal des Freiherrn von Leisenbohn
2497 139 2877 241 box 2/7
360 190 707 260 an Caae  Aal
843 180 2372 257 Da ues Reiderin von beisennung
2152 379 2332 495 8
2457 442 2918 543 e
794 479 1136 579 hel
2406 499 3223 618 M wenngl
480 512 862 606 E
2620 555 2765 613 aes
921 518 1391 622 Sent
2269 542 2568 638 hn e
775 557 1005 650 H
460 569 570 636 V
486 569 755 669 W
706 608 839 655 Te RbAr
2706 574 3224 665 GOun SRA
787 583 1410 705 D Zzuirau
2244 625 2412 705 70
2366 635 3223 732 esnuchtin
712 673 780 733 *
761 660 1446 754 Behnüichtingen.
2735 691 3226 787 # 5632. #ser. 997.
2383 710 2474 763 #
2455 709 2570 795 1210
365 706 542 784 S
786 732 1233 799 Tel 5832 8804 9974
2416 746 2479 806 F
2356 735 2434 814 Pe
2575 731 3225 820 Düreseruue wret Kamed d mah
607 775 1432 853 Aeressenmaml vor Hunded dinduchig en.
2078 770 2359 859 J —
2585 776 3230 853 u #ad olamenstetten. Jttsfteec
359 779 589 901 1
2574 801 3225 880 # en rchem zum Ronagank
647 815 1430 866 ed Gamenderten Stauteeien Diu#
2082 828 2270 890 Srnkchete 1
643 848 1430 915 den enFacheiun #lottagunda en
2574 841 3221 929 #camiudwelden ei 6595.6s04
2167 867 2512 948 Burrau #e ##enhege
644 884 1387 944 Leckameclluckwecen Tel 8595.-556  6947
283 910 336 955 Wen
2575 883 3225 971 Serogralische Mhng iver Aonmaden
303 914 361 963 3.2
344 893 575 980 —
2122 905 3223 999 Raumeslant #5 #5s el es##enulenvellage *
652 923 1411 1000 Serogalische hg ider Aamanen uun
2154 954 2454 1013 Bureau ie Brussel
247 947 595 1019 Burcau ie stGravenhage
2941 978 3220 1029 lej 6300 4 9074
222 967 1300 1064 Raamshaat### en notuleneehölnger
2125 978 2586 1057 Mue de omdand sn #eae
1027 996 1343 1053 13 6604•1 9674
2575 965 3220 1063 ebe iner Gandeid er nacha
2570 1028 3216 1094 lei Came à ###sa #azeme Tuck
648 1016 1436 1094 reDe in Waned en naldianelen.
248 1041 551 1095 Burezu te Brussel
2737 1055 2931 1113 —
225 1065 1386 1131 Kue de Bandutc a# #ei 21## #l 0zeis à Nasos zd zeunt Tuick 37#7
2431 1076 2929 1192 De Telegraaf.
1245 1115 1480 1189 Eun
347 1149 1474 1248 Hat Alnameen Handelsblad Ksese
590 1220 1002 1278 Artnur Schnitzler
2197 1203 3001 1298 LEZING ARTHUR SCHNITZLER.
366 1232 1247 1336 De onlangs zestig jaar geworden Weensch¬
2410 1263 3011 1359 Concertgebouw Kl. Z.
323 1278 1243 1380 schrijver Arthur Schnitzler verkeert in ons
324 1319 1246 1410 Imidden en hield gisteravond in de kleine
2162 1326 3053 1392 AMSTERDAM, 29 April. — Dr. Arthur
2127 1377 3054 1427 Schnitzler las twee novellen „Der Mörder“
320 1356 1247 1484 zaal van het Concertgebouw cen lezing uit
323 1410 603 1474 eigen werk.
2114 1414 3043 1493 en „Exochtric“; twee Genakters, den „Anntol“.
2201 1478 3053 1516 „Letzte Maske“ uit „Lebendige Stundon“.
2127 1475 2204 1545 41
353 1460 1243 1550 Schnitzler is vooral bekend en beroemd als
2174 1502 3053 1572 11 leest, zooals te verwachten was, zonder!
290 1486 1238 1600 Ttooneclschrijver en als zoodanig is hij cen
2117 1537 3051 1593 sterke nadruk; de veie füne, halfverborgen
313 1535 1229 1639 typische figuur van zijn tijd. Het is mcer
2132 1584 3045 1637 nuances en ironien worden nauweliiks onder¬
2122 1617 3043 1670 Istreept, het eenige en melodleuse van dit
313 1579 2098 1705 de ziel dan de geest van den mensch wat hemi don meusch en tusschen de menschen onder¬
315 1628 1207 1745 interesseert cn daardoor valt in zijn werk de
2134 1655 3050 1735 proza komt daarentegen veel storker naar
306 1661 1112 1747 nadruk op het psrchologische element.
1196 1684 2092 1743 ling. En in Schnitzler’s werk zisn de men¬
2144 1693 2302 1763 voren.
1184 1733 2091 1786 Ischen aan dit spel overgeleverd, zi, vertegen¬
2156 1714 3031 1784 Men had zich Schnitzler wellicht anders ge¬
348 1720 2102 1839 „Soltt’ es Ihnen noch nicht aufgefallend weordigen cen vermoeiden, oververzadigden
2100 1773 3029 1856 dacht: ietwat milder, lyrischer, onmiddelli¬
298 1728 2090 1880 sein, was für komplizierte Subjekte wir tiid, zi worden niet door cen vasts overtui¬
304 1792 1206 1892 Menschen im Grunde sind! So vieles hat
2130 1824 3046 1877 ker? Maar in het schrandere gezicht lig een
2136 1864 3055 1908 strengheid, een geslotenheid, die merigeen
300 1847 1188 1932 zugleich Raum in uns! Liebe und Trug...
1196 1844 2103 1917 ging, cen sterke moraal beschermd, zij heb¬
2100 1883 3053 1952 niet vermoed zal hebben de oogen ziin fel¬
298 1881 1199 1980 Treue und Treulosigkeit..., Anbetung für
1202 1898 2099 1965 ben geen steun en geen stuur en zijn bij alle
2091 1936 3049 1996 ler, harder, bii alle geestige fonkeling toch
283 1908 1192 2014 die eine und Verlangen nach einer andern
1206 1949 2092 2018 aantrekking en afstooting vreemd van elkan¬
2109 1969 3052 2042 Revaarlker doordringend en zeifs meer mee¬
285 1978 1201 2069 Joder nach mehreren. Wir versuchen wohl
1197 1989 1893 2050 der vaak hulpeloos en cenzaam.
2088 2001 3054 2097 deogenlocs dan men zich bii dezen schrüver
260 2011 1195 2112 Ordnung in uns zu schaffen, so gut es geht,
1228 2014 2091 2098 Dezelfde vragen en verhoudingen vervul¬
2140 2058 2639 2115 zal Habben voorgesteld.
256 2070 1191 2156 aber diese Ordnung ist doch nur eftas
1201 2065 2098 2133 len Schnitzler van zijn cerste werk af, maar
2167 2061 3048 2145 Er 1s den belanarlk en overgroot deel van
288 2092 1198 2193 Künstliches.. Das Natüriiche.,, ist das
1201 2119 2097 2167 in de Anatol-cyclus is het spel nog luchtig,
2665 2129 3046 2182 indruk bevestigen
2132 2121 2512 2192 Schnitzler's würk,
269 2129 1186 2245 Chaos. Ja, die Seele ist ein weites Land,
1205 2166 2096 2225 daar is het meer of de menschen met de
2670 2163 2903 2217 avond nog
2141 2170 2507 2227 kan: het schlint
2675 2200 2894 2259 lotte 200 de
284 2190 1117 2270 wie ein Dichter es einmal ausdrückte.
1199 2204 2101 2263 liefde spelen, terwijl later de liefde met de
2136 2207 2523 2269 het werk van ech
2645 2247 2883 2300 nschellfkhei
2133 2247 2547 2308 gen is van de har
313 2240 1187 2328 Zoo laat Schnitzlr een zijner personen
1196 2249 2101 2300 menschen speelt. De ironic zoo gewichtig
2136 2283 2927 2336 barde wereid, dar hü er of een begritg
281 2268 1181 2370 spreken in #e Tragikomödie. Dus neite Lund
1199 2280 2104 2343 in alle geschriften van Schnitzler wordt in
2142 2327 3042 2370 oblectieve, vaak moedeleoze, maar feen uit¬
1193 2338 2100 2394 de latere stukken vaak schrijnend en bitter.
268 2293 1193 2412 en deze passage duidt aan, wat het eigenlijke
2755 2345 3062 2417 handteekening
2145 2361 2629 2424 komst wilzende waerga
279 2357 1182 2458 onderwerp, de kern is van zijn voornaamste
1236 2372 2106 2451 De tijd schiint zich thans al eenigszins
2773 2403 3061 2454 ere trant een
2149 2406 2588 2461 van schreef of er in
278 2407 1190 2506 werk: de menschelijke ziel in de verhonding
1207 2417 2096 2473 van cen kunst als die van Schnitzler af te
2773 2441 3054 2498 met eon spot,
2108 2434 2555 2514 arabesk van teekend
1200 2466 2096 2515 wenden; er is althans een drang naar cen
263 2428 1180 2543 der geslachten, het gecompliceerde spel der
2803 2480 3070 2539 eft en niet
2129 2488 2514 2541 die zser vele fünd
1198 2509 2111 2560 meer synthetische tooneelkunst; daarmede
266 2488 1181 2579 instincten, sentimenten en hartstochten in
2843 2514 3060 2568 rsconlik-
2132 2516 2514 2579 zonder wreedheid
1191 2550 2109 2611 gaan echter de bijzondere zeldzame zigen¬
2835 2559 3036 2609 eel beves¬
2142 2566 2516 2618 heid van dezen die
1194 2603 2091 2656 schappen van Schnitzler’s talent, zift psv¬
2101 2601 2528 2661 tigd, dat de beste
243 2612 1171 2696 dere verlaging Fan het: Asconto, der Fadleral
1197 2620 2101 2694 chologisch inzicht, zijn fisne geest in de
2138 2637 2547 2699 zug in den toon, in
258 2649 1167 2741 Reserve Bank, daur, dlez bevrggsd schünt to
2971 2678 3042 2722 ke
1199 2671 2104 2736 schoone vorm zijner dialogen niet verloren.
2142 2676 2567 2737 teckening der gebr
260 2687 1171 2781 iin dnt zull. nen ##lafregel annleiding zou
2926 2714 3042 2764 volle
2143 2711 2589 2771 schabeering der nua
1232 2716 2105 2780 Hoezeer Schnitzler ock hier gewaardeerd
2100 2755 2816 2823 ### schepping van gestaltes, karaktei
937 2761 1178 2831 d0 specu¬
1193 2766 2106 2828 en bewonderd wordt, bleek wel uit het feit,
2145 2797 2855 2861 ningen. Men zal Schnitzler, de tôon
1201 2809 2100 2864 dat de zaal tot de laatste plaats was bezet.
2978 2828 3052 2880 er,
2148 2836 2773 2879 ver hier, na dit bezoek, lie
1192 2839 2105 2914 Schnitzler las rustig en eenvondig, niet
2097 2866 3055 2944 #slechts aanduidend moeten spelen en met lets
1198 2895 2108 2949 altijd even duidelijk doch steeds met den
2116 2902 3061 2975 # meer ook van de wreede melancholie, die in
1193 2932 2103 3005 juisten nadruk cenige kleinere werken voor.
2148 2948 3061 3013 de sfeer van deze, — daarom natuurlüik in
1187 2970 2108 3037 De novelle Der Mörder bleek toch wat te
2154 2983 3062 3043 geen enkel opzicht oppervlakkige, — levens¬
1188 3020 2102 3078 lang voor een voordracht, de cenigszins
2153 3019 3053 3090 houding huist. Men zal niet meer mogen Ver¬
2152 3061 3068 3118 gaten, hoeveel hier ten slotte een scherpe en
1198 3072 2098 3128 trage gang van het verhaal vermoeide de
2146 3099 3054 3160 bina wreede kiik op het leven zichzelf ver¬
1189 3102 2102 3174 aandacht. Met den dialoog IFerhnachtsein¬
2148 3123 3067 3206 mant en bedroeft, en vrede zoekt; in het
1188 3143 2107 3215 EFdufe uit de Anatol serie boeide cn char¬
2151 3174 3059 3237 vroege werk in de lichte, zinneliske toon, Ir
1196 3183 2102 3260 meerde Schnitzler het publiek en cen span¬
1188 3247 3062 3273 ning heerschte in de zaal bij ##e Jetstej phet latere, in de begrlipende, beschermenste
2149 3262 3059 3318 aanvaarding die toch nimmer geloof of over¬
1198 3276 2109 3347 Maske, het aangrispende zickenhuis-tafereei
2154 3309 3066 3368 gave is, die zelden dramtisch en zoo vaak rlik
1199 3319 1949 3387 uit den cyclus Lebendige Stunden.
2166 3340 2982 3405 en vol van den moede en fline ironie is.
1205 3351 2107 3434 " Men was overigens niet gekomen om een
2185 3356 3053 3429 Die zekere hardheid, die zekere eigenaar¬
1201 3404 2106 3468 redenaar of declamator te hooren, maar om
2156 3401 3061 3465 dige onwrikbaarheid, die men dezen avond
1198 3446 2108 3506 den schrifver Schnitzler te zien. Dat de
2144 3454 3071 3502 meer in den persoon dan-in het werk zag, zal
1197 3477 2110 3559 litteratuur nog zooveel belangstelling en
2153 3495 3069 3567 menigeen tot cen vruchtbare herleving uit¬
1192 3538 2105 3608 geestdrift vindt, is cen gelukkig en haast
2090 3528 2576 3610 dg
1191 3582 1698 3649 verrassend verschifnsel.
1228 3597 2101 3682 Na afloop werd aan den heer Schnitzler
1190 3664 2105 3721 een scuper aangeboden, waaraan o.m. deel¬
1186 3700 2099 3768 namen de heeren: K. J. L. Alberdingk Thym
1197 3754 2102 3810 (Lodewijk v. Deyssel), Herman Heyermans,
1198 3792 2111 3843 Frans Mijussen, dr. P. H. v. Mcerkerken,
1187 3836 2108 3889 F. M. Wibaut en de dames Teye v. Rhyn
1195 3879 1876 3954 Naeff en Ina Boudier Bakker.
1931 3896 2074 3992 Ks.
