3248 4384
232 174 427 280 24.
349 4143 435 4231 B
1593 180 2013 285 box 4/1
457 198 1469 306 Die dreifache Narnung
427 250 1413 320 L 1   en e etet e e ereteenenerene e e e
1815 547 2646 753 deu, 14 Oet.
563 632 1756 768 un -Daher
1578 824 2432 947 Framför allt är fru Karin Mo¬
1595 904 2415 994 landers Christine förtjänt att pri¬
568 930 1412 1084 Mindre Dramaten
1605 978 2424 1065 sas. Denna skädespelerska visar sedan
643 1035 715 1110 00
1603 1029 2428 1122 en tid för var ny roll, att hon nätt
1611 1081 2414 1183 fram till ett viktigt stadium i in
729 1117 1222 1229 DALSKOGs.
1603 1155 2418 1243 konstnärliga utveckling. Hon är icke
1613 1203 2418 1314 längre hus edsakligen rucker. Hennes
1590 1269 2422 1367 kroppsliga skönhet har blivit allt mer
593 1268 1385 1370 Det är en zillfällighet, som nästan
1608 1337 2415 1427 och mer besjälad och ür mit ett käns¬
561 1364 1374 1450 ser ut som enn tanke, att Schnitzlers
1602 1402 2421 1494 ligt utslagsgivande instiument för det
550 1414 1382 1484 Liebelei' änyo kom upp pä en Stock¬
1617 1458 2420 1558 inre livets rörelser. Det är möjligt,
554 1458 1392 1555 holmsscen dagen eiter Hermann Bahrs
1618 1523 2428 1610 att Schnitzlers Christine säg ut pä ett
569 1542 1382 1625 Eheler“. Ett fäng av livets friska)
1619 1583 2424 1657 annat sätt, men som temperament och
537 1588 1385 1704 blommor istället für en pappersbukett.
1626 1640 2432 1729 uttryck ar fru Molanders sökerlige.
539 1652 1368 1749 Förunderlist vad detta Schritzlerdra¬
1625 1699 2418 1791 den ursprungliga. Rollens ljuva, still¬
536 1704 1378 1791 ma hibehällit sin ungdom. Det är mer
1624 1767 2435 1857 samma krinnlighet, hängivenheten
550 1768 1376 1861 lan 27 är sedan det skrevs, mer an 25
1625 1823 2418 1913 utan patos men utan gräfs, kärlekens
527 1841 1366 1926 fürsedan der forst uppfördes 1 Stock¬!
1684 1891 2423 1977 sitiva sningsformäga kün knappast
548 1893 1373 1994 in zm ech Andi det alldeles urt.
1823 1950 2426 2044 er okonstlatloch sanat, Man
559 1955 1388 2059 ####en tänkc inte en replik dari ar
1858 2011 2096 2100 när ena
2286 2002 2434 2093 valda,
551 2009 1394 2113 föraldrad, allt kunde varit skrivet 1
1882 2078 2103 2168 eitt hjärta
558 2089 1393 2181 ldag Ett Dede vittnesbord om äkt¬
1893 2142 2142 2216 om alla
547 2139 1366 2234 heten ar dess poest, om konstnärska¬
1893 2197 2141 2280 ät und(esgäng
554 2186 1374 2285 spet i dess form, om dess, trots en
1891 2267 2096 2337 fär ve
545 2269 1354 2351 skenhartistillastäende andra akt, day¬
1865 2311 2071 2402 duell tör
546 2337 1311 2401 sbrutet stegr de dramatiskn rörelse.
1866 2382 2056 2458 ch att ho
526 2386 1377 2458 Fricheleeeian „ Schnizlers
804 2426 943 2491 M
1818 2436 2062 2519 t en leksak
540 2446 1375 2541 forstling#####ndet kom till strax er¬
1633 2492 2069 2578 gripande, beundraney
531 2496 1369 2584 iter och som enstragisk zyntes ar hans
1621 2559 2071 2644 skelröreise 1 kro pen
530 2565 1366 2658 Anatolehmumen han har aldrig skri¬
1626 2614 2070 2689 tonfallet var emotione
534 2625 1375 2715 lvit nh# merg fulländat. Intet av
1625 2676 2093 2761 talade oförbehallzamt
527 2675 1362 2754 hans senare bereinda stycken, t. ex.
1630 2734 2105 2824 orden icke kunde utst
558 2749 1366 2837 Profenser Bernardi' eller den geniala
1657 2801 1730 2872 ida
1736 2802 2133 2872 de. Det var verklig
536 2797 1355 2896 sliesen#gröng papegojan“, nar
1671 2851 1734 2935 H
1739 2862 2136 2937 Käge spelade
528 2870 1357 2953 samira bmedelbars och starks sceni¬
1806 2913 2156 3001 göras patologisk
1669 2922 1754 2985 an
1770 2938 1805 2989 41
533 2904 1368 3017 Iska verkningar vom detta lilla drama
1769 2984 2157 3065 en undverk med kof
544 2984 1372 3084 om Christine och Fritz,das süsse
2240 3052 2291 3111 er
1646 3036 2183 3119 alla mirgiska och vokala
552 3047 1361 3138 Mädel“, och den unge lebemannen.
1642 3088 2203 3178 Han var maulig enkel, var¬
529 3099 1352 3189 En vardagshistoria, som med subti¬
1631 3150 2265 3236 skulie kunna sägaratt han à
2355 3167 2447 3223 var
530 3151 1366 3255 ia färger och stämninger ger oss tvä
1626 3197 2439 3306 frisk i sin melankok, Man säg, hur
543 3215 1357 3313 unga människors själshistofia, en ung¬
1617 3280 2452 3358 kärleken till Christine växte ur hans
551 3286 1361 3374 domligt uppsluppen komedi, som inför
1626 3333 2471 3430 sinnen in i hans gemyt och att han
541 3341 1378 3410 vära ögcn otvunget förvandlas till en).
1723 3397 1840 3461 Sereene. Aer een
1912 3398 2362 3457 vr eenter unsensetenstals elcheune Aennaglaungenr mmenen
545 3400 1365 3497 stakande tragedi. Innchället är sà en¬
1613 3447 2461 3529 Just i avskedsögonblicket kände, att
539 3462 1412 3562 kelt, att eft referat därav skulle före-!
1629 3504 2440 3591 hon fer honom förkroppsligade livet.
537 3530 1399 3619 falla platt, men det avslöjar en poet, !
1635 3558 2450 3643 Det var en flärdfri, vacker framställ¬
539 3592 1383 3677 som förstär och känner, mänsklig li¬
1633 3626 2475 3716 ning. Okonstlad var ockss fru Stina¬
542 3661 1399 3742 delse och smärta, cch en skarpsynt:
1634 3685 2467 3769 Hedbergs ogenerade och pikant
525 3698 1387 3797 psykolog av det erotiska livet, Aven!!
1641 3752 2451 3835 uppriktiga Mizzi, som särskilt i de zi¬
529 3766 1376 3874 som miliökonst; wienerskildring, är
1632 3814 2459 3897 sta akterna stod sig förvänande bra
521 3811 1102 3928 Idramat ett mästerstycke.
1643 3870 2455 3951 vid en Imförelse med sin berömda
570 3874 1373 3992 Jag har ännu i godt minne framfö¬
1635 3922 2467 4015 föregängenskas Hr Wianer:
541 3977 1395 4052 randet pa Vascteatern 1896 1 Hareld
1635 3986 2469 4074 strand, en temneramentefin repre¬
540 4042 1396 4119 Molanders utsökta inscenering med
1639 4047 2456 4146 sentant för wiensk raunterhat, hr.
530 4086 1389 4175 Stanza Gortschalk som Christine (er.
1639 4109 2468 4188 Oisson och hr G. Miliberg ur
2640 551 2894 751 22
