3296 4384
1149 134 1910 247 Achschenment, sae de deneren.,
1102 197 1905 303 len samlats i Musikaliska akndemiens
1086 248 1902 342 börsal för att ähöra „och se Arthur
1096 302 1910 390 Schnitaler vid uppläsning av valda etge¬
1092 363 1905 449 ken ur egna verk. Tribunen hade för¬
1084 399 1897 494 setts mied en liten rumsinteriôt, där den
1076 451 1910 540 berömde diktaren, sittunde i en ünstol
1077 497 1906 582 och med boken i hand, föredrog tvä no¬
1086 543 1898 633 veller och ett par av sina enakfare. Man
1079 585 1905 671 Inskade verkligen, att lokalen kunnat!
1078 639 1902 745 Iförminskas, ty denna uppläsning hörde
1076 680 1886 775 närmast till en intim krets, gonn i lamp¬
1072 722 1885 843 lägans Uuseirkel fätt uppfatta miniken
1077 782 1890 863 roch talnyansern hos detta ülekvärda
1062 840 1888 917 Igräckägg, I den stora salen blav behäll¬
1056 876 1884 958 ningen ringa, sürdeles som rösten ofta
1059 924 1886 1025 fördunklades av genljud. Det fötsta
1075 984 1882 1055 numret’Die dreifache Warnung“ gick
1068 1023 1879 1123 därför fullständigt förlorat. Man för¬
1062 1065 1865 1162 vänade eig bemare örer att en för de¬
1063 1116 1887 1204 klamation ed föge lämpad novell som
1060 1160 1889 1266 Das Schickeal des Freiherrn von Lei¬
1060 1223 1869 1303 senbogh“ valts 1 Synnerhet infür früm¬
1035 1258 1847 1352 lingar Men#ar intresse blev det att se,
1024 1308 1856 1406 hur författären värmdes vid att läss
1040 1365 1850 1451 reina dramatiska ting, om än ähörarnas
1044 1386 1857 1496 Appfattning försrärades genom uteslut¬
1036 1448 1250 1520 TWEn
1466 1462 1864 1550 mmen. Detta var
1038 1497 1860 1583 isynverhet bellcie under det mindre
1040 1546 1853 1648 bekauig, koncentrernde drematDie
1175 1590 1381 1659 Mal=n“
1858 1572 1955 1654 18
1606 1610 1663 1662 45
1664 1609 1849 1690 nchäfter,
1756 1673 1830 1730 pa¬
1128 2621 1365 2692 liken tacks
1432 2628 1595 2692 ned var
1641 2633 1794 2688 applä¬
1030 2666 1801 2757 ler den diktare, vars scenkonst här gjort
995 2715 1643 2800 honom till en välkommen gäst.
1108 2782 1192 2856 1
1393 2760 1779 2853 Einar Smith.
1069 3016 2524 3237 Sepko Dohtlacet
1434 3412 2963 3549 Endaden Ec naman 12s
