3296 4096
239 58 1494 156 24. Die dreifache Narnung
453 91 1288 163 e    Se  S
1387 395 1553 486 4
726 418 1387 491 Sardeller Cervera !!
591 536 1539 623 #al det ikke mindst er de gamle provedej 60 S1
600 591 1547 654 og fastslanede Traffere, Foik hygger sig ved li
596 640 1547 723 red og helst vil se. Treakteren Liebelei er me. s
608 685 1390 764 fra 1894 og harde sin Uropferelse paa
603 733 1540 813 Burgleatret i Wien 1895. Den skonne Ade-|8e I.
600 776 1535 840 le Sandrock, hvis Force nok var det blidt-Arbe
600 822 1524 912 patetiske, spillede Cbristine. Paa Dansk endt,
602 892 1523 955 blev Stykket naturligvis debt Elskorsleg. raad
592 930 1398 1001 og Opferelsen paa Dagmarteatret fik en
602 960 1541 1048 ganske smregen Charme ved Anna Lars- Avort
599 1019 1545 1099 sens yndefulde og bevrgede Udferelse afl Millie
589 1088 1385 1142 Christines Rolle. Det blev en sand Tuare¬
593 1141 1374 1194 sukces. Og Anna Larssen er et af de faa
1382 1137 1540 1206 fense
590 1174 1379 1238 danske Navne, som Schnitzler husker og
1398 1195 1523 1263 Gene
606 1225 1384 1301 udtaler med hjemmevant Letbed. Hendes
1377 1242 1522 1338 deus
607 1279 1212 1346 Billede hanger paa hans Vag.
627 1319 1538 1400 Betanker Dagmarteatret sig paa at gen-pvrig
596 1371 1510 1465 optage Elskorsleg. er der ogsaa for Jern-Sag
598 1428 1389 1499 banegadescenens Vedkommende et nerlig¬
597 1479 1382 1547 gende Alternativ, det nemlig at genoptage
1400 1487 1518 1567 De
599 1530 1382 1584 Anatol-Serien, der kan gives med omtrent
1424 1551 1523 1620 H.
590 1579 1397 1645 samme Roliebesatning, som da Holger
587 1612 1515 1691 Hofman ved Slutningen af sin Dagmartea- Güc
587 1665 1520 1745 ter-Era bragte de tre ebarmante Enak-Land
596 1719 1379 1779 tere frem i delikat Anretning ved Svend
1380 1740 1525 1801 en E
596 1770 1377 1838 Gade. Det var: Naar man adsporger Skob¬
1378 1797 1509 1866 Glüc
591 1824 1376 1902 nen, Afskedssouper og Anctols Bryllups¬
584 1865 773 1934 morgen.
1372 1857 1498 1931 bed,
645 1897 1495 1996 Men ogsaa her vil Helaftensstykket varej talt.
589 1958 1362 2036 at foretrekke for den mere kabaretagtige
1382 1979 1503 2052 kun
586 2001 1377 2081 Servering af Enaktere. For begge Scener.
1423 2035 1515 2119 „I
592 2054 1388 2131 saavel den nationale som Dagmarteatret
1375 2102 1518 2164 svare
585 2119 1367 2183 galder det. at det primare Forslag vil ljene
1385 2154 1507 2216 talte
584 2162 1362 2216 alle Parter mes. til Ere. Hvis det har det
580 2203 1521 2286 Held at vinde Anklang hos de paagelden- sentilz
584 2265 1513 2331 de Direktioner og — o, optimistiske Tankej raadi##
1374 2303 1509 2365 samt
642 2309 1370 2375 lader sig realisere, vil den beremte
1435 2352 1498 2415 vi
574 2343 1378 2425 Ostriger under sit Beseg her i Byen kunne
1379 2388 1516 2466 Etatsr
576 2408 1363 2472 fejres med fuld Honner; og han vil faa
1365 2451 1517 2521 des F
581 2452 1366 2522 Leilighed til at demme om, hvilken Udfe¬
1372 2491 1508 2567 den O
588 2499 1362 2576 reise vore to forende Teatre evner at give
578 2541 1511 2628 to af hans reprasentative Arbejder, der bortfl
588 2601 1512 2667 viser ham som des, han fortrinsvis er befatt.
588 2655 1258 2726 Karligbedens Digter — og Dedens.
1368 2650 1516 2710 til Ba
945 2699 1334 2777 Niels Th. Thomsen.
1344 2697 1520 2752 Tnes A
1368 2746 1502 2816 at de
613 2826 1542 2947 Etatsraad Glünk- urent
1614 45 2014 148 box 4/1
1765 432 2011 537 ned de
2485 440 3304 557 Kongelige Prevposter privklege
2063 670 2227 724 714.5
2174 668 2336 756 222
2640 790 3278 899 Wrricsit
2178 844 2257 940 80
1794 1045 3004 1152 AG MORGEN DEN 11. MAJ 1923
1789 1265 2736 1361 Arthur Schnitzler i Kobenhavn.
2763 1257 3306 1434 „Norden
2763 1408 3295 1500 Under beskedne ydre F
2734 1478 3288 1552 af stor Hiertelighed, fandt
2737 1533 3291 1611 400 norske og svenske Sk
2739 1585 3291 1648 Morges, For forste Gang a
2726 1630 3281 1705 „Skoleelevstavne“, og Bern
2723 1672 3286 1743 under de norske, svenskeo
2721 1715 3290 1801 undeg de fem Dages San
2724 1773 3293 1842 Gavn og Giede kunne lu
2735 1818 3284 1888 de og om hinanden, samti
2729 1864 3295 1955 Hiem og dens Severdiche
1823 2713 2714 2774 laftes kom Arthur Schnitzler til Kobenhavn,
1779 2744 2719 2827 modlaget af en lille Kreds med Forfatterfor¬
1781 2801 2709 2877 eningens Formand, Sophus Michaéhis og Stu¬
1777 2845 2706 2934 dentersamfundets Nastformand, cand. mag.
1768 2896 2137 2965 Iuus, i Spidsen.
1814 2949 2713 3021 Schitzler hilste og blev fotograferet og tog
1773 3001 2699 3061 derefter til „Hotel Phonix“, hvor han bor i
1783 3061 2700 3133 den lille Uges Tid, han opholder sig her i
1785 3101 1931 3166 Byen.
1817 3148 2699 3224 Foredraget i Studentersamfundet er paa
1770 3205 2698 3274 Lerdag, og paa Tirsdag vil der paa Det kgl.
1779 3254 2710 3312 Teater blive en Schnitzler-Aften, hvor „Den
1778 3307 2708 3365 store Scene' opferes sammen mel en Ballet.
1781 3349 2707 3420 Desuden vil der ud over en Festlighed i Stu¬
1777 3400 2700 3475 dentersamfundet efter Foredraget, kun blive
1770 3454 2702 3537 Tale om en Sammenkomst under tvangfri
3173 3496 3281 3585 Mod
1775 3505 2702 3591 Former i Forfatterforeningen, hvor man har
1776 3546 3275 3648 Planer om paa denne Maade at hylde den 1Det kgl. Teater, Tivoli, 20
1772 3601 2099 3681 store Kollega.
2701 3629 3244 3700 Stadion geestfrit aabner
2700 3672 3286 3755 „Norden“ vil sikkert vinde
2703 3726 3253 3802 ved denne smukke Tanke,
1873 3716 1956 3796 7
2506 3711 2576 3793 180
1968 3722 3284 3872 DAGBOG, 2# igennem, on nye Venskuber
1794 3755 2126 3860 F
2197 3807 2291 3865 B
2797 3827 3096 3907 IIIN 4
