3296 4000
641 30 1424 103 dreifache Narnun
244 29 541 123 24. Di
132 911 336 998 ftegierung
417 915 645 994 Loue
142 961 1543 1037 s ganzefaßte sich in Anwesenheil des Plemterministers Lloyd George
140 1019 1549 1105 setzung und des Außenministers Balfour heute neuerlich mit der
139 1079 1556 1147 gemacht irischen Verfassung. Ihre Prüfung scheint günstig ausgefallen
143 1114 315 1174 sei man
332 1124 518 1187 zu sein.
146 1161 325 1235 der die
128 1276 319 1344 von der
327 1280 1543 1332 Sänger karikiert sein, die Sängerin Kläre Hell, die ihre Lieb¬
134 1328 306 1387 ienertum
337 1331 1542 1403 haber wechselt wie die Handschuhe, muß natürlich nebenbei auch
129 1377 306 1436 pie Grill¬
324 1371 1544 1451 bigott sein, zur Messe und im Monat zweimal beichten gehen!
129 1425 316 1490 ichsoziale
336 1426 1542 1486 Wirksamer war der zweite Teil. Der Einakter „Zum großen
133 1477 320 1540 egreiflich.
337 1478 1536 1550 Wurstl“ bringt einen Theaterskandal im Wurstelprater und
137 1524 315 1585 iderlichen
323 1533 1536 1594 wirbelt Marionetten, Dichter, Direktor und Publikum ineinan¬
137 1571 318 1636 Professor
333 1574 1532 1629 der. Schnitzler bespiegelt sich und seine Motive darin in
139 1622 314 1681 zwischen
324 1623 1532 1690 launigster Selbstironie. Den Abschluß machte die poesievolle
135 1670 313 1731 die An¬
323 1675 1520 1732 feine Skizze aus der „Anatol“=Reihe „Weihnachtseinkäufe“.
137 1716 312 1777 m katho¬
321 1733 1531 1792 Das süße Mädel, das durch Schnitzler zum Typus geworden,
141 1765 303 1827 sen Trö¬
318 1768 1538 1826 und „Liebelei“ zum Wienerstüch von bleibendem literarischen
139 1810 313 1874 gendliche
318 1826 1530 1891 Wert und immer erfolgreicher Theaterwirksamkeit gemacht hat,
135 1861 321 1928 Schnitzler
320 1870 1539 1937 erhält hier in den Worten des Anatol die ersten charakteristischen
149 1911 329 1972 Abends
327 1921 1526 1985 Konturen. Schnitzler wurde besonders am Schluß des Abends
136 1959 312 2025 zend der
329 1963 1535 2019 stürmisch umjubelt. Die Backfischchen der neuen Reichen drängten
141 2004 311 2077 war ge¬
321 2019 1548 2103 sich in das Künstlerzimmer, um für ihre Schnitzlerbücher sich
135 2057 321 2129 ichter zu
321 2062 827 2142 Autogramme zu erobern.
152 2105 319 2172 als zu
137 2151 321 2222 ung des
537 2149 1304 2243 Josef Labors 80. Geburtstag.
130 2208 315 2261 froh, der
391 2217 1520 2279 Wien feiert heuer den Geburtstag großer Künstler und be¬
127 2251 306 2312 stel“ der
325 2262 1524 2333 rühmter Männer; den 80. des Malers Hlawacek, iden 80. des
135 2298 306 2362 l „Drei¬
318 2302 1518 2370 Walzerkönigs Ziehrer, den 70. des berühmten Historikers und
122 2347 314 2421 r“. Vom
329 2350 1523 2410 Schriftstellers Richard Kralik und den 80. Geburtstag des Meisters
318 2380 1524 2449 der Orgel Josef Labor. Am 29. Juni 1842 in Honnowitz in
124 2393 305 2461 urch den
314 2423 1529 2483 Böhmen geboren, erblindete unser Künstler schon im frühen Kindes¬
115 2446 315 2511 de, über
328 2470 1525 2534 alter, genoß aber eine sehr gute Erziehung und wurde frühzeitig
117 2482 319 2564 nd, auf
320 2510 1522 2559 bei seinem früh erkannten musikalischen Talente dem Musikunterricht
313 2551 1520 2608 zugeführt. Im Jahre 1863 erntete er als Pianist in Wien seine
115 2545 313 2606 te. Der
314 2585 1527 2648 ersten Lorbeeren und wendete sich ungefähr ein Jahrzehnt später
117 2592 302 2656 gt durch
319 2616 1527 2687 der Orgel zu, die er meisterhaft beherrschte. Als Pianist und
132 2641 300 2708 fall, die
311 2665 1524 2727 Orgelkünstler bereiste er unseren Weltteil und konnte überall — in
138 2688 299 2758 Weisen
311 2710 1524 2762 Österreich, Deutschland, Frankreich, England, Schweiz, Rußland
321 2745 596 2797 und Polen —
128 2744 302 2796 war und
595 2750 1518 2791 sich großen Ruhm und Beifall erringen. überall
315 2778 1530 2840 war er gesucht zur Einweihung von Orgeln, auch in technischen
120 2784 297 2849 les Ge¬
315 2827 1521 2883 Orgelfragen wird viel auf sein fachmännisches Urteil gegeben.
187 2829 307 2899 ent¬
313 2862 1521 2917 Seine zahlreichen Konzerte, insbesondere die Orgelkonzerte, waren
114 2898 1530 2976 erühmter] immer und überall ein großes Ereignis in der kunstsinnigen Welt.
1620 12 2012 117 box 4/1
3108 662 3303 750 Dionarc
3115 736 3250 790 diesen
2660 756 2742 804 0
2229 754 2513 842 — Kronenstur
2796 747 3166 837 ugag 15908 2 T
2379 749 3082 891 en n- Sgg—
1906 752 2367 849 gründen,
1901 814 2730 904 pharisäischen Augenaufsch
3128 832 3304 899 Möglich
3123 876 3304 939 rede vor
1976 879 3031 936 Nein die bürgerlichen Regierungen haben nur das
1893 916 3103 994 erntet, was die sozialdemokratische Herrschaft von 1919—1920
3121 924 3287 989 Nachfolg
3186 980 3252 1028 D
1886 980 3097 1035 gesäet hat. Es kann nicht oft genug wiederholt werden, daß
1899 1027 3101 1087 das Unglück mit dem Anerkennen des Friedensdiktates von
3102 1024 3281 1112 sichtslose
1885 1073 3106 1138 Versailles begonnen hat. Damals gab es nur eine Antwort
3200 1078 3305 1148 Ja,
1894 1118 3101 1184 an Frankreich, das jetzt schließlich allein für den Untergang
3114 1103 3292 1195 Elbe stat
1889 1182 3094 1245 Mitteleuropas verantwortlich ist: Das von Euch hinter ver¬
3117 1177 3287 1238 die Nori
1883 1213 3106 1291 schlossenen Türen von engherzigen Ehauvinisten unter rein
3110 1226 3303 1293 kaspische
1892 1275 3098 1341 tschechischem Diktat geschaffene künstliche Gebilde eines Staates
3108 1271 3303 1340 der Ente
1890 1322 3096 1373 Österreich ist unmöglich. Wir lehnen es ab, unsere Unter¬
3184 1322 3277 1398 Do
1880 1372 3174 1441 schrift unter ein Todesurteil zu setzen und überlassen Euch die M
3117 1486 3185 1551 tra
3121 1539 3218 1598 auch
2001 1482 3007 1635 Grazer Schnitzler=Woche.
3117 1586 3244 1651 wie g
1973 1620 3094 1681 Die jugendlichen Demonstranten, die der Schnitzler=Vor¬
3156 1635 3221 1687 tri
1882 1679 3089 1740 kesung opponierten und dadurch zu einem größeren Erfolg ver¬
1895 1722 3093 1788 halfen, als ihr sonst beschieden gewesen wäre, haben sich den
1880 1779 3086 1835 Verfasser wohl als einen Pornographen, Jugend= und Sit¬
1890 1823 3103 1870 tenverderber, als einen gewissenlosen Spekulanten auf niedere
1885 1869 3091 1915 Triebe vorgestellt. Eigentlich hätten sie schon von dem An¬
3114 1881 3241 1945 erschre
1874 1914 3094 1978 blick des feinen, kultivierten Mannes, von den ersten Proben
3106 1930 3247 1989 welt:
1879 1974 3096 2037 seiner gütigen, alles Menschliche begreifenden und verstehenden
3106 1973 3303 2040 mondäne
1884 2017 3092 2085 Kunst entwaffnet sein müssen, hätten fühlen müssen, mit wem
3177 2022 3256 2086 Te
1880 2063 3100 2133 sie es zu tun haben. Mit einem leisen, weisen, wehmütig=selbst¬
3213 2076 3276 2131 7n
1885 2119 3093 2195 ironischen Dichter, dessen Schicksal eigentlich ergreifend ist. —
3210 2119 3254 2172 18
1879 2166 3275 2217 Er ist 60 Jahre alt, dabei verblüffend jung geblieben, imdischen.
1878 2214 3099 2273 Zenith seines Ruhmes stehend, sieht er die Gru# flagen dieses
3106 2196 3302 2281 theorie
1883 2267 3087 2333 Ruhmes, die Grundlagen seines Werkes plötzlich weggeschwemmt,
3100 2269 3279 2329 der we
1876 2315 3095 2367 sie unter den Füßen weggezogen: Die Gesellschaft, die Schnitz¬
3102 2318 3301 2388 welches
1882 2357 3095 2431 ler so meisterhaft schilderte, ist nicht mehr. Und ein banges
3181 2369 3280 2440 Ja,
1883 2407 3093 2472 Fragen raunt um: Wird mit der ins Grab gesunkenen Ge¬
3098 2398 3302 2481 daß Sch
1884 2461 3015 2519 sellschaft nicht auch ihr Dichter ins Vergessen sinken?.
3107 2462 3301 2529 „Reigen“
1880 2514 3083 2563 Auf mich zum Beispiel hat ec einen fast gespenstischen Eindruck
3101 2489 3299 2574 wurzelt
2438 2546 2476 2585 „
1876 2563 3090 2628 gemacht, wie da der sechzigjayrige Schnitzler mit jugendlicher
3096 2557 3301 2629 (jüdisch=p
1879 2608 3088 2669 Stimme und jugendlichem Eifer eine seiner jugendlichen „Ana¬
3113 2611 3290 2667 nationale
1876 2651 3095 2724 tol“=Skizzen vorlas, wie da aus des Dichters eigenem Munde
3111 2659 3291 2723 Der tief
1876 2706 3094 2771 jene einfachen, aber dabei so programmatischen, ja histori¬
3102 2708 3272 2776 sondern
1881 2762 3095 2816 schen Worte vom „melancholischen Genießer“, und „süßen
3114 2756 3287 2820 österreich
1872 2808 3085 2864 Mädel“ erklangen, Worte und Typen, die Schnitzler einst
3098 2808 3303 2869 druck des
1883 2853 3302 2904 als Jüngling selbst geprägt und entdeckt hatte, die seither tief geworden
1871 2897 3091 2951 eindrangen ins Volksbewußtsein, aus der Literatur ins Leben
3099 2905 3288 2977 sen in sic
1869 2947 3084 3012 wieder zurück, die eine ganze Generation von „melancholischen
3095 2943 3292 3017 alles Ir
1879 2998 3081 3060 Genießern“ und „süßen Mädeln“ erzeugten —, eine Genera¬
3099 2999 3280 3066 österreich
1878 3054 3082 3111 tion, die nun endgültig ausgestorben ist. Es gibt keine Anatole
3099 3048 3300 3119 so relati
1876 3107 3086 3162 mehr uns kein süßes Mädel. Die Betreffenden gehen jetzt
3098 3096 3300 3159 breiter, e
1878 3148 3083 3194 anderen Berufen nach ... Aber ihr noch immer jugendlicher
3092 3147 3293 3209 Draußen
1875 3196 3300 3269 Schöpser und Entdecker lebt, wird gefeiert, unternimmt Vor¬ bei uns
2816 3386 3303 3494 + 49 —
