3296 4384
203 209 1448 294 24. Die dreifache Narnung
407 239 1369 309 # Ae e e en e e en den aleh un . d an. an an .
1518 206 1967 287 box 4/1
2077 174 3030 260 Freibürger Ehronik.
2123 247 2899 327 Schnitzler=Abend im Paulu saal¬
2077 308 3026 381 Man könnte parador sagen: Die erfreuliche
2044 359 3032 418 Anteilnahme des Publikums an litterarischen Din¬
2051 401 3094 466 gen und Dichter=Abenden ist unerfreulich. Hate
2038 445 3036 483 doch die Ueberfüllung solcher innerlich und
2038 479 3027 522 äußerlich intim veranlagter Abende die ver¬
2042 520 3030 573 dienstliche Leitung in die Zwangslage versetzt.
2049 559 3015 602 sie in den in keiner Weise intim wirkenden Pau¬
2050 597 3026 652 lussaal zu verlegen. Einem Vorleser mit großem
2048 637 3032 690 kraftvol'em Organ, stark veranschaulichender Mi¬
2048 678 3033 718 mik des Sprechens und schauspielerischen Fähig¬
2050 714 3032 757 keiten wie sie Arthur Schnitzlers Vorgänger#
2043 752 3021 797 Franz Werfel gegeben sind, fügt sich die Akustik¬
3097 734 3164 811 8
2052 796 3029 835 des Saales einigermaßen. Aber alle jene Gaben
2038 833 3024 887 haben die Charitinnen, die ja wohl immer noch
2045 868 3031 915 an die Wiege von Dichtern gerufen werden,
2039 909 3020 954 Herrn Schnitzler nicht in die Wiege gelegt. Er
2048 951 3020 992 liest schlicht und recht, ohne zwingende Macht der
2050 988 3027 1029 Betönung und des Rhythmus und ist namentlich
2053 1028 3170 1078 in keiner Weise dramatischer Leser. Und dabei be¬
2050 1068 3016 1110 stand das Programm des gestrigen Abends zu
2084 1110 3027 1153 aus Einaktern, der bevorzugten Schaffens¬
2036 1144 3028 1188 form des in der Schauwelt der Bühne und des
2039 1184 3027 1227 mondänen Wesens so wohl erfahrenen Wiener
2037 1222 3023 1261 Dichters. Es ist die Welt des erstrebten oder
2042 1261 3022 1318 auch sich von selbst aufdrängenden Scheins, der
2051 1300 3031 1338 mehr oder minder überzeugenden Geste, der an¬
2042 1336 3028 1387 spruchsvollen Nichtigkeit, des bewußten Pathos
2040 1376 3030 1426 und der Tragikomödie, der „Komödie der Worte“
2038 1414 3032 1457 des Lebens. Sie wurde in der den 2. Teil des
2039 1453 3022 1506 Abends füllenden „Große Scene“ mit greifbaret
2039 1492 3038 1552 Anschaulichkeit der Charakterzeichnung geschildert
2042 1531 3001 1583 und wirkte, so weit eine Wiedergabe mit ein
2041 1570 3071 1626 halb Dutzend nicht verteilter, sondern vom glei=#
2045 1613 3027 1653 chen Leser vorgetragener Rollen wirken kann.
2041 1653 3026 1686 Aber zwingt uns diese Welt eine tiefere, haf¬
2047 1691 3024 1742 tendere Anteilnahme ab, verweht sie nicht schon
2044 1732 3026 1777 im frischen Eishauch des Nachhausewegs, bie¬
2046 1766 3021 1822 ten uns diese nichtigen mit dem müden Lächeln
2033 1808 3026 1850 der Ironie abgetanenen Persönlichkeiten irgend
2046 1843 3015 1889 ein Substrat für geistige Weiterverarbeitung?
2032 1886 3016 1934 Höher in allen solchen Beziehungen stand der
2046 1932 3025 1980 Einakter einer Krankenhaus=Scene. „Die letzten
2031 1961 3032 2020 Masken“ mit seinem Niederschlag des Ausein¬
2035 1999 3015 2052 anderpralls unfreiwilliger Komik eines verpuf¬
2044 2046 3016 2103 fenden Pathos mit der Unerbitterlichkeit des
2032 2082 3014 2134 Todes. Aber hier war eine starke Kraftanstren¬
2031 2126 3016 2175 gung bei dem Hörer Bedingung des Genießens,
2033 2163 3019 2198 die Ausschaltung des Unwahrscheinlichkeits=Mo¬
2037 2199 3008 2253 ments derartiger mitternächtlicher Vorgänge in
2038 2239 3010 2308 einem wohlgeordneten allgemeinen Kranken¬
2027 2274 2172 2331 hause.
2077 2321 3012 2368 So blieb als unangefochtener Gewinn des
2032 2364 3021 2429 Abends nur der fesselnde Beitrag zum heute so
2871 2408 2914 2440 t##
2044 2409 3023 2448 reichlich beackerten Gebiet des Unterbewußn####ns,
2040 2447 3016 2489 der Sexualpsychologie (s. Ph. Zeik, Schnitzler als
2046 2485 3021 2539 Psycholog 1913) „Das Tag auch der Rede¬
2037 2511 3023 2564 gonda“ Auf Unwahrscheinlichkeit (der Tagebuch¬
2042 2559 3028 2617 führung, des Tedes von Redegonda) ist auch diese
2035 2604 3015 2642 Novelle aufgebaut, aber der Dichter versetzt uns
2035 2635 3018 2689 ja hier absichtlich in das Reich des heute noch
2029 2679 3022 2729 Unwahrscheinlichen, morgen vielleicht Begründe¬
2033 2722 3022 2762 ten und Feststehenden. Hier in dieser etwas ge¬
2036 2759 3020 2809 waltsam in den Rahmen der Rahmennovelle ge¬
2032 2793 3015 2847 fügten Zwielicht=Schilderung feiert die feine mit
2037 2838 3031 2879 wenigen Strichen arbeitende Charakterisierungs¬
2033 2878 3018 2927 kunst des Verfassers „der „Dämmerseelen“ Tri¬
2028 2913 3023 2972 umphe, hier wirken die balladesken Sprünge der
2039 2954 3027 2999 Fortführung der Handlung, die verschleierten nur
2035 2987 3015 3052 mit einem Satz blitzartig be'euchteten Vorgänge,
2036 3027 3024 3090 und das erotisch=sinnliche Element, die sonst so
2031 3066 3033 3116 oft sinnlich=sentimentale Darstellung des Roman¬
2037 3114 2883 3163 ciers Schnitzler trat in den Hintergrund.
2083 3144 3011 3198 Eine Inhaltsskizzierung der drei gebotenen
2036 3184 3020 3242 Gaben an dieser Stelle wäre eine Unfreundlich¬
2031 3231 3017 3287 keit gegen den Dichter, der doch nicht bloß an¬
2035 3265 3015 3316 gehört, sondern auch gekauft werden möchte. Das,
2038 3309 3020 3356 was er las, liegt, z. T. schon seit längerer Zeit,
2037 3344 3023 3395 gedruckt vor. Der Reiz, noch nicht buchhändlerisch
2022 3378 3016 3436 flügge Erzeugnisse dichterischer Einbildungskraft
2518 3771 2587 3846 21
2178 3820 3159 3889 vorgesetzt zu erhalten, mangelte diesem Dichter¬
2174 3855 3160 3937 abend. Der Beifall nach dem fallbeilartigen
2172 3923 2968 3964 Schluß der „Großen Scene“ war stark.
2688 3951 3117 4025 Dr. v. Graevenitz.
2619 4011 2655 4051 —
