3248 4384
1091 129 1907 237 sag
1085 181 1894 295 zensationell njutning. Man hoppades
1082 255 1903 350 nog pä gnistorna av Anatois spra¬
1072 309 1903 394 kande krickhet eller av Reigens
1085 358 1908 456 cynism. Man hade kanske dven tänkt
1084 422 1914 507 sig, att den österrikiske doktorn, när
1070 471 1893 560 han egen hög person presenterade
1056 508 1905 617 sina verk, skulle upptrüda med en
1043 570 1882 662 cenferenciers övade konversationsta¬
1068 630 1889 732 lang. Därför blev man en smula be¬
1086 678 1883 770 sviken, när den lille välfödde gemle¬
1070 753 1886 824 mannen efter att ha visat sitt grä¬
1071 778 1899 885 sprängda skägg och sina guldbägade
1070 840 1896 954 glasögon, stilla och bekvämt sjönk ned
1072 902 1884 989 1 den lanstol, vilken placerats vid si¬
1063 949 1885 1030 dan av ett bord med lampa, duk och
1071 1004 1885 1114 ett knippe tulpaner framför en kiue¬
1072 1051 1311 1130 sisk fond.
1090 1091 1883 1198 Nägot program fanns ej. Man svä¬
1077 1159 1875 1254 vade alltse i okunnighet om kvällens
1068 1212 1877 1318 litterära anrättning. Och man fick
1079 1281 1870 1365 vanta tills föreläsaren utan varje im¬
1062 1326 1876 1417 proviserad prolog började en s. k.
1057 1379 1882 1465 [högläsning. Annat var Jet
1068 1433 1871 1511 egentligen ej, än kvällsstunden i f.¬
1062 1495 1864 1578 miljekretsen, dä man är samiad kr g
1051 1544 1868 1644 lampan och en vänzg, S.äl uppof ar
1053 1585 1865 1685 sig för att läsa högt ur en bok. Jet
1029 1631 1866 1725 Ivar novellerna Die dreifa he
1046 1697 1876 1790 Warnung och Das Schicksall
1029 1746 1882 1839 [des Freiheren von Leisen¬
1024 1813 1879 1898 [bogh, det var ett par dramer, Die
1038 1865 1868 1935 letzten Masken och Anatols
1045 1926 1865 2004 Weihnachten, allt framsagt med
1044 1953 1854 2054 ett icke alltid distiakt uttal av orden
1047 2034 1867 2109 cch utan spär av de konstgrepp, som!
1044 2083 1765 2158 bära namnet deklamation.
1067 2136 1867 2225 Schnitzler läste onekligen med rik¬
1038 2195 1849 2275 tig betoning innantill, och hade han
1033 2213 1860 2340 valt en intimare lokal fé sin nägot
1029 2286 1854 2376 länga underhällning, skule effekten
1041 2347 1857 2432 varit battre. Dessutom hade en del
1029 2397 1848 2504 #e pupliken svärt att höra vad som
1034 2444 1850 2540 sades, dä ju akustiken ür klen. Det
1038 2507 1837 2594 enda, dessa sta kars vanlottade fingo
1040 2567 1844 2645 till livs av Schnitzier, var hans smä
1019 2609 1842 2701 kastningar med hurudet och rörelser
1030 2681 1843 2751 med vänstra handen, dä han ibland
1028 2733 1844 2813 övergav sitt mycket akonirka lugn.)
1028 2769 1843 2861 Men detta verkade sä välgörande pä
1026 2841 1839 2914 shörarnas nerver, att de med Sraft
1033 2879 1844 2987 appläderade bäde Arthur Schnitzlers
1035 2948 1834 3030 uppläsning och hans sympatiska per¬
1031 2993 1836 3092 son — säkerligen främst med häsyn
1032 3048 1635 3134 till hans spirituella diktning.
1604 3104 1797 3196 E—nn.
610 3255 2483 3535 K. Saghn ehond
1388 3480 1432 3527 0
1483 3582 2580 3765 SANn &. HO-0
