3248 4192
467 3643 624 3732 igen¬
488 3714 624 3789 Der
457 3754 640 3864 agen
458 3839 635 3910 #t er
455 3886 637 3989 rsege
461 3961 595 4020 uligt
1659 3 2053 130 box 4/1
695 16 1532 113 dreifache Narnung
485 28 593 102 Di
267 25 1479 148 24. De erekruchenarnang
2668 450 2951 562 —-Ud
1465 477 1610 566 240
762 472 1330 567 Absdranceforretning,
2080 473 2206 587 e
792 538 1290 593 Peder Skramsgade Nr. 1.
775 572 1307 637 Telefon: Central 403—404.
1637 461 2026 676 e
808 621 1271 667 Agenter antages.
617 727 3004 795 tig bygget. Som tysk Soldat blev han taget ji sirlig Grad nerliggende at undersege, Ijo — ligesom Elskovsleg, Literatur, Ana¬
623 760 2998 848 til Fange af Engleenderne under Verdens-hvad vore Teatre kunde gore for at mar-Itol, Professor Bernhardi og Pantomimen
631 828 2994 907 krigen og ead fire Aar i Fangenskab. Detjkore Schnitzlere Beseg; i Kristiania vil] Pierrettes Slor havde godtgjort det tidli¬
639 868 1208 936 var der, han lerte at bokse.
1411 875 3005 942 man efter Forlydende spille Reigen, atgere — at der her i Byen maa eiges at
684 895 1422 985 Sit Mesterskab for Czekoslovakiet vandt
1424 930 2998 1013 gaa til lignende Yderligheder hernede, for-vere god Sangbund for det specielt
567 956 641 1042 3.
640 962 1415 1026 han paa Knockout over Hofreiter i anden
1422 977 3008 1059 byder sig selv alene af den Grund, at Cen-Schnitzlerske: Denne dybt indtrangende,
560 1014 641 1088 3r
646 1017 2991 1083 Omgang. I 1920 boksede han 1 Wien medlsor modsetter eig de ti Dialogers Opfe-let melankolske lagttagen af de menmeske¬
633 1054 1421 1159 Valdomar Holberg og „slog ham ud i ey¬
1414 1083 2993 1145 relse. Jeg har. imidlertid to positive For-Ilige Dansemus og. navnlig af deres tragi¬
644 1112 963 1195 —e Omgang,
1417 1127 3232 1229 slag at stille. De gaar ud paa, at Det kgl.komiske Roteren i den erotiske Karrusel
557 1140 649 1222 s.
681 1149 1424 1255 Han-er39-Aar ogvejer 1-40 danske
1414 1189 3000 1255 skulde bringe Forfatterens 5 Akts „Tragi“] Den store Scenes store Sukces beroede Jo
556 1215 637 1274 r-
637 1191 794 1279 Pund,
1412 1226 2196 1303 komedie“ Das weite Land til Opferelse,
2196 1231 3004 1303 for en Del paa, at Aug. Liebman med saa
1398 1269 2197 1353 Tog at Dagmarteatret ekulde genoptage
2191 1286 2998 1368 overlegen Kunst forstod at udievere Hof¬
649 1251 1392 1372 Rusddaug r
1408 1328 2198 1390 Liebelei paa Repertoiret. I det felgende
2190 1341 2994 1412 skuespiller Herbot, uden at Figuren for¬
557 1324 641 1405 8.
1409 1375 2114 1464 skal diese Forslag sagligt motiveres.
2190 1388 2997 1452 skertsede sin Sympati. Men hele det lille
560 1375 653 1468 ge
2190 1423 3001 1492 mesterlige Skuespils intime Duft af vore
1460 1437 2188 1515 Blandt de mange Argumenter, som ta¬
677 1397 914 1545 Maar
915 1399 1384 1556 Schnitzler
2191 1486 2999 1550 Keleberns Privatliv virkede aggende paa
1403 1495 2196 1577 Aler for at sette Dos weite Lund op, er det
2194 1534 3000 1624 det med „Teater“ inficereie kjebenhavnske
1412 1558 2193 1620 vigtigste og mest iejnefaldende dette, at
2191 1584 2410 1657 Publikum.
1398 1578 2203 1672 Stykket for lengst er antaget af Det kgl.
845 1528 1243 1685 kommer.
2268 1607 2999 1695 1 Das weite Land, som er ekrevet 1
1393 1650 2192 1729 Teater, at Rollerne har voret uddelt, og al
2189 1676 2999 1750 1910, behandler Forfatteren pau en dybere
537 1688 2185 1768 adEt Forslag til Det kgl. og Dag-der er malet ny Dekorationer til det, der¬
2191 1741 2993 1812 og mere omfattende Maade de samme Pro¬
1404 1753 2188 1818 iblandt en virkningsfuld Hotel-Hall med
539 1761 641 1826 re
848 1767 1209 1842 marteatret.
2185 1786 2989 1854 blemer, som han med et sardonisk Smil
1406 1795 2190 1867 Udsigt til et Alpelandskan. Man skulde
536 1811 645 1877 r¬
665 1851 2990 1923 Allerede i Begyndelsen af April kan #####ledes tro, at en Opfereise af denne Ny- leger med i sin gratiese Enakter. Kon¬
2175 1886 2980 1944 tinuiteten i denne gallisk paavirkede Ostri¬
1409 1903 2190 1959 bed ret nemt lod sig iverksette, ja, endog
537 1871 1410 1986 ietden beremte estrigske Forfatter Arthur
2181 1936 2980 1995 gers Udvikling er aabenbar; talrige Smaa¬
1416 1959 2174 2018 maatte kunne bringes i Overensstemmel¬
543 1948 1410 2036 anSchnitaler ventes hertil; han kommer for
2177 1984 2996 2049 trak i det sterre og det mindre Arbeide
1413 2009 2185 2079 se med Sparekommissionsbetankningons
619 2004 1406 2083 at holde Foredrag og leese op af egne
2177 2035 2979 2099 stemmer overens, Hovedfiguren, den in¬
1402 2049 1559 2119 Aand.
535 2053 1405 2136 en Verker —efter forst at have besogt Stock¬
2176 2072 2993 2148 tellektuelle Charmer Hofreiter, er en
531 2108 1424 2201 ds-holm, Upsala, Lund og rimeligvis ogsaa
1437 2111 2990 2206 Naar man i ovrigt tenker paa, hvil-Komperolle, som skulde vorre spillet af
630 2163 860 2225 Kristiania.
1396 2164 2987 2256 kon Lykke Schnitziers Enakter Den store Dr. Mantzius; uforstaacligt, at han opgav
534 2156 651 2251 jet
670 2193 1419 2287 I nogenlunde god Tid inden den celebre
1404 2222 2995 2284 Scene har gjort og stadig ger paa Det det; den var som skrevet for ham; denne
535 2248 1414 2333 0g Iliterere Gests Komme ligger det nar at
1408 2277 2990 2341 kgl., er det nermest vemodigt, at Das Preluderen over Motivet Don Juans Efter¬
527 2291 1406 2380 er, sperge: Hvordan kan vi nu feire ham? Og
1410 2327 2185 2395 weite Land, der nu saa lange har staaet
2178 2336 2992 2386 aar maatte Mantzius kunne have gjort
522 2371 1412 2433 talda det iser er som Dramatiker, han har
1395 2370 2176 2446 paa Lofterepertoiret, stadig ikke er naaet
2187 2380 2986 2457 uforglemmelig. Nu vilde Reumert vore
616 2417 2181 2495 vundet kontinental Beremmelse, eynes det frem i Rampelyset. Den store Scene viste
2185 2433 2616 2500 nermest til Opgaven.
2226 2469 2978 2545 Men hris „uoverstigelige Hindringer“
2167 2515 2981 2618 stiller sig i Vejen for Opforelsen af dette
511 2524 582 2613 11
2158 2572 2980 2658 Strkke, foreslaas det subsidiart, at man
520 2604 2180 2715 WEn Nybygning 1 Zoologisk Nave.
2179 2630 2975 2706 arrangerer en af de i Ojeblikket saa yn¬
518 2656 653 2749 ge.
2161 2672 2987 2747 dede Forestillinger, bestaaende af tre En¬
2161 2731 2986 2790 aktere, nemlig Literatur, Erkendelsens
1224 2710 1324 2810 9
2160 2787 2976 2854 Time og Den store Scene; man kunde og¬
2158 2823 2984 2910 saa tage Den store Scene og Pierrettes Slor
2157 2884 2985 2956 med Ungareren Dohnanvis temperamente¬
2149 2926 2980 3001 fulde Musik. Men ganske anderledes
2156 2979 2987 3056 pompast vilde det naturligvis vere at fejre
2174 3025 2982 3093 den fremmedo Gast med den store
2168 3086 2985 3154 Schnitzler-Nyhed, som Teatret gennem
2157 3131 2932 3193 Aarene har lovet, men aldrig bragt.
2213 3167 2979 3253 Det er blandt Indviede ikko nogen
2168 3214 2990 3303 Hemmelighed, at Elskovsleg er et af de
2175 3279 2986 3350 Stykker, som Dagmarteatret har tenkt sig
2166 3329 2974 3395 Muligheden af at genoptage i denne Re¬
2164 3372 2986 3449 prisernes Sason. Nogen bedre Foranled¬
2163 3419 2976 3477 ning til at gere det end Schnitzlers Kom¬
2166 3472 2968 3532 me, kunde vel daarligt unkes. Om Ri¬
2166 3524 2977 3588 siko kan der knapt vere Tale: Stykket kra¬
2159 3571 2982 3645 ver intet. Og for ovrigt viser Seesonen jo.
2163 3681 2976 3836 Politikens Abonnenter
2352 3814 2810 3959 1 Provinsen,
2140 3916 2969 4023 Isom modtager Bladet med paaklae¬
