3204 4096
156 24 348 125 24
559 22 1367 102 dreifache Narnung
1544 7 1926 111 box 4/1
336 35 1413 139 Die u.   . an
625 511 772 603 lega.
781 547 1139 638 Elevarbejder 1u
628 592 1505 689 ble-aar paa Kunstakademiet vil blive Alus##
608 650 2320 762 rund fra 12. (il 19. ds., begge Dage inklusive, fral — Nej, men saa  til Gengeld
607 712 889 788 dder.10—2.
1496 716 1870 791 Tut om Fingeren.
625 781 739 874 som
629 828 2323 948 m Arthur Schnitzler kommer til
654 917 749 1031 an
941 947 2069 1084 Kjebenhavn 1 Aften.
1255 3056 1769 3149 Arthur Schnitzler.
756 3119 2282 3207 Den beromte estrigske Digter] Nu kommer Arthur Schnitzler
688 3173 2284 3266 Arthur Schnitzler har telegrafisk til Kjsbenhavn, Men forud for
648 3259 726 3331 en
709 3266 2279 3335 meddelt Studentersamfundets For-hans Ankomst gaar den store Op¬
698 3314 2282 3409 mand, Professor Hammerich, atsigt, hans Skuespil „Reigen“ har
704 3372 2289 3441 han kommer til Kjobenhavn i Af-]vakt, paa hvilke Scener det end har
1470 3433 2288 3515 veret spillet. Men det Rygte, som
702 3443 1399 3523 ten med Berliner-Ekspressen.
759 3495 2283 3571 Det er forste Gang, den verdens-altid gaar forud for sin Mand,
566 3511 2283 3637 ### vedberomte Digter kommer til Dan-lyver, naar det gelder Arthur
545 3594 717 3661 1 Reise
549 3618 2287 3696 der fraf mark. Herhjemme er ArthurSchnitzlers Trang til Sensation.
537 3698 2284 3757 Omegn, Schnitzler forst og fremmest be-Hans Verker, hvori den kostbare¬
527 3742 2283 3809 m. Sor-Ikendt ved sine Anatol-Spil, der op-Iste Menneskekundskab er manife¬
514 3781 696 3846 mpesi.
701 3804 2278 3879 rindelig saà Dagens Lys paa Dansk steret, giver ham overalt i den
523 3826 716 3902 Billeder,
707 3875 2279 3943 1 Peter Nansens fintmerkende ogciviliserede Verden uimodsigeligt
518 3886 724 3968 der agter
709 3918 2285 3980 elegante Overseettelser af de be-Pladsen som en af Literaturens
503 3973 2294 4025 ain I. Plremte En-Aktere, som ferst blevlferste Mand, hvis kunstneriske
