3248 4384
563 198 1400 288 dreifache Narnung
173 205 534 283 24. Die
382 265 1328 321 Tmu
583 743 1233 827 Dr. Max Goldschmiet
576 821 1218 881 Büro für Zeitungsausschnitte
393 851 684 911 BERLIN N 4
951 869 1391 924 Telefon: Norden 3051
741 934 1059 990 Ausschnitt aus:
527 959 1292 1053 Stuttgarter Neues Tagblatt
863 1054 1145 1150 Jan 1925
491 1161 1477 1240 * Arthur Schnitzler kommt nach Stuttgart! Wie
435 1204 1490 1276 wir von der Büchhändlung Neff hören, leitet sie für das
438 1227 1485 1316 Jahr 1925 ihre Kulturabende mit dem bedeutendsten Re¬
445 1273 1490 1361 prasentanten des literarischen Oesterreich ein, der diesen
433 1308 1470 1385 Einladung zum 9. Januar Folge leisten wird. Schnitzter
433 1344 1467 1418 war noch nie in Stuttgart kaum je in Deutschland, und
436 1378 1470 1442 es ist daher sehr zu begrüßen, daß die Buchhandlung Neff
427 1403 1472 1497 konsequent fortfährt, die Größen des literarischen Lebens
431 1447 1477 1527 nach Stuttgart zu bringen und so das Geistesleben unse¬
427 1487 1464 1555 rer Stadt anzuregen versucht. Es ist daher zu wünschen.
427 1518 1487 1609 daß diese Kulturabende sich auch im neuen Jahr eines
423 1547 929 1625 guten Zuspruchs erfreuen¬
549 1883 1189 1970 Dr. Max Goldschmiet
551 1957 1185 2023 Büro für Zeitungsausschnitte
367 1988 651 2056 BERLIN N 4
909 2002 1354 2061 Telefon: Norden 3051
703 2076 1020 2127 Ausschnitt aus:
485 2100 1258 2190 Stuttgarter Neues Tagblatt
1083 2181 1447 2306 7. Jan. 1925
719 2294 1429 2389 #manmummmmmnnteeerereterereeeeerte###
493 2376 681 2583 74
690 3540 1158 3610 Arthur Schnitzier
431 3608 1411 3647 der bekannte deutschösterreichische Dichter, wird am
436 3646 1405 3684 9. Januar — zum ersten Mal in Deutschland — im
437 3675 1424 3728 Rahmen der „Kulturabende der Buchhandlung Paul
576 3721 1269 3786 Neff“ einen Vortragsabend abhalten.
404 3771 1326 3832 —m
1500 185 1924 283 box 4/1
2254 540 2834 606 Dr. Max Goldschmidt
2214 613 2857 672 Büro für Zeitungsausschnifte
2560 628 3024 707 Telefon: Norden 3051
2038 651 2338 713 BERLIN N4
2358 723 2735 782 Ausschnift aus:
2083 783 2999 853 Schwäbischer Merkur, Stuttgart
2611 930 2658 995 5
2276 941 2662 1039 10. lan 1
2218 997 3140 1084 * [Vortragsabend Arthur Schnitzler.] Arthur
2167 1062 3131 1127 Schnitzler, der sich bisher nür selten in Deutschland
2165 1115 3131 1169 am Vortragspult sehen und hören ließ, eröffnet
2167 1152 3137 1222 gestern Freitag abend die neue Reihe der Kultur
2174 1205 3141 1256 abende der Buchhandlung Neff. Vor zahlreiche
2174 1236 3136 1318 Zuhörerschaft las er eine Erzählung, eine Novell
2170 1296 3138 1351 und einen Einakter, von denen das dramatische Wer
2180 1335 3131 1385 wohl den stärksten Eindruck von Schnitzler al
2182 1366 3143 1433 Dichter wie als Vorleser hinterließ. Wir werde
2187 1422 2910 1481 über den Abend noch näher berichten.
2278 1477 3129 1538 ozaaaan
2163 1698 2764 1765 Dr. Max Goldschmidt
2132 1752 2778 1819 Büro für Zeitungsausschnifte
2477 1794 2950 1858 Telefon: Norden 3051
1961 1806 2280 1867 BERLIN N4
2272 1876 2639 1937 Ausschnift aus:
1998 1925 2934 1995 Schwäbischer Merkur, Stuttgart
2402 2076 2800 2181 1 0. Jan. 1925
2205 2229 2978 2305 Arthur Schnitzler in Stuttgart
2145 2281 3119 2333 T. Stuttgart 10. Jan. Schnitzler ist immerr
2107 2332 3070 2388 schon ein seltener Gast in Deutschland gewesen, nun
2108 2384 3076 2433 kommt er, im Alter, nach Stuttgart, tritt, viel
2107 2429 3071 2474 ernster und würdiger als man ihn sich vorgestellt,
2094 2463 3071 2515 vor sein zahlreiches, erwartungsvolles Publikum
2103 2500 3075 2563 und liest, eine Erzählung, eine Novelle, einen Ein¬
2101 2539 3074 2602 akter. Er liest die kleine nachdenkliche Erzählung
2103 2589 3073 2642 von der „dreifachen Warnung“ und der erste Ein¬
2099 2629 3084 2689 druck, den man von Schnitzler als Persönlichkeit
2097 2671 3081 2737 wie als Vorleser gewinnt, ist eine Ueberraschung.
2094 2723 3066 2768 Man hatte sich den Dichter der „Liebelei“, des
2103 2746 3080 2816 „Anatol“ etwas anders vorgestellt, unbedingt
2099 2786 3075 2851 wienerischer, einschmeichelnder, berückender — und
2097 2843 3068 2895 da steht ein würdiger Herr, ein Gelehrter mehr
2105 2894 3075 2938 denn ein Schriftsteller, nicht eigentlich alt erschei¬
2097 2918 3086 2976 nend, nur etwas herbstlich, umgeben von der leisen
2098 2973 3078 3023 Melancholie des Alters. Aber garnichts Wieneri¬
2105 3005 3082 3061 sches ist an ihm, nur ganz selten erinnert seine
2107 3058 3070 3108 Sprache an den Dialekt seiner Heimat. Er spricht
2096 3085 3077 3154 nicht laut, aber mit angenehmer Stimme, manchmal
2097 3145 3066 3193 etwas rasch, ohne alles Pathos, aber voll lebendigen
2099 3183 3066 3234 Ausdruck. Zuweilen blicken seine Augen rasch durch
2105 3228 3071 3273 scharfe Brillengläser über das Publikum — er
2108 3262 3070 3323 fühlte, wie durch Unruhe oder Ablenkung für kurze
2105 3302 3076 3361 Zeit der Kontakt mit seinen Hörern unterbrochen
2098 3344 3074 3401 war — dann liest er unbeirrt weiter. „Diedrei¬
2105 3381 3066 3457 fache Warnung“ ist gut als Einleitung, aber
2105 3433 3068 3488 ohne besondere Wirkung, sie müßte nicht unbedingt
2101 3476 3077 3526 von Schnitzler sein. Aber die Novelle „Das
2111 3517 3081 3579 Schicksal des Freiherrn von Leisen¬
2099 3560 3077 3615 bohg“ ist von ihm. Von Anfang bis Ende echter
2102 3600 3075 3654 Schnitzler. Elegant geschrieben, voll graziösen
2099 3643 3090 3699 Humors, knapp, farbig, Wiener Milieu, mit dem
2102 3684 3087 3730 Duft der eleganten Welt — das tragikomische Schick¬
2103 3740 3089 3785 sal eines ewig enttäuschten und ewig auf Erfüllung
2106 3782 3085 3832 hoffenden Liebhabers. Noch mehr offenbart sich der
2104 3826 3081 3870 echte Schnitzler in dem Einakter „Große
2115 3863 3080 3917 Szene“ aus dem Band „Komödie der Worte“.
2108 3907 3093 3961 Er liest das Stück sehr eindrucksvoll. Man siebt die
2102 3953 3091 3996 handelnden Personen: den Schauspieler, der Schau¬
2110 3984 3093 4054 spieler ist und bleibt, auf der Bühne und im Leben,
