3248 4384
197 217 390 311 24.
606 224 1430 291 drei fache Narnung
420 223 504 295 D i
383 212 1977 341 nsmang box 4/1
2273 805 2659 867 Nen ungensten Der.
1744 831 2673 899 Lmrehen. Gestern ist über die Personenfrage noch
2703 859 2921 935 Der Fir¬
772 879 2675 933 —##n Lrann fuhren wird, ist gestern bereits nicht gesprochen worden. Das Ergebnis der, wenn
2656 899 2909 963 nach amtlich:
740 900 2657 964 dargelegt worden. Das Zentrum hat mit diesem man alles zusammennimmt nun schon monatelang
2659 951 2908 999 lionen Doll¬
1698 938 2662 994 währenden Kabinettskrise würde, wenn nicht in letz¬
744 961 2661 1038 Entschluß sich grundsätzlich für eine Regie=ter Stunde noch eine Lösung eintritt, eine Regie¬
2660 984 2916 1042 sche und scht
735 995 2916 1057 rung der Mitte entschieden und inrung werden, die angeblich unparteilich, in Wirklich= Wallstreeti
1746 1107 2906 1153 h. 11; Masken und Wunder, N. 12: Professor selber nicht
953 1101 1502 1197 Artur Schnitzler.
1692 1124 2669 1191 Bernhardi, Th. 12; Frau Beate und ihr Sohn, N. 13;
2716 1147 2902 1209 Für De
1701 1173 2652 1230 Komödie der Worte, Th. 15: Fink und Fliederbusch,
795 1169 1700 1230 Die nächsten Tage werden Gelegenheit geben,
2666 1180 2879 1241 sich, ohne
1698 1206 2266 1263 Th. 17: Doktor Graesler, N. 1
2280 1215 2654 1265 ; Casanovas Heim¬
743 1216 1698 1262 einen der hauptsächlichsten Vertreter des literarischen
2668 1227 2897 1289 zweiten Re
1713 1242 2666 1306 fahrt, N. 18; Die Schwestern, Tb 19; Der tapfere
746 1250 1699 1299 Oesterreich kennen zuelernen: Artur Schnitzler.
1711 1270 2444 1344 Cassian, Th. 22; Fräulein Else, N. 24.
744 1290 1702 1332 Man hatte eine Zeitlang wenig mehr von ihm ge¬
737 1321 1698 1374 hört, und so war er dem Gedächtnis des raschleben¬
2701 1339 2895 1412 Das ar
748 1360 1696 1414 den Zeitalters entschwunden. Durch ein novellistisches
1706 1343 2902 1441 Karl Spitteler über Goethe und Schiller. chor unter
748 1390 1707 1451 Meisterstück, „Fräulein Else“, hat er aber im ver¬
1752 1414 2673 1480 In seinen „Lachenden Wahrheiten“ macht Karl
734 1422 1703 1485 gangenen Herbst bekundet, daß seine dichterische Sen¬
2656 1426 2896 1485 ganisten F
1698 1450 2662 1498 Spitteler einige Bemerkungen zur einseitigen
742 1456 1582 1518 dung noch nicht für abgeschlossen gelten darf.
2660 1471 2903 1525 faßte sich a
1698 1495 2660 1549 Schätzung Goethes auf Kosten Schillers, die auch
808 1491 1699 1547 Schnitzlers Gestalten kreisen alle um den Eros,
2653 1505 2894 1565 storbenen!
737 1517 1695 1589 freilich meist um einen Eros Wiener Prägung. Die
1700 1536 2658 1587 heute noch interessant sind und zugleich Spittelers
2661 1547 2898 1601 hervorrage:
741 1566 1696 1611 leichte, zuweilen etwas saloppe Art der Wiener
1703 1578 2653 1624 eigene dichterische Stellung beleuchten. Man kann
2664 1591 2874 1640 muß und
740 1602 1703 1653 Lebensauffassung bestimmt den Charakter seines
1702 1617 2658 1671 beobachten, wie die Verehrung für Goetbe immer
2657 1617 2894 1684 harmonisch
742 1640 1695 1690 Dichtwerks. Von anderer Seite her wird dieser
1704 1650 2649 1704 wieder fast in periodischer Folge zu einer Schwär¬
2659 1669 2893 1721 zu einer b
733 1664 1699 1719 Charakter noch bestimmt: Schnitzler ist Arzt. Er hat
1704 1693 2649 1746 merei ansteigt. Spitteler wendet sich nicht gegen diese
736 1708 1697 1753 auch als Dichter den scharf diagnostizierenden und
2662 1705 2898 1759 großzügig
1697 1726 2655 1790 Verehrung, sondern gegen die Einseitigkeit der
731 1735 1694 1788 doch verstehenden Blick und das psychiatrische Wissen
2663 1745 2894 1804 in G=Moll
1696 1767 2385 1815 Schwärmerei. Der Abschnitt lautet:
745 1773 1690 1827 des Arztes. Das wird gerade in seiner letzten No¬
2655 1779 2897 1841 führung, si
741 1799 1705 1866 velle deutlich. Sie ist eine Art Ich=Novelle, die aber
1837 1805 2529 1855 Der degradierte Schiller.
2666 1826 2878 1879 monischen
735 1841 1701 1890 nicht gesprochen oder geschrieben, sondern gedacht
1750 1863 2647 1927 „Goethe der Dichterkönig". „Goethe der Dichter¬
2661 1856 2888 1920 tischen Schl
740 1868 1695 1930 wird. Die Handlung ist in den Zeitraum von wenigen
1693 1877 2660 1962 fürst". „Goethe, der größte Dichter der Deutschen“.
2650 1906 2898 1952 von dem L
740 1916 1695 1949 Stunden beschlossen und in diesem Zeitraum voll¬
1702 1931 2564 1984 „Goethe unstreitig der erste deutsche Dichter“.
2633 1939 2785 1997 auch o
740 1947 1692 1989 endet sich und zerbricht ein junges Menschenleben.
2803 1940 2893 1997 nd
1745 1966 2655 2038 Wenn ich das lese, und ich lese es täglich wenig¬
739 1985 1708 2030 Kraus und sprunghaft, und dennoch in bestimmter
2655 1984 2709 2031 ge
2845 1986 2896 2029 2
1702 2004 2655 2058 stens dreimal: so muß ich mich staunend fragen:
735 2018 1693 2071 Richtung entwickeln sich die Gedankengänge der halb
2655 2020 2701 2063 U
732 2051 1300 2112 unbewußten Traumhandlung.
1699 2053 2653 2119 Woher wissen das die Leute? Wer hat ihnen das
798 2071 1689 2130 Das Urteil, das Schnitzler über sich selbst einmal
1696 2083 1860 2150 gesagt?
1596 2108 1636 2140 111
2833 2098 2899 2156 ol
739 2119 1700 2172 mit den Worten sprach: „Ich habe nicht den Mut,
1738 2115 2659 2189 Jedenfalls keiner von denen, die zum Urteil be¬
2812 2140 2882 2188 1
2649 2123 2779 2184 tate „
731 2156 1695 2205 nicht das Temperament, nicht die Einfalt, um iemals
1700 2158 2656 2237 rufen sind, ich meine keiner, der selber etwas Rech¬
2649 2167 2897 2230 Orchester u
733 2184 1699 2242 gleubig Partei zu ergreifen,“ ist in ähnlichen Worten
1698 2205 1897 2259 tes kann.
2648 2213 2884 2268 schristlichen
736 2223 1697 2274 zuweilen von einem Kritiker ausgesprochen worden.
1755 2238 2649 2306 Einst galten Goethe und Schiller für eben¬
744 2259 1700 2299 Aber es wäre falsch, ein solches Urteil einseitig zu
2654 2253 2885 2307 darstellt, a.
1691 2270 1856 2343 bürtig.
740 2286 1701 2332 betonen. Auch im Spiel mit dem Stoff. mit der
2655 2292 2892 2344 und der B
745 2325 906 2369 Form
1746 2323 2648 2382 Auch habe ich persönlich während meines Lebens
943 2311 1707 2389 Meisterschaft möglich, und Schnitzlers
2650 2329 2889 2383 Der zu Gr
728 2361 1411 2413 Meisterschaft ist hier unbestreitbar.
1689 2342 2645 2435 nicht einen einzigen bedeutenden Mann gekannt, der
2656 2370 2882 2424 lischen Be
804 2382 1687 2439 Schnitzler hat sich bisher in Deutschland kaum je
1692 2402 2135 2455 anders geurteilt hätte.
2648 2409 2882 2469 des Aposte
745 2425 1703 2493 hören lassen. Um so herzlicher wird er, da er am
1747 2430 2649 2497 Ich kann Ihnen sogar Leute von gutem Namen
2651 2447 2877 2507 lippi, die
739 2462 1694 2510 Freitag im Rahmen der Kulturabende der Buchhand¬
1691 2461 2671 2536 nennen, die Schiller entschieden für größer hielten
2653 2487 2885 2549 freiung de
743 2491 1695 2545 lung Neff sprechen wird, in Stuttgart begrüßt wer¬
1693 2519 2651 2593 als Goethe: z. B. Gottfried Keller und Jakob Burck¬
2637 2521 2891 2585 meisters u
732 2532 1688 2578 den nicht nur als der berühmte Literat und der
1695 2555 1833 2607 hardt,
740 2560 1699 2629 große Dramatiker, der er ist, sondern auch als der
2648 2567 2888 2618 gänge wer
730 2588 1546 2647 Vertreter des österreichischen Brudervolkes.
1736 2595 2652 2655 Mögen nun auch Millionen von Unberufenen
2651 2611 2875 2657 überzeuger
792 2624 1688 2681 Aus Anlaß des Vortragsabends des Dichters ver¬
1700 2636 2871 2689 täglich und stündlich den Dichterkönig ausschreien im Komponist.
729 2676 1699 2719 anstaltet die Buchhandlung Neff, Marienstr. 32, in
1694 2673 2860 2719 Reklamestil, nach dem Rezepte: „Odol unstreitig das wandtheit
735 2710 1698 2751 ihrem Schaufenster und Laden eine Ausstellung
1691 2719 2652 2781 beste Zahnwasser“; so bedeutet das kein Urteil, son¬
2644 2727 2862 2776 musikalisch
728 2739 1687 2791 der gesamten Werke Schnitzlers, die hier unter Bei¬
1692 2754 2658 2820 dern bloß eine Anmaßung. Lassen Sie sich von den
2643 2760 2862 2819 Neben der
742 2777 1687 2839 fügung des Erscheinungsjahrs zusammengestellt sind.
1686 2791 2644 2853 kleinen Kingsmakern nicht beirren. Wenn alle
2642 2799 2855 2851 sonders al
740 2811 1464 2866 (Th. = Theaterstück, R. = Röman, N. =
1448 2813 1637 2857 Novelle.)
1698 2836 2640 2883 gegenwärtigen Dichter aller Nationen zusammen¬
788 2828 1690 2890 Anatol, Th. 93; Das Märchen, Th. 94: Sterben,
2641 2839 2875 2895 führten, he
732 2865 1690 2922 N. 95; Liebelei, Th. 95; Freiwild, Th. 96; Die Frau
1701 2874 2643 2926 stünden, so brächten sie alle miteinander nicht eine
2786 2880 2877 2930 (P
2651 2880 2783 2928 Haas
731 2912 1695 2963 des Weisen, N. 98; Das Vermächtnis, Th. 98; Para¬
1691 2909 2647 2970 einzige Strophe zustande von dem Werte, wie eine
2643 2916 2869 2971 (Lydia, Er
740 2948 1690 2999 celsus, Th. 99: Die Gefährtin Th. 99: Der grüne
1692 2947 2645 3013 Schillersche Strophe wert ist, und keine sieben Jam¬
2645 2953 2858 3013 fleischr
740 2975 1688 3029 Kakadu, Th. 99; Reigen, Th. 00: Der Schleier der
1696 2985 2643 3062 benverse von der Stilgröße, wie Schillersche Jam¬
2635 2994 2866 3050 Ganzen be
732 3020 1684 3061 Beatrice, Th. 00; Leutnant Gustl, N. 01; Bertha
1696 3027 2001 3087 benverse tönen.
2634 3035 2876 3094 ten wahrh
739 3055 1695 3105 Garlan, N. 01; Lebendige Stunden, Th. 02; Der
1743 3062 2645 3135 An dem Grade der Bewunderung, mit welcher
2636 3071 2879 3138 einander e
735 3077 1698 3136 einsame Weg, Th. 03: Die griechische Tänzerin,
1696 3094 2636 3174 einer Schillers Namen nennt, können Sie schließen,
739 3116 1703 3167 N. 01; Zwischenspiel. Th. 05; Der Ruf des Lebens,
2643 3115 2848 3165 unsern G
1688 3147 2367 3194 oö er selber etwas kann oder nicht.
733 3146 1694 3199 Th. 05; Marionetten, Tr. 06: Dämmerseelen, N. 07;
2638 3152 2866 3206 und Abschl
1741 3185 2643 3244 Wer Schillers Namen anders als mit der
742 3193 1692 3242 Der Weg ins Freie, R. Komtesse Mizzi, Th. 09;
2644 3194 2863 3249 Gedächinis
734 3222 2873 3282 Der junge Medardus; Th. 09; Das weite Laud, größten Ehrfurcht und Bewunderung nennt, kann (gemeinde!
775 3296 1629 3401 Paul Meff Sortiment
960 3376 1448 3473 STuTTGARL
