3344 4384
1769 157 3267 241 der han vel i sin markelige milde Granse. Han er vovet, javel, og
897 182 1074 267 S
1077 183 1351 277 S
1776 181 3261 308 og dog saa starke Skildring-Det uden saaligt Hensyn til Borgerska¬
949 276 1115 332 5
1779 269 3270 366 at de. — =Sterber.-, Bogen om bets moralske Pigtraad skildrer
1546 317 1586 355 80
1005 315 1132 372 S
1774 319 3269 416 Krindens hensygnende Karlighed han Kerligliedslivets Intimesté
1579 352 1643 430 25
1760 378 2525 466 til den deende Mand. Det er Li¬
2541 403 3289 481 Momenter. Men det var aldrig for
412 407 616 481 W
1766 422 2980 517 vet, der her lever os i Made fra Sensationens Skyld.
405 468 623 549 S
1556 465 1609 535 82
1761 484 2249 571 Bogens sorte Linjer.
2366 553 2532 640 —
349 625 450 716 1.
1756 616 2518 723 Om Arthur Schnitzler.
2529 626 3260 751 Protessioner schmehyr
1813 716 2538 817 Arthur Schnitzler er frem for
2557 779 3255 877 Han blev grebet paa fersk
1762 781 2533 867 alt Menneskekenderen — Som
563 781 885 909 S
2774 841 3045 911 Geming.
1766 838 2533 926 Kunstner Livets og Livsspillets er¬
2550 880 3271 973 I Gaar fremstilledes i Dommervag.
1755 906 2520 987 farne medindviede, den gennem,
2530 955 3271 1026 ten for Dommer Friis en professionel
1758 964 2512 1049 trengende Psykolog, den skepti¬
711 1011 787 1066 —
2528 1003 3274 1068 Lommetyv Svend Samnelsen, der bl.
1782 1028 2522 1102 ske og hensynslese Realist, der
2531 1047 3276 1118 a. har afsonet to Straffe i Vridslese¬
1769 1078 2516 1159 uden at kende Forlejethed tillige
2530 1093 3009 1165 lille for Lommetyveri.
329 1090 1776 1184 Schnitzler overraskede os alle.1kede jeg dette uforklarlige noget,
1770 1126 2531 1231 kan tale Poesiens skenne Sprog,
2565 1144 3272 1219 Han var bleven anholdt udenfor II¬
296 1154 1020 1219 sammen. Han ventedes Fredag,
1044 1150 1659 1235 der ligger i den danske Luft.
2535 1190 3281 1257 lums Magasin paa Östergade, hvor
1773 1189 2518 1278 og som i sin rene, redelige Stil
288 1218 1040 1272 men Onsdag Nat, mens vi alle
2527 1245 3271 1336 han stjal fra to Damer, der saa paa
1787 1253 2522 1333 erligt giver os Livet, som han med
288 1270 970 1337 sov trygt, kom hans Telegram:
1037 1251 1769 1364 „Jeg har ingen Tendens
2528 1296 2989 1360 Udstillingsvinduerne.
1782 1325 2524 1412 sin fine Ironi og levende Sympati
323 1334 865 1392 =Jeg kommer Torsdag.-
2558 1323 3271 1411 En forbigaaende Herre havde imid¬
1153 1334 1776 1435 Hvad vil De med Deres
1781 1371 2070 1444 opfatter det.
2537 1398 3274 1455 lertid set Samuelsens Arbejde, og han
324 1391 1035 1452 Og ud af Berlinerekspressens
1033 1407 1219 1481 Kunst?
2528 1442 3275 1510 foranledigede straks hans Anholdelse.
1802 1418 2533 1518 Schnitzler fyider paa Tirsdag 61
287 1452 1032 1504 Der sprang i Aftes en lille vaver
1094 1459 1772 1548 — Jeg -vile intet. Jeg skriver
2564 1491 3278 1566 Da Samuelsen blev fremstillet, til¬
1780 1504 2518 1570 Aar. I snart en Menneskealder
279 1502 1029 1571 Skikkelse med Satyrskag, graanet
1042 1521 1766 1602 aldrig Tendens. Skikkelserne i mi¬
2532 1541 3274 1605 stod han sig straks skyldig 1 de to
1780 1540 2522 1629 har han staaet i ferste Rakte
288 1555 1026 1636 Tjavsehaar og muntert spillende
2526 1586 3278 1664 Lommetyverier, men han nagtede at
1036 1580 1768 1669 ne Beger og Skuespil er frie Men¬
1778 1611 2521 1686 blandt de tysktalende Landes lite¬
279 1632 1026 1711 Ojne. Arthur Schnitzler var i Ke¬
2525 1635 3191 1705 have gjort sig skyldig i andre.
1030 1647 1765 1706 nesker, der handler og lever, det
1780 1663 2082 1742 rare Navne.
288 1670 502 1740 benhavn.
2547 1675 3273 1750 Politiet har imidlertid i den senere
1018 1699 1781 1789 er ikke mig, der taler igennem dem
2526 1725 3271 1798 Tid faaet en Rakke Anmeldelser om
1813 1713 2514 1809 Han, der nu er Gstrigs beromte¬
388 1735 1776 1823 Interview! udbryder Schnitz- Der gives aldrig nogen Person hos
2528 1787 3273 1844 lignende Tyverier, og indtil videre er
1785 1775 2510 1871 ste Forfatter, debuterede i 30 Aars
274 1791 1024 1863 fer. Aldrig! Ikke af Uvilje eller
1027 1815 1764 1897 mig, der er mit Talerer. De kan si¬
2522 1825 3269 1909 Samuelsen ogsaa bieven sigtet for at
1784 1842 2517 1927 Aalderen som Dramatiker med
274 1860 1025 1921 Angst. Men jeg ved siet ikke,
2528 1882 2952 1953 have forevet disse.
1040 1878 1770 1960 ge: det og det siger den og den
1783 1899 2532 1995 Anatol, syv dramatiske Billeder-,
269 1916 1022 1981 hvad det er for noget. Den Slags
2550 1901 3256 2004 Dommer Friis afsagde Fangslings
1026 1934 1761 2016 hos Schnitzler, men aldrig: Det si¬
1767 1956 2525 2042 en levende Skildring fra Datidens
2531 1972 2992 2055 kendelse over Manden.
289 1967 858 2046 Ting har vi ikke i Ostrig.
1012 1991 1766 2080 ger Schnitzler. Jeg siger aldrig
1776 2013 2523 2102 Wien, med den -letsindige Melan¬
351 2031 1019 2097 — Forboldene er jo overhovedet
2705 2041 2962 2110 Gka
1012 2057 1766 2137 Inoget ... Schnitzler ser hen for
1770 2075 2520 2158 koliker-, den unge letlevende Ana¬
275 2073 867 2162 daarlige i Ostrig, siger vi.
1032 2126 2526 2210 sig, som greb han sig selvi en ube-Itol, tegget med let ironiserende
361 2147 1009 2230 Ja, vi der langsomt af Hun¬
1029 2165 1764 2251 vidst Usandhed. Saa klarer han
1762 2195 2525 2280 Forstaaelse som Hovedfigur, Med
262 2212 1018 2281 ger. Og af aandelig Hunger. Hvem
2601 2188 3207 2301 Standerheisnin,
1027 2233 1764 2306 langsomt op. Og dog maaske, fort¬
1776 2247 2531 2337 Skuespillet -Elskovslege 1894, som
277 2270 1010 2332 kan vel kobe en Bog til nogle Hun¬
1032 2284 1756 2357 setter han. Det kan jo hande, at
2558 2270 3221 2390 paa „Helgoland“,
1782 2309 2517 2399 3 Aar efter spilledes her pa Folke¬
272 2301 1024 2396 dredtusind? Aaandsarbejderen
1028 2344 1765 2408 Pennen leber over med, hvad
1776 2366 2520 2447 teatret, sloges Schnitzler fast som
285 2381 1018 2446 ikke. Kun Gullaschfolkene. De
1035 2399 1755 2480 Hjartet er fuldt af, og man kom¬
2561 2383 3250 2493 Vore Liratsklubber har1ar ib##
1779 2439 2515 2517 det umiskendeligt fremragende Ta¬
261 2425 1017 2516 gaar i Boghandlerne og keber Be¬
1030 2462 1769 2528 mer til at give lidt af sig selv. Men
2521 2472 3260 2545 Tid til at vente paa Bade nstalten
1774 2487 1903 2558 lent.
271 2496 1014 2576 ger i Hyldevis. Men Neden ses
1029 2522 1740 2614 det var altid mod min Vilje
2526 2517 3272 2615 Helgolandes officielle Aabning
1807 2540 2511 2625 I disse ferste, som i mange af
277 2559 1025 2615 ikke i Wien. Den agte Wiener li¬
2531 2573 3075 2644 der indtraffer den 15. Maj.
1767 2594 2525 2688 Schnitziers senere Varker er det
273 2612 1019 2683 der i Stilhed og der Fiber for Fi¬
2553 2612 3265 2694 Teknologisk Instituts Idrestsfore¬
1040 2625 1766 2725 „Helst ingen Festlighederl a
1767 2658 2518 2748 centrale, den sorglese, lette — eller
2525 2676 3266 2743 ning indfandt sig allerede i Gaar
263 2674 553 2744 ber af Sult.
1094 2707 1762 2809 — Fejrer De Deres Fedselsdag i
2520 2719 3277 2786 Formiddags paa-Helgoland: for at
1779 2718 2507 2801 maaske letsindige — Erotik. Ho¬
2527 2768 3269 2838 foretage Standerheisning. Der med¬
320 2769 982 2845 Schnitzler og Danmark.
1026 2768 1570 2857 Kobenhavn denne Gang?
1766 2769 2518 2857 vedpersonen, den flagrende unge
2523 2816 3268 2886 te et halvthundrede Medlemmer, Da¬
371 2844 1030 2899 De har viret i Danmark fer?
1780 2834 2510 2909 Kvinde, der oplever et eller flere
1068 2838 1753 2907 —Nej, jeg har Fedselsdag paa
2522 2862 3268 2934 mer og Herrer, som enskede at over¬
359 2896 1011 2976 o Gange. 1896 og 1906. Sidste
1773 2898 2509 2968 en Smule lese Karlighedsforhold,
1031 2892 1763 2975 Tirsdag, men jeg fejrer den ikke.
2522 2917 3256 2982 vmre det hsitidelige Ojeblik, da Stan¬
270 2949 1004 3029 Gang var jeg i Skodsborg. Forsv¬
1781 2963 3260 3026 og som livsglad og livsfro, frejdigt deren reg til Veirs. Det skete Kl. 11.
1033 2955 1763 3036 Gor endelig ingen Fest for mig. Jeg
2542 3015 3259 3080 Forinden holdt Formanden N. P.
266 3002 977 3080 rigt resulterede mit Ophold de.
1030 3019 1378 3085 hader at fejre.
1762 3020 2513 3083 danser sig ind i Armene paa sin
2533 3055 3259 3122 Wielsen en iille Tale, hvori han priste
259 3070 1030 3154 Novellen -Den Vises Hustrut. Alle
1772 3073 2513 3154 naste elskede Ven. Hun findes
1122 3053 1756 3146 Da vil De dog blive fejret af
2518 3112 3261 3175 det gode Kammeratskab, der altid be¬
1771 3137 2503 3211 overalt. Men i schnitzlersk Renkul¬
1025 3132 1762 3206 Det kongelige Teater ved en Fest¬
260 3130 1004 3210 Lokal eierne er Skodsborgs,
2510 3160 3255 3221 stod mellem Svemmerne. Det var hans
1755 3171 2511 3275 tur, vel kun i Ferkrigstidens lykke¬
272 3193 1625 3252 Strandvejen og det hele. Stranden, 1forestllingen en af Dagene.
2528 3208 3256 3282 Haab, at det maatte blive en god
269 3259 1019 3313 Sundet, Svenskekysten. Og den
1765 3246 2500 3316 lige Wien, Donaubyens -süsse Md¬
1137 3248 1761 3325 Hvad spiller de? sporger
2529 3257 3261 3320 Svemmesason, og idet Standeren gik
2527 3314 3272 3375 til Veirs, udbragte han et Leve for
1018 3312 1500 3391 Schnitzler frygtsomt.
267 3311 1013 3363 lille svenske G Hveen hed¬
1756 3288 2506 3392 delt. Dette Moment i Schnitzlers
2524 3356 3221 3426 Flaget og den adle Svemmesport.
278 3362 575 3442 der den vist.
1778 3370 2507 3443 Produktion har skaffet ha men an¬
1127 3365 1759 3448 Deres -Den store Scene- og
2548 3413 3254 3472 Saasnart Standeren var heist, be¬
1027 3413 1441 3500 Balletten-Napoli=.
299 3427 1014 3492 Jeg befinder mig aldeles udmar¬
1766 3430 2505 3494 seelig Skare indignerede Modstan¬
2521 3450 3264 3524 nyttede 15 Medlemmer af Idretsklub¬
268 3464 1026 3570 ket i Deres Land. Jeg ved ikke,
1074 3486 2510 3544 — Herregud! Men skal jeg da ab-dere, der af et godt Hjarte og med
2519 3498 3262 3570 ben Leiligheden til at tage den fer¬
257 3541 1024 3623 hvad det er, jeg elsker ved de nord¬
1026 3539 1409 3624 solut gaa derhen.
1756 3534 2499 3612 en fremragende Evne misforstaar
2528 3557 3258 3615 ste Dukkert i Sundets blanke Vöver.
2520 3607 3270 3688 skont Vandet kun holdt 8 Graders
1111 3605 1553 3678 Det forventes vist.
264 3608 1020 3660 lige Lande. Röen, Menneskenes
1764 3607 2500 3680 den store Östriger, og som beklik¬
263 3660 1024 3727 Forekommenhed, hele Atmosferen.
1112 3660 2507 3713 Godt. Naar saa-Den storej kede hans Kunstnernavn med Be¬
256 3724 1013 3802 Allerede da jeg fik mit Pas paa det
1015 3708 2519 3784 Scenes er spillet kommer jeg ogltegnelsen frivol. Schnitzler er Rea¬
1749 3752 2544 3866 listen. hvem kun Kunsten setter
242 3775 1336 3859 danske Gesandtskab i Wien, meer-ser Balletten.
