3296 4224
166 234 250 326 1.
1427 210 1959 304 box 36/4
287 221 1357 330 Panphlets Offorints
856 940 2484 1007 graues Leuchten, schräge Mansardenlinie, Heiligenschein um eine mehr liebens¬
859 997 2487 1065 werte denn zu rechtfertigende Gestalt; alles dies wimmelt punktweis, rast um den
855 1065 2475 1118 Vorrang, immer wenn das Eine bleiben will, kommt ein entfernteres da¬
849 1113 2487 1186 zwischen mit herzklopfender Hast, bruchstücklich, wie bei schlechtem Filmwechsel
859 1182 2481 1250 im Kientopp, man ruft auf arabisch „imschi!“, sie zu scheuchen, Ordnung zu
860 1246 2484 1315 stiften — und hierzu fühlt man etwas Drittes gestaltlos und stärker dabeiliegen,
852 1297 2480 1357 dies ist offenbar „Das weite Land“ aber man hat keinen Seheindruck, nur
858 1358 2488 1429 Erinnerung an einen Denkeindruck . .. ziviler Art, der einmal stärker gewesen
851 1420 2482 1503 sein muß; das ist wie eine Last, unangenehm zu erledigen, weil sie so schwer
861 1478 2487 1546 Greifbares hat, — das blitzt auf, oder dämmert nach, zwischendurch brüllt
859 1553 2483 1620 man „imschi!!“, würgt mit stählernen Händen dreie zurück . . . und kniet nun
861 1606 1306 1679 auf dem Medardus.
922 1648 2464 1723 Es giot Rückfälle. Sie wagen sich vor: man solle wenigstens etwas Ge¬
861 1755 2473 1794 meinsames für alle voranstellen, „Generalnenner“, drei furchtbare Tritte.
855 1785 2468 1851 Und die Hand nicht vom Kehlkopf des Medardus. Hier bleibst Du. Soooo.
854 1849 2482 1917 Sammlung schwebt hernieder. Man kreuzt nun die Beine, lockerer, auf seiner
862 1904 2480 1971 Brust... Man versinkt. Nach kurzer Frist schleicht wieder Helene ... Weg! ...
862 1970 2485 2039 (Das ist jenseits vom Stück.) Abermals Friede. Sammlung. Nun erinnert
858 2026 2482 2115 man sich an Vorgänge, Wirkungen beim Lesen des Buchs. Man sieht mit
851 2099 2485 2171 offenen Augen . .. nirgendshin. Eine Diwanecke wird bei solchem inneren
856 2162 2488 2238 Rück=Sehen sichtbar, das Buch wird sichtbar, die eigne erhobene Hand, die es
853 2210 2483 2267 damals hielt, der Lampenschein jenes Abends, Geflecht und Schlurfblasen der
861 2281 2489 2348 edlen Wasserpfeife. Welche Eindrucksformen hatte man? Jetzt kommt es. Es
862 2357 2476 2427 schwebt hernieder. Zurück, Bande!!! Die Zeichnung auf dem Umschlag ...
1624 2457 1717 2528 II.
973 2529 2484 2624 as ist es. Man sah Kanonen auf dem Umschlag. Bei Schnitzler Kanonen,
843 2554 2455 2663 .— die frei von Sarkasmus waren. Etwa Folgendes spielte sich mennb¬
915 2640 2481 2704 Man denkt an den Leutnant Gustl (welchem von den Auflagen Schnitzlers
854 2705 2484 2776 die zweithöchste Zahl beschieden ist). Kanonen. Aus dem Unkergrund bricht ein
865 2779 2496 2834 leicht atemschmälerndes „.. . . .?!??“ Man liest im Bestande der auftretenden
859 2839 2490 2897 Menschen. „Sattlermeister“, „Drechslermeister“ — (ein zweiter Laut entringt
853 2883 2387 2947 sich). „Buchhändler“; das geht noch für den Arthur. Aber Sattl .....
909 2949 2496 3022 Immerhin setzt sich dieser Sattler ans Spinett und „schlägt beiläufig einige
852 3014 2484 3077 Tasten an“. Er ist vom Arthur. Wieviel Bewegung, welche Massen — ist
864 3062 2482 3135 es der wienerische Florian Geyer? (murmelt man). Jedenfalls: da schon im
867 3127 2472 3190 ersten Akt ein Prinz einen Selbstmord mit einer Bürgerstochter vorbereitet ...
870 3199 2495 3263 denn sie haben es miteinander getan, wovon man in Berlin leise fragt:
2246 3247 2489 3329 sie dürfen
856 3247 2207 3324 „Wollen wir das mal tun?“ Das haben sie miteinander getan,
866 3323 2389 3394 sich aber nicht heiraten, sterben schon im ersten Akt . . . es ist vom Arthur.
1040 3417 1211 3525 1772
