3436 4320
172 1463 255 1533 hen
168 1524 250 1591 eser
169 1589 227 1653 ori
178 1714 217 1770 in
153 1768 242 1842 k ein
140 1832 247 1901 zuen.
146 1886 247 1965 die
129 1949 260 2020 arz,
130 2017 258 2105 gust.
132 2079 253 2144 gond¬
141 2139 244 2212 kind,
143 2202 242 2272 rab¬
146 2258 254 2330 mit
129 2324 256 2400 schen
136 2386 264 2461 nicht
126 2427 261 2515 ayne
127 2505 257 2589 s ist
130 2561 262 2636 ffolk.
125 2631 253 2700 rom¬
122 2688 264 2761 llend
134 2750 260 2812 ver¬
124 2811 259 2881 ettler
112 2875 258 2955 afts¬
153 2941 253 3008 an:
140 2995 259 3066 mit
133 3058 248 3137 Haus
147 3127 249 3194 ver¬
143 3235 243 3317 hnitz¬
146 3368 235 3438 ipor.
2004 212 2258 303 —
1510 283 1965 376 box 36/4
151 260 1326 386 1. Panphlets, offprints
1296 333 1351 399 —
812 1027 2438 1087 man rastet am reifen Nachmittag (immer nach scharfem Sport) im alten
815 1089 2432 1157 Gasthof einer behagens=gefriedeten Ortschaft, einem Landstädtlein, umbuscht der
806 1150 2435 1238 Garten (worin die Bürger Zeit haben); mit, auf dem Rasen, bowl=Spiel;
803 1221 2441 1274 gespielt von ruhig gefestigt friedvollen Einwohnern am Spätnachmittag. Neben
798 1281 2427 1333 dem Gasthof mit alten Gegenständen, einem breiten und einem schlanken Mann
809 1345 2426 1398 und sicher=still geschürzten Frauensbildern steht im viereckigen Garten auf dem
796 1398 2431 1452 kurzgestoppelten Gras ein Tisch; wir nehmen Tee, auch des tartines von Weiß¬
800 1461 2425 1519 brot mit Butter, mit Honig, etwas Kuchen, die einzige gelagerte Flasche Cham¬
806 1539 2430 1598 pagner; John hat nie Wein getrunken und trinkt nicht, weil er in einem be¬
808 1583 2427 1650 stimmten Zeitpunkt vierhundert Mark von seinem Vater bekommt für nie ge¬
798 1650 2433 1713 raucht und für niemals Alkohol geschmeckt haben. Oder: man gleitet über
808 1708 2427 1770 Land nach einer Besitzung, die abgeschlossen liegt, zum Tennis auf dem Rasen.
802 1768 2433 1841 And we had a tea. Die zwei Damen in Trauer sind im Landhaus. Alle
804 1834 2433 1897 kommen aus der Nachbarschaft. Auch das englisch=westindische Geschwisterpaar.
855 1906 2041 1958 Oder: am umdunkelten Abend Gänge, fern, an Steinen.
866 1942 2426 2014 Oder man rast mit den rings ansässigen englischen Freunden durch das Land,
799 2009 1757 2088 nach Beccles und Bungay und Halesworth.
855 2073 2221 2134 Oder Gänge, wunderbar, über Wiesen mit Holzgattern und Vieh.
853 2126 2437 2199 Jede alte Frau der Grafschaft kennt die holden Begleiterinnen seit dem
811 2193 1711 2270 Wickelbett; diese sprechen ehrfürchtig zu ihr.
936 2279 2430 2331 .Die elfjährige Margaret radelt nacktbeinig durch Dorfstraßen. Mary
797 2317 2434 2371 (neunzehn) trägt, wenn sie bei der cook mit Apfeln steht, eine Brille. Der junge
795 2380 2434 2435 rothaarige Edelmann und der Sohn eines müden Rats vom Schatzamt zeigen
792 2443 2431 2496 mir vormittags drüben im Städele den Betrieb einer Brauerei; da sieht man
796 2496 2423 2565 wie stout gemacht wird. Wir trinken welches . .. Oder abends ist auf dem Lande
792 2554 2423 2636 Ball, in einem sehr einfachen Leseraum im Vikariatsgarten, um den eine kleine
799 2629 2433 2693 Steinmauer geht... Die Pausen sind das Schönste... In der Steinmauer
805 2680 2424 2750 ein Hürdenausgang bei Büschen, gelb der volle Mond hoch über dem Ausgang;
794 2743 2422 2800 unfern der Fluß mit der still (um diese dunkle Zeit) in der Mitte liegenden
794 2814 2432 2881 Fähre, dem terry. In der Flußflut, von der Mündung in die See kaum
800 2866 2429 2918 zwanzig Meter ab, ist Wasserleuchten. In einem Strom mit Ufern sommer¬
801 2925 2427 3005 liches Meerwasserleuchten. Am Fluß ein Weg, bis wo ein bauchig=hohes Boot
803 3003 2426 3064 aufs Land gezogen bordgekippt liegt. Abgewandt von der Dorfseite; abgewandt
804 3048 2431 3105 vom Ballraum mit seinem Holzdielenboden, der Klavierspielerin. Abgewandt.
801 3106 2440 3159 Drüben das andere Ufer des Flusses und Buschungen in der Nacht. Bobby.
809 3161 1349 3241 Come along, good dog.
842 3221 1946 3320 Daran dacht ich . . . und stieg von Fanny herunter.
2103 3280 2624 3367 e  ng
860 3284 1274 3365 (Imschi !!!!)
2096 3520 2281 3634 1779.
1732 3988 1945 4089 RR
