3344 4352
1136 254 1598 356 box 39/1
136 257 994 376 1. 50th Birthdar
1322 1762 1565 1863 —.—
879 1854 3007 1924 empfängt der in voller Kraft wirkende Künstler den und Liebeskünstler über die Schulter. Er vermag
244 1848 878 1934 Nachdruck nur mit Quellenangabe gestattet.
891 1911 3001 1954 Zuruf der Zeitgenossen, der ihn anspornt, weiter zu ihn oft beiseite zu stoßen, nicht nur in der Frühzeit,
895 1962 2998 2029 schreiten in dem beglückenden Gefühle, verstanden zu sondern auch später: so entstehen die „Anatol“=Szenen,
136 1935 619 2072 Feuilleton.
906 2011 3002 2057 werden, ein Echo zu finden bei vielen Tausenden. Liegt viele kleine Skizzen, ein Stück von so hinreißendem
907 2053 1855 2128 darin nicht eine schöne, erhebende Gerechtigkeit?
1934 2046 3004 2128 Wurfe wie „Der grüne Kakadu“, einzelne Bilder des
927 2107 2998 2170 Fünfzig Jahre alt ist Artur Schnitzler geworden, „Reigen“, hinter denen freilich schon der Skeptiker
106 2091 671 2195 Artux Schnitzler.
893 2147 2996 2226 und es ist eigentlich kaum ein Vierteljahrhundert, daß ironisch lächelt. Wo er imstande ist, naiv zu sein,
134 2160 638 2262 (Zum 50. Geburtstage.)
895 2203 1939 2268 er in die Literatur trat, nur langsam fand sein stilles,
1936 2200 3017 2289 wirkt er am unmittelbarsten, und der naive Schnitzler
890 2259 1942 2320 jeder Reklame abholdes Schaffen Beachtung. Heute
116 2230 892 2317 besundheitslehre, weise Zurückhaltung im
1944 2262 3010 2335 ist dem Publikum der liebste, das ihn zum „Dichter
903 2298 1937 2367 fliegen ihm die Huldigungen ganz Deutschlands zu,
106 2297 893 2363 ethodische Anspannung der Kräfte hat die
1944 2298 2999 2362 des süßen Mädels“ ernannt hat, der er nur in einem
896 2358 1944 2415 mit Recht stellt sich Wien, dem er als Mensch wie
120 2356 893 2413 nserer Generationen über das Ausmaß,
1944 2355 3014 2420 kleinen und nicht immer richtig erfaßten Teile seiner
894 2403 1934 2461 als Dichter so ganz sich zugeschworen, an die Spitze.
117 2405 901 2473 Vorfahren beschieden war, hinausgerückt
1938 2412 2979 2471 Produktion ist. Aber bis heute ist die „Liebelei“
889 2450 1940 2516 Und sein Verleger, S. Fischer in Berlin, nimmt zugleich
110 2442 897 2514 chen der Neuzeit widerstandsfähiger und
1944 2461 3003 2518 sein volkstümlichstes Werk, das, mag es auch in
905 2488 1931 2556 mit einem neuesten Werk eine Sammlung seiner
116 2497 895 2564 gemacht; im Gegensatze dazu aber grüßen
1939 2505 2994 2580 manchen Motiven durch seine zahlreichen Nachfolger
122 2542 898 2618 Zeitgenossen, während sie früher fast
899 2554 1936 2619 dramatischen und prosaischen Schriften in Angriff
1934 2543 2993 2614 und eine ernstere, arbeitsfrohere Zeit in der Ent¬
135 2594 901 2668 erreichen mußten, um der öffentlichen
887 2601 1938 2666 und bezeichnet so einen markanten äußeren Lebens¬
1929 2608 2995 2672 wicklung Wiens verblaßt sein, eine typisch=repräsentativ.
105 2650 1936 2713 denktage teilhaft zu werden, schon auf abschnitt auch mit einem sichtbaren Abschluß in seinem
1943 2658 3010 2725 Stellung in unserer heimischen Literatur behaupten
110 2695 890 2767 ie sonst als bedeutungslose, nur ihrem
886 2697 1108 2766 Schaffen.
1932 2705 3002 2772 wird, ähnlich wie Halbes „Jugend“ oder Wedekind¬
930 2723 1938 2823 Entspricht dieser Einschnitt, den Leben und Literatur¬
118 2731 909 2819 enkreise wichtige Etappen ihres Auf¬
1935 2760 2987 2830 „Frühlings Erwachen“ in der deutschen Dramatik
107 2793 894 2875 ir nicht zählten. Wir leben länger, aber
886 2782 1938 2876 markt macht, auch tatsächlich einem Wendepunkt oder
1938 2809 2997 2870 Die Kontraste der beiden Paare, die im Leichtsinn
104 2832 888 2914 ller; wir begnügen uns nicht, zu säen,
898 2829 1718 2923 Entwicklungsmomente seiner Produktion?
1934 2856 3000 2913 wie in der nicht allzu tiefen Sentimentalität so echt
118 2884 909 2973 ch mit lebendigem Auge schauen, wie
930 2894 1935 2962 In Schnitzlers Dichtung, ob nun episch oder
1926 2911 3003 2976 wienerisch anmuten, sind nirgends sicherer gestellt:
133 2957 887 3024 sprießt, und die eigene Ernte selbst
895 2938 1947 3015 dramatisch, lassen sich zwei Perioden scheiden: in der
1924 2947 3004 3016 nirgends ist die bei Schnitzler immer unverkennbare
127 3003 893 3067 en. Während in der Vorzeit der
879 3003 1942 3064 ersten wußte er genau, was Liebe, was Leben sei, und
1935 3011 2994 3082 epische Anlage so stark ins Dramatische gesteigert
118 3040 887 3108 ius erst nach der unermüdlichen Tätig¬
893 3048 1930 3114 stellte beide dar, keck nach der Natur zeichnend. So be¬
1926 3062 2996 3137 durch einen Theatereffekt, der später bei ihm
879 3099 1935 3180 ginnen gar viele begabte Anfänger. Schnitzlers Eigenart
119 3107 884 3162 en, kargen Daseins im letzten Augen¬
1928 3107 2987 3170 leicht äußerlich und gewaltsam; wird, wie hier,
889 3154 1941 3218 aber war, daß er schon damals in seine realistischen
121 3148 886 3211 den durfte, daß er nicht vergebens ge¬
1938 3154 2986 3211 mit dem schrillen Geklingel der Glocke, das das
136 3206 894 3252 einer späten, recht wehmütigen Freude
891 3205 1936 3269 oder phantastischen Weltbilder sich selbst stellte, einen
1937 3207 2986 3271 lustige Quartett stört, mit dem schicksalsschwangeren
125 3253 894 3310 it dem Klagerufe: Zu spät! verbinden
888 3249 1932 3311 zur Sentimentalität und Grübelei neigenden Menschen,
1936 3258 2999 3336 Eintritte des fremden Herrn. Hier aber auch
148 3295 902 3373 sich wohl gar erst sein Grabstein mit
890 3296 1941 3378 der den Genuß nicht genießt, der seine Lust sich
1923 3309 3028 3387 schon, in der Figur Christines, Schnitzlers Bemühen,
122 3352 3019 3445 enden vorenthaltenen Kränzen deckte, anatomiert. Neugierig sieht schon der Arzt dem Lebens= seine Geschöpfe über sich selbst nachdenken zu lassen.
