3344 4352
143 292 1012 386 1. 50th Birthday
1150 282 1584 364 box 39/1
2763 158 2842 206 e
1726 133 2713 214 Gese) Damale mnnr   ee
1726 200 2888 257 Schnitzler kopiert und im Ton seiner Dialoge, seiner
1722 258 2884 316 Novellen geplaudert, geflirtet, verliebt, zärtlich und
1724 288 2887 359 melancholisch getan. Das war die Zeit, in der Schnitzler
1721 334 2891 391 sozusagen als Dichter des amourösen Wien, der
1726 387 2888 454 Separees, der Rendezvons, der Garconwohnungen galt.
1721 428 2882 486 Aber auf diese galanten Zeiten folgt bald die natürliche
1722 476 2878 551 Reaktion, die Bitterkeit des „Freiwild“, des „Vermächtnis“,
1728 522 2895 579 die Satire des „Lieutenant Gustl“, den jeder einmal kennen
1731 568 2901 631 gelernt hat. Allmählich taucht dann in Schnitzlers Dichtungen
1724 614 2900 683 das wirklich ernste Wien auf. Die Berta Garlan ist die erste
1714 659 2899 723 der modernen Wiener Wirklichkeit nachgezeichnete Frauen¬
1711 714 2897 784 gestalt, während die Margarete in „Literatur“ ein ironisch
1726 746 2884 821 gesehener Typus ist. Die Menschen des „Einsamen Weg“
1719 798 2903 872 sind eine Kreuzung von Ibsentum und Wienertum: die
1717 845 2900 904 um zwanzig Jahre älter und bitterer gewordene Anatol¬
1719 907 2895 956 Generation. Nach und nach bilden die Gestalten Schnitzlers
1730 936 2890 1003 eine Art besonderer geschlossener Wiener Gesellschaft, und
1734 981 2901 1048 im „Weg ins Freie“, im „Weiten Land“ glaubt man oft
1730 1041 2284 1112 die Vorbilder zu erkennen.
1818 1091 2898 1157 Schnitzler hat auch einiges geschrieben, was in
1724 1142 2906 1210 historischer Zeit spielt, in Bologna und Paris. Aber sein
1722 1190 2902 1253 eigentliches Gebiet ist doch das heutige Wien. Er selbst
1720 1228 2898 1314 entstammt ja zwei alten Wiener Familien. Sowohl vom
1727 1274 2900 1347 Vater her, dem berühmten Laryngologen Johann
1718 1317 2906 1387 Schnitzler, wie von der Mutter, deren Vater ebenfalls ein
1734 1365 2907 1430 angesehener Wiener Arzt war. Und die Eindrücke dieser
1731 1425 2906 1485 Jugend werden namentlich in den allerersten Büchern und
1721 1457 2905 1556 Stücken lebendig, Bunte Eindrücke aus der Theatersphäre,
1727 1519 2906 1583 denn „in Großvater war ja Arzt des Carl=Theaters und
1727 1554 2903 1629 mag dem Enkel manches erzählt haben, Dann ernstere Er¬
1723 1601 2903 1676 fahrungen aus der Welt des Allgemeinen Krankenhauses,
1733 1651 2906 1726 wo Schnitzler als Student und Sekundararzt manches
1727 1692 2907 1764 Jahr verbracht hat. Und auch die Beobachtungen, die er
1729 1753 2907 1811 in der Wiener Gesellschaft gemacht hat, kehren alle wieder,
1734 1789 2912 1863 in einer veränderten durchgeistigten Gestalt, Jawohl, aus
1732 1841 2913 1913 jeder Zeile, die Schnitzler geschrieben hat, erkennt man
1739 1889 2912 1953 den mit seinem ganzen Fühlen und Sinnen nach Wien
1736 1938 2908 2012 Zuständigen. Das schablonenhafte, gerührte und fidele
1731 1974 2911 2050 Duliäh= und Heurigen=Wienertum wird man freilich in den
1738 2029 2901 2097 Werken dieses Wiener Dichters vergebens suchen. Es ist
1744 2076 2910 2145 mehr ein Wienertum der inneren intellektuellen Bezirke.
1738 2137 2881 2190 Seine Menschen sprechen selten im Dialekt, sondern in
1742 2168 2912 2231 einem legeren Hochdeutsch von wienerischer Diktion. Es
1742 2215 2907 2286 sind moderne Wiener von ganz besonderer Art. Diese
1744 2280 2908 2342 Männer und Frauen sind alle ein wenig melancholisch
1737 2313 2911 2375 und grüblerisch angehaucht, haben komplizierte Gemüter,
1738 2359 2916 2434 empfindliche und überreizte Nerven und quälen sich gern
1747 2403 2918 2480 mit spitzfindigen seelischen Konflikten, und namentlich die
1740 2454 2912 2519 Frauengestalten des reifen Schnitzler sind wunderliche Ge¬
1746 2500 2915 2565 schöpfe, keine Spur mehr vom harmlosen süßen Mädel.
1742 2553 2917 2620 Aber wer genauer hinsieht, erkennt doch die geheimen
1732 2607 2913 2664 Fäden, die von der Christine zur Genia, vom Anatol
1733 2651 2919 2728 zum Friedrich Hofreiter führen. Und daß die Schnitzler¬
1744 2695 2909 2747 schen Figuren sich so merkwürdig verändert haben, daran
1735 2752 2920 2817 ist vielleicht die Wandlung schuld, die die Stadt in diesen
1739 2790 2917 2855 zwanzig Jahren erfahren hat. Es leben jetzt ganz andere
1743 2836 2910 2905 Menschen in Wien als zur Zeit des Anatol. Der strengere
1746 2893 2914 2949 Zug der späteren Werke Schnitzlers geht auch durch unser
1746 2930 2916 2999 wirkliches Leben. Wir haben absolut keine Zeit mehr, zu
1749 2980 2906 3039 tändeln und Seelenkomödie zu spielen, wie anno 1890.
1738 3033 2925 3101 Für den Kulturhistoriker wird es einmal ganz interessant
1749 3073 2919 3141 sein, sich aus den Werken Schnitzlers die Veränderung des
1740 3127 2907 3188 Wieners und der Wiener Gesellschaft herauszulesen, und
1750 3169 2920 3230 er wird vielleicht finden, daß die Gesellschaft und ihr
1744 3224 2920 3280 Dichter eine beinahe identische Entwicklung durchgemacht
1745 3276 1916 3355 haben
1836 3308 2916 3387 Es ist also wirklich nicht länger als zwanzig Jahre
1741 3370 2908 3431 her, daß das junge Wien jung war? Heute mutet es
1750 3417 2914 3464 schon beinahe historisch an, wie eine Art Romantik. Das
1735 3456 2914 3512 Merkwürdigste ist aber, daß kein jüngeres, sondern ein
1751 3518 2909 3565 ganz anderes Wien nachgewachsen ist. Ein neues, un¬
1740 3551 2917 3617 sentimentales Geschlecht von jungen Leuten, die ohne
1742 3595 2919 3656 Rührung auf den Kahlenberg gehen, ohne seelische
1743 3638 2918 3703 Zweisel soupieren, die sich die Welt und das Leben
1746 3703 2915 3750 unbekümmert schmecken lassen. Sie haben natürlich recht,
1737 3740 2925 3807 diese nüchternen und abgehärteten jungen Leute. „Sie
1739 3790 2916 3850 leben ohne Zweifel vernünftiger und gesünher als der
1751 3833 2908 3908 selige Anatol, aber ein so lieber und unvergißlicher Kerl
1751 3887 2724 3956 wie er dürfte kaum unter ihnen zu finden sein.
2683 3933 2879 4005 L. Hfd.
1796 4010 2851 4090 Die Mittelmeerreise des Oesterreichischen
2125 4069 2551 4129 Flottenvereines.
1736 4107 2909 4186 * Malta, 11. Mai. (Meldung des Reuterschen
1748 4170 2891 4225 Bureaus.) Der Dampfer „Kaiser Franz Josef I.“
2925 3364 3009 3455 K
2933 3469 3003 3554 4
2919 3633 3008 3719 R.
2923 3792 3012 3837 ri¬
2930 4162 3048 4225 fi
