3296 4352
1139 198 1561 295 box 39/1
134 211 986 315 1. 50th Birthdar
1692 1294 2607 1352 lockende Ferne. Erst langsam lernen wir
2629 1291 3283 1374 ziselierte Novellen und dann
2627 1351 3112 1408 „Der Weg ins Freie“.
1697 1341 2613 1414 gehen, ruhig und sittsam, und dann lang¬
2654 1371 3297 1449 Alles was das Leben an Sch
1701 1392 2608 1464 samer und langsamer. Die Zeit scheint
2624 1424 3297 1498 Bereitschaft hat, das einsame Alt
1693 1439 2479 1491 rascher zu schlagen, je älter man wird.
1727 1452 2612 1521 Der eine hat auf dem langen Weg die
2618 1475 3285 1528 samkeit zu zweit, die Jugend, d
1700 1519 2618 1585 Jugend verloren und sieht ihr schmerzlich
2608 1517 3308 1577 geht auf leisen, heimlich lächelnd
1699 1564 2606 1628 frend= und glanzlos. Der andere, bei dem
2623 1565 3282 1628 während drin ein alter kranker
2614 1604 3270 1659 junge Tochter, die voller
1695 1588 2615 1662 freud- und glanzlos. Der andere bei dem
2622 1643 3270 1702 hinaushorcht in des Lebens Fr
1698 1658 2605 1708 Jugendlust und Jugendfreude nicht das
2614 1701 3290 1757 seinen dürren Armen und hämisch
1692 1697 2610 1756 Hauptmotiv des Daseins war, der ein
2620 1745 3280 1804 an seinen Krankenstuhl zwingt; d
1698 1740 2607 1801 geistiges Leben geführt, der Schätze ge¬
1695 1771 2610 1836 sammelt, Erfahrungen, Erkenntnisse, einen
2624 1778 3308 1849 sieht, wie ihres Mannes Herz ihr
2618 1826 3307 1882 der Mann, der vor seiner Frau ei
1691 1825 2604 1886 weiten Blick. der auf einer Höhe des Denkens
1688 1869 2615 1936 und Fühlens angelangt ist, sieht freudig ver¬
2615 1872 3307 1924 knieen sieht und lautlos die Ti
1690 1896 2611 1979 klärten Auges um sich. Ihm ist das Alter
2609 1919 3274 1978 der Sterbende, der jeden Tag
1694 1964 2615 2017 keine Burde, die gelebt. Jugend kein Ver¬
2616 1961 3308 2019 mit dem Morgenlicht die Erkenn
1692 1996 2610 2057 lust, denn alles atmet im Schrein seines
2620 2002 3288 2061 daß jenseits des Sommers der T
2621 2050 3307 2107 wartet mit weit geöffneten Arme
1692 2037 2615 2115 Herzens ein ewiges, unvergängliches Leben.
2608 2087 3276 2159 nicht entgehen kann, und der ∆
1684 2083 2605 2140 Und dann gibt es ein Alter, wo wir Erinne¬
2614 2133 3278 2189 Liebe und das lachende Leben
1686 2138 2614 2190 rungen und Leistungen stumme Denkmale
649 2140 1312 2240 Klose & Seidel
2621 2184 3307 2237 nach dieser kurzen Frist, all das
1691 2181 2601 2241 bauen, die wie Fakeln den zurückgelegten
2615 2222 3307 2288 wundersamer Eindringlichkeit gest
1693 2225 2027 2283 Weg erleuchten.
522 2215 1453 2299 = Bureau für Zeitungsausschnitte. —
2648 2269 3298 2326 Aber unsere Seele ist ein we
1719 2260 2609 2323 Im Leben eines Dichters sind die Werke,
488 2276 1442 2385 Berlin NO. 43, Georgenkirchplatz 211.
2619 2294 3295 2385 „Alles hat darin Raum: Treue un
1687 2300 2603 2370 die er geschaffen, die Leuchtkörper, die seines
2612 2354 3299 2419 Liebe und Haß.. ..“ und das ein
1691 2356 2600 2417 Weges Linie weisen. Die einen ruhig glei¬
2611 2393 3301 2461 das primitive, einstimmige lockt
1689 2404 2599 2468 tenden See umsäumen, die uns zeigen, wie
572 2382 1402 2468 (Liest die meisten Zeitungen und ist das
2622 2453 3287 2494 mehr, die Symphonie der Töne,
1682 2441 2310 2501 ein Fluß zum Strome ward.
577 2445 1397 2536 bestorganisierte Bureau Deutschlands.)
2619 2492 3292 2548 phonie der Gedanken und Gefühl
1733 2467 2599 2544 Einer der interessantesten Erscheinungen
2617 2533 3309 2588 und niederwallen, die aus dunklen
1682 2524 2609 2584 der heutigen Literatur ist Arthur Schnitzler,
2611 2576 3309 2629 ten Tiefen emporstreben zum L
1684 2578 2593 2630 der heute seinen fünfzigsten Geburtstag
397 2504 1366 2680 zeitung: Magdeburgische Zeitung
1690 2611 1829 2682 feiert.
2619 2618 3299 2667 horchte er nach. Der Sehnsucht, di
2615 2663 3307 2713 kann, müdes, wehmütiges Leid un
1731 2641 2605 2731 „Das Leben ist die Fülle und nicht die
405 2648 991 2772 ort: Magdeburg
2616 2709 3295 2768 Leben emporblüht, zur Tat wächst
1693 2703 2608 2768 Zeit“ sagt er allerdings und sein Leben
981 2687 1365 2816 1 5. Maii###
2602 2750 3308 2817 jestät des Todes, vor deren gewalti
1682 2754 2598 2807 war reicher als die noch kurze Zeit seines
2614 2795 3284 2845 rium Leid und Mißgunst, Haß
1686 2798 2593 2842 Weges, die viel kürzere seiner Dichterlauf¬
400 2788 632 2881 Datum:
2613 2844 3294 2902 verstummen, so klein ist alles gem
1677 2836 2601 2904 bahn, die kaum zwanzig Jahre zurückdatiert.
2608 2884 3300 2945 uns groß schien, wünschens= und
1719 2886 2607 2949 Die graziös-frivolen Anatolszenen mit
2606 2929 3287 2992 wert, dem unsere Gedanken geg
1677 2918 2595 2973 dem süß=prickelnden Champagnerduft geist¬
2609 2973 3307 3032 unser Fühlen, so arm, so erbä
1679 2981 2608 3031 vollen Humors. Das köstliche Selbstgespräch
2608 3007 3308 3084 dem weiten Flügelrauschen eine
1683 3016 2598 3080 des Leutnants Gustl, dessen primitiv empfin¬
845 2974 1527 3102 Arthur Schnitzler.
2612 3052 2921 3129 dunklen Welt.
1682 3057 2608 3126 dende Vernunft sich an den Klauseln von
773 3083 1669 3164 Das Altwerden ist eine dunkel-rätselvolle
2652 3078 3302 3164 Ueber die Formen des Lebens
1677 3090 2609 3164 Berufsehre, Standesbewußtsein und kon¬
1679 3145 2589 3204 ventionelle Verpflichtungen stößt, die ihn in
2605 3148 3284 3201 die kein Teil haben an unserem
734 3147 1657 3197 Sache. Wir gehen alle die gleiche Straße,
740 3188 1658 3238 an der Wochen und Monate und Jahre als
2605 3194 3303 3244 und zu wesenlosen Masken erstar
1681 3191 2596 3248 den Selbstmord zu jagen scheinen, während
741 3217 1670 3297 Kilometersteine eingerammt sind. Zuerst
1677 3237 2589 3288 seine warme Jugend sich ans Leben klam¬
2607 3231 3296 3297 gibt weder Freude noch Schmerze
1683 3278 2595 3339 mert, haben seinen Ruf begründet und dann
739 3288 1660 3332 jubeln wir den Weg entlang, springen und
2608 3285 3300 3342 gibt nur Grimassen der Lust und d
740 3324 1669 3370 laufen und hüpfen und sehen immer vor¬
2604 3325 3296 3396 wir lachen und weinen und lad
1675 3324 2588 3382 schenkte er uns fast jedes Jahr ein neues
732 3359 2961 3441 pärts, immer weiter und weiter in die wärmeres, tieferes Drama oder wunderfein] Seele dazu ein.“
3117 4074 3309 4158 —5
