3344 4320
696 151 1078 209 Qealienangebe ohane Gewüng.
342 183 1159 292 Ausschnitt fütemdenblatt, Wien
629 271 984 378 12 Mal 19s2
805 427 1336 526 Artur Schnitzler.
819 507 1303 580 —(Zum 50. Gebürfstäg.)
492 553 1755 619 Die Personen sind: ein eleganter junger Mann, seine Geliebte,
372 608 1767 668 sein Freund. Der Freund hat die Geliebte hypnotisiert, und sie ist nun
380 657 1760 726 in einem Schlaf, der ihren freien Willen hindet, aber auch ihre kleinen
380 702 1757 782 Verlogenheiten, ihre kleinen Tücken, all die Abwehr, mit der ihr
381 752 1762 819 waches Wesen sich sonst gegen Geständnisse sträubt. Wenn man sie
373 800 1754 886 jetzt um ihre Geheimnisse fragt, wird sie die volle Wahrheit sagen.
377 847 1759 918 Sie wird ihre ganze Vergangenheit gehorsam enthüllen; sie wird auch
370 904 1767 962 bekennen, ob sie treu gewesen ist oder nicht. Der elegante junge Mann
385 944 1765 1007 braucht nur zu fragen, und alle seine Zweifel, an denen er beständig
368 1002 1760 1053 leiden muß, sind mit einem Male gestillt. Aber der jung: Mann zandert.
372 1042 1762 1108 Es scheint ihm nicht ganz redlich, die Wahrheit zu stehlen. Außerdem
377 1083 1767 1165 fürchtet er d.e Antwort. Seine Schmerzen erscheinen ihm jetzt köstlich,
368 1148 1766 1205 wenn er sie dem Schmerz vergleicht, den vielleicht die Gewißheit bringen
373 1184 1767 1253 mag. Er entschließt sich, das schlafende Mädchen da fernerhin so zu
366 1240 1779 1301 lieben, wie er sie bis jetzt geliebt hat; mit allen Zweifeln und mit
369 1285 1768 1352 allem Hoffen, mit jeglichem Verdacht und mit all dem Zutrauen, mit
365 1339 1775 1413 all der Karesse und mit all der Feindseligkeit, die nun einmal zur
362 1381 1563 1451 Liebe gehören. Und er ruft die Schlafende an: Wach' auf!
494 1430 1763 1500 In der Reihe jener galanten Dialoge, in welcher der geiftreiche
368 1479 1774 1556 junge Herr Anatol seine Liebesabenteuer an uns vorüberführt, heißt
383 1517 1776 1598 diese kleine Szene: Die Frage an das Schicksal. Mit dem Anatol
377 1583 1775 1644 hat Artur Schnitzler begonnen. Ein Buch voll leichter Nachdenklichkeit,
372 1624 1764 1686 voll frühlinghafter Schwermut, ganz durchornamentiert von einer
375 1677 1772 1735 spielerischen Lust am Wort; elastisch und biegsam in Jugendkraft, und
386 1740 1775 1793 in dieser gezügelten kultivierten Kraft von jener Anmut, die ein Zeichen
373 1774 1774 1837 der echten Rasse ist. Ein mondänes Buch, das von allerlei eleganten
384 1831 1774 1882 Parfüms duftet, das einen Glanz von großstädtischem Luxus verbreitet.
381 1859 1772 1953 Ein Buch, daran die Spuren eines regen geistigen Verkehrs mit Frank¬
370 1919 1775 1982 reich haften. Manche Worte sind französisch gefärbt, der Name des
372 1964 1774 2032 Titelhelden ist aus Frankreich geholt, und zeigt seine fremde Form
380 2010 1772 2109 wie eine exotische Blume, die in einem wienerischen Garten blüht:
372 2064 555 2156 Anatol.
492 2084 1771 2174 Irgendwie sind die jungen Männer, die Artur Schnitzler in seinen
380 2160 1774 2224 späteren Werken gezeichnet hat, dem Anatol immer noch verwandt.
382 2225 1774 2279 Und die jungen Mädchen, die durch Schnitzlers reife Dramen wandeln,
383 2268 1783 2327 sind den kleinen Vorstadtmädchen Anatols immer noch schwesterig ver¬
381 2325 1776 2374 bunden. Er selbst aber würde solch eine weltmännisch=skeptische Szene,
373 2361 1782 2416 darin lächelnd von der Weibertreue und von Männerzweifeln die Rede
375 2424 1784 2466 ist, wohl kaum mehr „die Frage an das Schicksal“ nennen. Der
376 2450 1779 2523 Begriff des Schicksals hat sich denn bald genug erweitert und vertieft.
383 2509 1776 2581 Er hat eine besondere Beziehung zum Schicksal gefunden. Er hat un¬
383 2558 1788 2619 ablässig und aus seiner Fülle grüblerischer Gedanken Fragen an das
391 2601 1788 2663 Schicksal gestellt, bedeutungsvoller, inhaltsreicher als die Frage, die
374 2644 1777 2733 der subtile Anatol nicht zu stellen wagt. Auf diesem energisch zurück¬
380 2690 1789 2772 gelegten Weg vom Weltlichen zum Ewigen, vom geistreichen Spiel zu
389 2744 1778 2814 tiefaufatmenden Gedanken, vom jugendlich persönlichen Erlebnis zum
386 2813 1541 2866 allgemeinen Schicksal liegt Artur Schnitzlers Entwicklung.
490 2825 1782 2910 Er wurzelt freilich im Gesellschaftlichen. Seine Menschen sind elegante
380 2887 1788 2962 junge Männer, zumeist elegante junge Mädchen und Frauen. Seine
395 2963 1788 3004 Atmosphäre ist die Großstadt, in der so viele winzige und bedeutende,
379 2986 1780 3056 so viel wichtige und so viel nichtige Existenzen aotisch, in einander
377 3042 1787 3106 verwühlt, sich abrollen; wo niedrige und hohe Existenzen sich in
379 3077 1792 3149 komischen und tragischen Zufälligkeiten begegnen, wo die Grenzlinien
381 3143 1778 3207 zwischen den einzelnen Klassen und Schichten manchmal verschwimmen.
384 3182 1792 3261 Die Menschen Schnitzlers, aus den oberen Etagen der Gesellschaft
392 3226 1792 3308 geholt, sind in ihren Trieben, in der Urkraft der Instinkte irgendwie
396 3275 1791 3350 gebändigt. Durch die Reserve, die Bildung, Erkenntnjs und
388 3324 1793 3394 Kultiviertheit mit sich bringt. Durch den linden Zwang, der allein schon
394 3390 1791 3454 in den guten Manieren liegt. Sie sind in ihrem Geschmack verwöhnt,
400 3424 1792 3503 in ihrem Empfinden auf differenzierte Nüancen gestellt, in ihrem Denken,
386 3490 1790 3547 in ihren Nerven und in ihrer Seele kompliziert. Es ist bei alledem
384 3517 1792 3585 nicht schwierig, auf der Klaviatur dieser Menschen zu spielen. Wer sein
396 3573 1788 3633 Lebtag in diesem ungeheuren Orchester verbracht hat, umbraust von
388 3625 1790 3686 der tosenden Symphonie, die da endlos aufgeführt wird, erwirbt zuletzt
388 3669 1795 3729 ein scharfes Ohr für die verwirrend vielsältige Instrumentation, und
393 3713 1798 3782 es fällt ihm leicht, dies Orchester einmal zu dirigieren. Aber verdammt
391 3762 1804 3841 schwer ist es, diesem Klang die eigene Farbe einzumengen, diesen
393 3815 1804 3884 Rhythmus nach seinem eigenen Pulsschlag zu formen, das Orchester
403 3858 1802 3936 so aufrauschen zu lassen, daß man den Dirigenten erkennt. Schwer ist
399 3904 1816 3981 es. diese Menschen, die bei all ihrer Kompliziertheit eine solche Gleich.
1784 414 3184 483 förmigkeit haben, aus der Banalität zu reißen und ihnen den Stempel
1788 475 2490 539 der eigenen Wesenheit einzuprägen.
1890 507 3171 594 Das hat Artur Schnitzler vermocht. Sein Anatol ist mit dem
1786 587 3168 643 ersten Wort, das er spricht, Schnitzler. Arglos und spöttisch zugleich;
1784 637 3168 688 verwöhnt und nach Bitternissen schmachtend; genußreich dem Dasein
1782 670 3177 739 zugewendet und im Genuß vor den dunklen Möglichkeiten des
1792 725 3174 781 Schicksals erschauernd. Der elegante junge Mann in der „Liebelei“ ist
1792 768 3164 836 wieder Anatol oder doch Anatols Bruder. Seine Christine nur eines
1789 811 3167 879 der Vorstadtmädchen aus den Anatol=Szenen. Aber ihr holdes, kleines
1781 870 3175 935 Alltagserlebnis ist hier schon unter die Wucht eines tragischen
1798 924 3174 973 Schicksals gestellt. Und es ist ein Schicksal, wie Schnitzler es uns
1789 963 3191 1035 sehen lehrt. Eines, das die Menschen einsam macht, das ihnen gerade
1792 1014 3178 1073 in jenen Augenblicken, in denen sie sich reich, hingegeben und ver¬
1794 1067 3032 1120 bunden fühlen, ihre tiefe Einsamkeit zu kosten gibt.
2194 1090 3180 1182 just dann die Zeche für genossene Mahl¬
1796 1107 2194 1177 Schicksal, das sie
1789 1157 3178 1233 zeiten zahlen läßt, wenn sie sich zu neuen Festen anschicken
1785 1197 3191 1265 wollen. Schnitzlers Farbe ist an allen diesen Menschen. Der
1798 1251 3184 1317 spröd stolze Herr v. Satir, der wählerisch und sehnsüchtig zugleich,
1798 1301 3180 1364 die Gefährtin für die verschlungenen Pfade des Lebens sucht, bis er
1786 1364 3188 1410 plötzlich verlassen vor dem letzten, einsamen Weg ins Dunkle steht.
1801 1408 3193 1461 Der alternde, unablässig zur Jugend drängende, von geheimer Furcht
1794 1447 3189 1504 der Vergänglichkeit gerüttelte Hofreiter, der sterbende Dichter Rade¬
1792 1489 3186 1555 macher, der sich mit einer letzten Wahrheit an seinem Wiener eiteln
1803 1553 3191 1618 Freund rächen möchte, aber im Angesicht des Todes auf jegliche Rache
1797 1605 3199 1660 als etwas Unwichtiges, Geringes, Bedeutungsloses verzichtet; alle sind
1801 1639 3193 1699 von Schnitzlers besonderer Art erfüllt. Wir haben sie vor ihm nicht
1798 1688 3197 1763 gekannt, haben diese Menschen vor ihm nicht gesehen, oder anders
1805 1729 3195 1805 gesehen. In dieser Beleuchtung aber, in diese Konflikte gestellt, von
1794 1782 3198 1854 dieser weichen, stillen Atmosphäre umschimmert, sind sie Schnitzlers
1799 1832 2559 1902 Eigentum, seine Geschöpfe, seine Welt.
1896 1873 3196 1959 Seine Welt enthält merkwürdige Verknüpfungen. Schon in der
1801 1942 3194 2012 „Liebelei“ zeigt sich diese merkwürdige Art, weit auseinander lebende
1805 1987 3203 2056 Existenzen durch unsichtbare Fäden zu verbinden. Der junge Mann,
1799 2045 3199 2105 der das kleine Vorstadtmädchen liebt, stirbt für eine mondaine Frau,
1798 2082 3207 2159 die er gar nicht mehr lieb hat. Christine sieht den Mann, dem sie ihre
1796 2151 3196 2205 erste Neigung geschenkt hat, für eine andere in den Tod gehen. An
1795 2199 3195 2255 die Rache eines Eifersüchtigen und an die Delirien eines sterbenden
1804 2230 3213 2298 Greises sind im „Ruf des Lebens“ alle Schicksale des jungen
2958 2281 3200 2350 „Einsamen
1794 2283 2953 2348 Menschen des Dramas gebunden. Der Professor im
2953 2332 3198 2398 Selbstmord
1792 2334 2957 2401 Weg sieht seine Frau sterben, seine Tochter in
2987 2377 3199 2448 am Ende
1801 2376 2967 2452 enden, sein ganzes Dasein stürzt zusammen, und da erst,
1794 2429 3208 2501 aller Dinge, hört er sich von seinem Sohn „Vater“ angerufen,
1790 2464 3208 2553 mit einem Klang der Echtheit, mit einem Akzent der Seele, als habe
1796 2534 3200 2593 er das Wort „Vater“ nie vernommen. Hört es von seinem Sohn, der
1795 2581 3207 2649 gar nicht sein Sohn ist. De Komödiant in der Schenke zum „Grünen
1802 2638 3200 2690 Kakadu“ tragiert vor dem noblen Publikum seine Eifersucht, wird vom
1803 2670 3209 2741 Spiel zur Wirklichkeit blutig hingerissen und ermordet den Prinzen
1793 2727 3207 2805 von Chartres, der ihn betrogen hat. Aber im selben Augenblick bricht
1809 2768 3204 2837 auch von der Straße her die Brandung der Revolution in
1794 2828 3203 2887 die Schenke. Dort draußen ist soeben die Bastille erstürmt
1984 2871 3199 2936 Jener Komödiant hat also nicht in vereinzelter
1798 2880 1982 2934 worden.
1803 2916 3202 2989 Raserei den Degen geführt. Die Auflehnung, die unter
1798 2954 3196 3025 den Bedrückten umherging, hat in ihm ihre Hand erhoben, wie draußen
1816 3027 3201 3080 in den vielen, vielen anderen. Und der Komödiant hat zugestoßen,
1809 3059 3206 3122 nicht so sehr, weil er den Zorn der Cifersucht empfand, sondern weil
1798 3106 3208 3176 die Stunde erfüllt war. Dieser Dichter hat mit jugendlich=erotischen
1808 3158 3212 3232 Einfachheiten begonnen und enthüllt Schicksalswege, bei deren Ver¬
1813 3195 3217 3272 schlungenheit man sich der tiefsinnigen Traumbilder in Hebbels Tage¬
1814 3264 2154 3342 büchern erinnert.
1929 3285 3217 3384 Die Jugend dieses Dichters ist von den Franzosen beeinflußt
1817 3381 3199 3435 gewesen, und er ist der feinste Gestalter des Wienerischen Wesens ge¬
1811 3436 3204 3487 worden. Er hat den Duft und die Farbe, den Zauber und die
1811 3461 3208 3523 musikalische Anmut dieser Stadt in Kunstwerken wiedergegeben, wie
1812 3518 3216 3581 kein anderer noch vor ihm. Er ist ein Wiener, wie Alphonse Daudet
1813 3557 3203 3616 ein Pariser war. An Daudets zarte, unauslöschlich einprägsame
1813 3606 3216 3672 Farbigkeit erinnert er; an seine lyrische Weichheit, an die Grazie von
1814 3666 3201 3712 Daudets kultiviertem Temperament. Und wenn wir ihn heute in
1818 3718 3205 3770 seiner kraftvollen Meisterschaft grüßen, denken wir daran, daß die
1819 3752 3207 3821 junge, nachstrebende Generation, die sich jetzt in vielen, vielversprechenden
1826 3785 3219 3869 Büchern zu ihrem Heimatboden bekennt, ihre stärkste Anregung, ihre
1814 3852 2985 3930 frischeste Ermutigung von Artur Schnitzler empfangen hat.
2777 3891 3179 3979 Felix Salten.
