3344 4352
94 3040 185 3101 In,
95 3123 182 3204 ne
95 3185 189 3255 en
1046 308 1501 408 box 39/1
180 309 911 439 50th Birthdar
150 1477 3075 1581 des nationalen assimilationspronesses desveranlaßt, in einem Communiqle zu eertarein fim Länfe des heutigen N schmittags Lukacz
2084 1547 3081 1610 durch anderweitige. Beschäftigung verhindett
144 1556 2098 1645 Elsaß=Lothringen und wird in Frankreich daß wegen der Kürze der zur Verfügung stehen¬
2087 1597 3066 1663 war, sich mit Polonyi ins Einvernehmen zu
160 1593 2106 1681 geradezu als Heransforderung empfunden den Zeit die einzelnen Detailfragen einer Er¬
147 1639 2253 1717 werden. Die Franzosen kennen das deutsche örterung nicht unterzogen werden können, und setzen.
2086 1723 3072 1793 Nun wohl, wir kennen solche elegante Existen¬
179 1731 2090 1807 Nun klänge es sehr hübsch, wenn man er= salen, wie es Dionysias sonderbarer Mann ist,
2096 1779 3064 1835 zen aus der französischen Komödie, und wir
154 1776 2094 1865 klärte, daß auch der neue ältere Schnitzler derkeinen, der uns gebietet, allen Gelüsten, Launen
2094 1827 3073 1881 wissen, wie zwecklos und unerträglich uns dort
1121 1826 2100 1894 und Wünschen zu folgen. Die kleine Sicherheit
160 1838 1136 1915 alte jüngere Schnitzler sei. Und es wäre sogar
2100 1874 3068 1929 ihre plaudernde Untätigkeit anmutet, wie
1125 1877 2093 1949 des Seins schwankt unter unseren Füßen,
158 1887 1123 1966 ein wenig wahr — aber doch nur halb, relativ,
2089 1916 3076 1983 wenig sie uns bedeuten. Warum ist dies bei
1119 1923 2095 1992 nichts ist gewiß, fest, und mit flackernder Lampe
137 1941 1124 2016 Pumgedeutet, wie es sich eben für eine Wahr¬
2101 1971 3040 2026 Schnitzler so sehr anders? Was fesselt uns an
1130 1971 2095 2049 führt uns der Dichter in das unausdenkbare,
163 1989 1131 2056 heit bei diesem scharmantesten Skeptiker schickt.
2090 2014 3062 2080 den jungen Anatol, was an den alten Anatol,
1132 2029 1890 2099 unerhellte Reich der Möglichkeiten.
163 2032 1138 2109 Gewiß, seine Züge bleiben uns vertraut, aber
2095 2064 3071 2125 der seinen „einsamen Weg“ hinabgeht? Was
1172 2067 2093 2145 Die anderen Dichter, die halten sich hübsch
168 2076 1152 2163 sie scheinen doch entschlossener und ausdrucks¬
2100 2094 3086 2169 verbindet uns mit dieser Gesellschaft, ob sie
1139 2118 2108 2189 an das Tatsächliche und ziehen daraus ihre
163 2135 1139 2211 voller geworden. Gleich diese erste merkwürdige
2103 2151 3083 2223 nun den Ruf des Lebens vernimmt oder das
1142 2164 2103 2242 poetischen Folgerungen. Schnitzler aber glaubt
161 2183 1141 2247 Erzählung „Die Hirtenflöte“ hätte kein junger
2103 2210 3068 2268 weite Land abschreitet oder uns das Zwischen¬
1142 2218 2096 2285 nicht an diese Tatsachen, nur an Launen, Zu¬
157 2224 1146 2316 Mann schreiben können; es sind darin Ge¬
2095 2259 3081 2321 spiel einer Leidenschaft aufführt? Dies: daß
1135 2267 2103 2338 fälle, geheime Gesetze, die uns irgend wohin
157 2289 1136 2345 banken von einer Weisheit, die weit, weit
2093 2303 3086 2370 sie geistig sind, nicht bloß reich. Sie müssen sich
1143 2320 2101 2383 werfen. Eine höhnische Laune läßt in der
158 2331 1137 2395 durchs Leben gewandert ist. So weit wie die
2089 2346 3079 2414 mit ihrem Ich immer beschäftigen können, des¬
1129 2364 2094 2439 zweiten Novelle „Der Tod des Junggesellen“
165 2380 1138 2449 junge und schöne und treue Frau Dionysia,
2100 2394 3080 2473 halb benötigen sie die Unabhängigkeit;
1132 2411 2101 2483 diesen seine Freunde um seine Leiche ver¬
164 2426 1144 2503 die ihr Gatte hinaustreibt, damit sich ihre
2092 2450 3086 2507 allein dieses Ich ist wertvoll. Nicht für
1133 2455 2108 2535 sammeln und ihnen dort gewissermaßen
178 2475 1138 2546 Schicksale erfüllen. Wohl, sie war gehütet,
2731 2487 3078 2554 ist unsozial,
2099 2499 2608 2570 die anderen, denn
1144 2513 2105 2575 als Vermächtnis mitteilen, daß er alle
167 2508 1135 2595 sanft, ergeben — aber war dies nicht bloß blasse
2099 2539 3086 2608 es schafft keine Werte, es neigt zu Ver¬
1144 2559 2108 2626 ihre. Frauen besessen habe. Wieso dies
162 2577 1142 2656 Gewohnheit, Trägheit, uneingestandene Angst?
2099 2578 3090 2670 rat und gibt sich hemmungslos dem Wunsche
1133 2598 2102 2672 kam, wir erfahren es nicht, aber wir
167 2619 1140 2698 Nun soll sie allen ihren Wünschen nachgehen,
2106 2644 3089 2710 der Stunde hin, aber es ist wertvoll für sich
1151 2657 2108 2720 sehen die lächerliche Belanglosigkeit jener Ent¬
165 2682 1152 2745 kein Zwang ist mehr über sie aufgerichtet.
2102 2688 3081 2756 selbst — und damit doch wieder auch für uns.
1148 2701 2109 2772 hüllung, die durch das Weiterleben der Be¬
164 2719 1151 2803 Wahrhaftig, sie verzweifelt über solch uner¬
2108 2738 3083 2809 Denn es ist das Ich der neuen, kultivierten,
1145 2752 2110 2819 trogenen und durch den Tod des Betrügers
167 2771 1154 2850 wünschte Freiheit, will sich töten... Doch da
2107 2787 3082 2862 intellektuellen Menschen, jener, die sich selbst
1145 2807 2113 2869 gleichsam verschüttet ist. Und da fällt es uns
178 2821 1151 2893 tönt fern eine Hirienflöte, und eine Ahnung
2100 2833 3091 2910 und ihre Gefühle belauern, jener, die all den
1148 2853 2109 2923 bei, wie in den beiden ersten Geschichten schon
180 2864 1142 2943 spannt ihre Züge, ihr ungelebtes Leben ruft die
2102 2869 3089 2959 plumpen, schweren Worten von Betrug und
1146 2895 2111 2963 der ganze Schnitzler angesammelt ist, seine
168 2919 1152 2984 Befreite. Nun wirbeln alle Abenteuer traum¬
2116 2931 3085 2999 Schuld überlegen sind und ihre Strafe in sich
1137 2941 2116 2998 verfeinerte Geistigkeit, seine Lust am hohen
177 2960 1150 3037 haft bunt an ihr vorüber; den Reigen eröffnet
2110 2981 3075 3060 selbst tragen. Sie haben die letzten Verfeinerun¬
1140 2997 2112 3065 Spiel mit Leben, Tod, Schicksalen. Es ist
171 3020 1147 3081 der Hirtenknabe, dessen Flöte sie zerbricht und
2114 3025 3090 3104 gen der Empfindung, sie leben in Verstehen und
1153 3051 2114 3110 immer das Ende, das ihn interessiert, auch bei
172 3065 1141 3135 darauf ihn selbst. Dann wird sie die Geliebte
2105 3071 3084 3152 Freiheit, alles Schwerfällige und Gestrige ist
1151 3097 2112 3162 der Liebe. Das Werdende ist ihm nie so wichtig
183 3114 1141 3185 eines großen Industrie-Condottiere und geht
2102 3120 3085 3207 von ihnen abgestreift. Sogar von jenen, die
1143 3155 2111 3216 wie das Gewesene; das hört ja nie auf und
180 3145 1149 3236 von ihm weg zu den Elenden, deren Aufruhr
2112 3175 3085 3253 nicht in einer zu solcher Abgeklärtheit gehöri¬
1158 3197 2119 3257 führt zu neuen Bindungen im Gemüte. Mit
183 3214 1155 3283 sie teilt, zieht mit einem jungen Offizier in
2115 3223 3083 3297 gen Villa wohnen können. Das sind dann bei
1146 3245 2107 3303 kleineren Angelegenheiten, mit den Schnödig¬
179 3261 1155 3334 die Schlacht, ist Heldin und Buhlerin, stürzt sich
2106 3271 3093 3343 Schnitzler doch wenigstens immer Künstler, und
1146 3288 2114 3357 keiten der Arbeit gibt er sich nie ab; die Sorgen
175 3304 1154 3381 in Erbarmen und Wollust, schöpft jeden Glanz
2114 3316 3101 3388 dadurch nobilitiert, wie etwa der Vater
1147 3338 2122 3415 der Berufe, die Kümmernisse der Stunde
174 3347 1147 3438 und jede Schande aus — und war doch nur
2101 3381 2679 3449 Weiring in der „Liebelei“
1147 3390 1621 3459 dringen nicht zu ihm.
177 3399 1147 3463 ein braves, stilles Frauchen, das ebensowohl
2143 3405 3089 3491 Man denke sich nur, wie in einer braven,
1190 3417 2115 3508 Deshalb ist es so kennzeichnend, daß fast alle
181 3454 1169 3532 ruhige Tage hätte verleben können. Wo ist
2110 3472 3093 3546 wackeren Komödie der anderen so ein Vater
1161 3473 2115 3553 seine Menschen ohne ein Handwerk sind, und
174 3513 1158 3583 die Wahrheit ihres Lebens? Steckt alles in
2111 3515 3094 3592 einer „Gefallenen“ sich präsentiert hätte. Er
1160 3532 2118 3599 haben sie selbst eines, so berührt es sie kaum,
192 3548 1152 3619 uns, und ist die Welt so beschaffen, daß wir
2113 3558 3099 3637 hätte ihr geflucht, ihr vielleicht dann verziehen.
1151 3584 2120 3641 färbt auf ihr Wesen nicht ab; denn es bleibt
114 3591 1147 3696 fen bloß nicht zu unseren eigenen Erlebnissen kom¬
2113 3615 3096 3696 Hier aber ist gar nicht die Rede von Fluch
163 3627 2124 3724 men? Wir haben ja keinen Svieler mit Schick= ihr eigentliches und einziaes Metier: zu leben.
