3344 4352
1146 185 1600 286 box 39/1
154 199 1003 305 1. 50thBirthday
2183 1232 3084 1318 ziselierte Novellen und dann den Roman
1250 1250 2156 1314 lockinde Ferne. Erst langsam lernen wir
2183 1287 2667 1361 „Der Weg ins Freie“.
1255 1294 2165 1362 gehen, ruhig und sittsam, und dann lang¬
2212 1307 3047 1391 Alles was das Leben an Schmerzen i
1257 1334 2164 1413 samer und langsomer. Die Zeit scheint
2178 1356 3085 1430 Bereitschaft hat, das einsame Alter, die Ein¬
1252 1385 2041 1452 rascher zu schlagen, je älter man wird.
2172 1415 3085 1477 samkeit zu zweit, die Jugend die vorüber¬
1284 1434 2161 1487 Der eine hat auf dem langen Weg die
2175 1462 3095 1528 geht auf leisen, heimlich lächelnden Sohlen,
1260 1473 2161 1537 Jugend verloren und sieht ihr schmerzlich
2185 1506 3100 1587 während drin ein alter kranker Vater seine
1259 1517 2166 1578 freud- und glanzlos. Der andere, bei dem
2174 1552 3089 1616 junge Tochter, die voller Sehnsucht
1266 1566 2166 1639 freud= und glanzlos. Der andere bei dem
2184 1593 3099 1650 hinaushorcht in des Lebens Frühling, mit
1264 1605 2160 1668 Jugendlust und Jugendfreude nicht das
2178 1623 3096 1705 seinen dürren Armen und hämischen Worten
2058 1651 2167 1706 ein
1259 1638 2064 1721 Hauptmotiv des Daseins war, der
2188 1669 3098 1743 an seinen Krankenstuhl zwingt; die Frau, die
1263 1690 2176 1757 geistiges Leben geführt, der Schätze ge¬
2176 1729 3094 1793 sieht, wie ihres Mannes Herz ihr entgleitet;
1256 1739 2166 1800 sammelt, Erfahrungen, Erkenntnisse, einen
2185 1774 3098 1835 der Mann, der vor seiner Frau einen andern
1249 1766 2176 1846 weiten Blick, der auf einer Höhe des Denkens
2181 1816 3102 1873 knieen sieht und lautlos die Türe schließt;
1260 1820 2175 1885 und Fühlens angelangt ist, sicht freudig ver¬
2174 1861 3105 1909 der Sterbende, der jeden Tag von neuem
1255 1863 2179 1928 klärten Anges um sich. Ihm ist das Alter
2185 1904 3104 1956 mit dem Morgenlicht die Erkenatnis trinkt,
1265 1913 2169 1972 keine Bürde, die gelebt. Jugend kein Ver¬
2183 1947 3109 2005 daß jenseits des Sommers der Tod auf ihn
1262 1950 2170 2018 lust, denn alles atmet im Schrein seines
2188 1984 3109 2047 wartet mit weit geöffneten Armen, denen er
1263 2000 2167 2058 Herzens ein ewiges, unvergängliches Leben.
2176 2035 3108 2098 nicht entgehen kann, und der Jugend und
1255 2057 2168 2111 Und dann gibt es ein Alter, wo wir Erinne¬
2186 2085 3101 2138 Liebe und das lachende Leben lassen muß,
1256 2087 2182 2146 rungen und Leistungen stumme Denkmale
2189 2121 3102 2176 nach dieer kurzen Frist, all das hat er in
1258 2130 2168 2214 bauen, die wie Fakeln den zurückgelegten
2188 2171 2996 2238 wundersamer Eindringlichkeit gestaltet.
1266 2187 1619 2248 Weg erleuchten.
2216 2194 3098 2276 Aber unsere Seele ist ein weites Land.
1303 2205 2163 2286 Im Leben eines Dichters sind die Werke,
2185 2242 3109 2318 „Alles hat darin Raum: Treue und Untreue,
1262 2265 2180 2324 die er geschaffen, die Leuchtkörper, die seines
2178 2301 3096 2357 Liebe und Haß. . ..“ und das einfache Lied,
1263 2314 2173 2369 Woges Linie weisen. Die einen ruhig glei¬
2187 2340 3100 2398 das primitive, einstimmige lockte ihn nicht
1261 2352 2181 2430 tenden S## umsäumen, die uns zeigen, wie
2187 2382 3111 2442 mehr, die Symphonie der Töne, die Poly¬
1257 2403 1893 2480 ein Fluß zum Strome ward.
2180 2428 3095 2489 phonie der Gedanken und Gefühle, die auf¬
1296 2415 2168 2505 Einer der interessantesten Erscheinungen
2185 2467 3103 2539 und niederwallen, die aus dunklen unbekann¬
1264 2479 2179 2541 der heutigen Literatur ist Arthur Schnitzler,
2188 2513 3104 2569 ten Tiefen emporstreben zum Licht, denen
1266 2534 2170 2608 der heute seinen fünfzigsten Geburtstag
2194 2554 3110 2614 horchte er nach. Der Sehnsucht, die Leid sein
320 2542 788 2632 Gneumangabe ohme Ger-ah).
1271 2572 1425 2638 feiert.
2179 2604 3109 2656 kann, müdes, wehmütiges Leid und die zum
1302 2596 2182 2678 „Das Leben ist die Fülle und nicht die
176 2494 1173 2700 Tus Mapdeburgische Zeitung
2181 2642 3107 2699 Leben emporblüht, zur Tat wächst. Die Ma¬
1270 2655 2183 2727 Zeit“ sagt er allerdings und sein Leben
2181 2687 3104 2759 jestät des Todes, vor deren gewaltigem Myste¬
1263 2706 2181 2758 war reicher als die noch kurze Zeit seines
195 2690 653 2797 15. MAl 1 12
2192 2731 3118 2792 rium Leid und Mißgunst, Haß und Rache
1267 2749 2176 2802 Weges, die viel kürzere seiner Dichterlauf¬
2189 2775 3107 2845 verstummen, so klein ist alles geworden, das
1264 2782 2177 2855 bahn, die kaum zwanzig Jahre zurückdatiert.
2196 2817 3106 2888 uns groß schien, wünschens- und erstrebens¬
1289 2833 2185 2888 Die graziös=frivolen Anatolszenen mit
2182 2866 3122 2922 wert, dem unsere Gedanken gegolten und
1267 2876 2183 2942 dem süß=prickelnden Champagnerduft geist¬
2184 2906 3110 2969 unser Fühlen, so arm, so erbärmlich vor
1262 2919 2178 2985 vollen Humors. Das köstliche Selbstgespräch
2190 2958 3114 3026 dem weiten Flügelrauschen einer fremden
1263 2961 2176 3027 des Leutnants Gustl, dessen primitiv empfin¬
469 2920 1146 3051 Arthur Schnitzler.
2189 3001 2511 3072 dunklen Welt.
1268 3007 2175 3069 dende Vernunft sich an den Klauseln von
2235 3023 3107 3100 Ueber die Formen des Lebens spricht er,
375 3029 1256 3123 Das A ätselvolle
1272 3041 2193 3113 Berufsehre, Standesbewußtsein- und kon¬
2191 3079 3119 3149 die kein Teil haben an unserem Empfinden
1268 3090 2180 3156 ventionelle Verpflichtungen stößt, die ihn in
332 3097 1250 3170 Sache. Wir gehen alle die gleich# Straße,
2195 3122 3116 3189 und zu wesenlosen Masken erstarren. „Es
1266 3142 2184 3204 den Selbstmord zu jagen scheinen, während
331 3145 1247 3225 an der Wochen und Monate und Jahre als
2193 3175 3116 3236 gibt weder Freude noch Schmerzen, nein es
1275 3190 2187 3252 seine warme Jugend sich ans Leben klam¬
331 3176 1255 3255 Kilometersteine eingerammt sind. Zuerst
2195 3213 3116 3283 gibt nur Grimassen der Lust und der Trauer,
1265 3226 2180 3303 mert, haben seinen Ruf begründet und dann
340 3234 1266 3310 subeln wir den Weg entlang, springen und
2199 3266 3108 3346 wir lachen und weinen und laden unsere
326 3272 1269 3353 läufen und hüpfen und sehen immer vor¬
1261 3277 2182 3357 schenkte ex uns fast jedes Jahr ein neues
347 3317 2570 3394 närts. immer weiter und weiter in die wärmerk, tieferes Drama oder wundersein] Seele dazu ein.“
3128 1232 3295 1298 Jedes
3092 1275 3326 1348 Augen as
3132 1330 3308 1384 Was
3104 1349 3306 1427 seinsfreud
3101 1421 3318 1476 Fortleben
3096 1462 3312 1516 ewiger K#
3102 1500 3315 1559 Vergehen
3096 1547 3297 1601 blühen;
3098 1594 3305 1650 Erstehen
3101 1631 3319 1697 Zeit unsc
3107 1678 3312 1737 gewollt a
3099 1720 3297 1778 spiegelt
3108 1769 3317 1827 von neue
3100 1809 3319 1871 sie zerstö
3102 1848 3304 1917 Gläsern,
3105 1888 3309 1951 nud doch
3115 1941 3307 2006 schaffen
3111 1986 3276 2058 Werte.
3147 2028 3289 2090 Das
3120 2071 3271 2128 Seele
3106 2120 3167 2172 S
3235 2120 3294 2169 e
3202 2166 3264 2214 w
3119 2271 3235 2348 statio
3126 2337 3289 2395 Einzige
3122 2378 3313 2450 Lebensfo
3156 2427 3308 2483 Und tr
3128 2461 3318 2525 die ganze
3117 2512 3308 2571 ihrem G
3114 2556 3317 2615 täuschung
3125 2599 3305 2655 aller Eir
3117 2640 3291 2698 wieder
3120 2685 3302 2743 Worte,
3124 2733 3308 2788 führen.“
3114 2770 3275 2848 wäre.“
3163 2824 3266 2872 An
3124 2858 3311 2921 nichts ist
3125 2905 3334 2965 aufgebaus
3119 2948 3317 3016 Türme,
3132 3000 3325 3058 nimmt e
3122 3044 3318 3096 hier das
3114 3085 3321 3144 alles stütz
3164 3128 3313 3186 In un
3134 3169 3319 3232 spalt. D
3132 3214 3300 3275 hohe Fl
3118 3259 3316 3317 crerbte
3111 3302 3327 3368 lund Rech
