3344 4352
1961 138 2336 258 —.—
1588 233 2028 336 box 39/2
987 251 1037 317 L
208 238 1477 363 sothand 55t1irthday
703 970 2463 1062 Soireen getroffen, war da und dort zum Mittagessen mit ihm zusammen
710 1056 2458 1113 eingeladen gewesen, man wußte, daß er sehr elegante Kleider und sehr
698 1124 2462 1180 teure Krawatten trug, daß er ein junger Arzt sei, der lächerlich wenig
698 1160 2458 1246 Patienten, dafür aber desto mehr mondaine Passionen hatte. Und der wollte
697 1219 2453 1292 auf einmal ein Dichter sein? Man ließ sich so was nicht weismachen. Der
702 1276 2453 1357 junge Herr würde besser tun, sich zufrieden zu geben. Er würde mehr
712 1329 2450 1412 Verstand beweisen, wenn er sich bemühen wollte, in seinem Beruf etwas
715 1415 2470 1480 Tüchtiges zu leisten. Man war keineswegs aufgelegt, seine schöngeistigen
708 1469 1404 1541 Bestrebungen zu unterstützen.
822 1528 2449 1610 Die Kritik spielte die Begleitungsmusik zu diesem Chor der Meinungen.
716 1601 2465 1658 Sie schlug die Pauke, sie ließ die Feuerwehrtrompeten schmettern, sie strich
713 1634 2453 1712 den Brumnmbaß und schnaubte im Holz. Es war eine niedliche Salonkapelle,
714 1697 2467 1765 die Kritik. Die Melodie, die sie dabei immer wiederholte, bis die Spatzen
715 1768 2466 1844 sie von allen Dächern nachzwitscherten: sollen denn Schiller und Goethe
711 1814 2470 1879 abgesetzt werden? Ihr heroischer Hornruf: dlas werden wir nicht dulden!
705 1899 2471 1960 Die Kritik zog die Wache auf und besetzte alle Posten. Denn die Kunst
715 1937 2468 2014 war bedroht und die Moral war in Gefahr. Diesem Stück entquollen die
724 1988 2474 2077 üblen Gerüche der Kloake, schrieb man. Die Kritik hatte alle Hände voll
709 2046 2471 2125 zu tun, sie war sehr eifrig, und in ihrem Eifer wußte sie nicht mehr ganz
709 2108 2471 2201 genau, welche Dienste eigentlich ihr oblagen: sollten sich alle als Hüter der
718 2165 2465 2245 Kunst auf ihre Plätze begeben oder als Wächter der Moral? Deshalb taten
722 2221 2469 2303 sie beides. Sie bewachten die Kunst und sie hüteten die Moral. So erfüllte
719 2283 2463 2360 die Kritik ihre Aufgabe, als Arthur Schnitzler auftrat. Ihre vornehmste Auf¬
725 2361 2465 2432 gabe: das Neue zu erkennen, das Werdende in Acht zu nehmen und zu
721 2435 2487 2483 pflegen, jugendliche Entwicklung zu verstehen und zu fördern, und die
716 2461 2478 2543 leicht vom Persönlichen verwirrte Menge durch sicheres Voranschreiten zu
730 2538 1455 2619 einem klaren Urteil zu führen.
840 2638 2473 2708 Ohne Spur von Bitterkeit erinnern wir uns jenes Anfangs heute, da
733 2686 2482 2772 Arthur Schnitzler an seinem fünfzigsten Geburtstag als eine der stärksten
727 2749 2483 2849 dichterischen Erscheinungen der Epoche gefeiert wird. Aber es ist ganz gut,
737 2823 2481 2896 bei solch einer Gelegenheit rasch einmal zurückzuschauen, und die immer
736 2868 2483 2961 wieder gleiche Art der Anfänge lächelnd zu bedenken. Da hebt sich uns
737 2924 2482 3019 die Mahnung entgegen, den jeweiligen Zwist des Tages nicht für wichtiger
737 2991 2485 3073 und bedeutender zu nehmen als er im Grunde ist. Denn immer wieder
738 3064 2471 3121 lassen wir uns von der törichten Aufregung des törichten Moments hin¬
740 3099 2476 3177 reißen, diese Dinge in ihrem Maß und in ihrem Gewicht zu überschätzen.
733 3185 2489 3244 Der Zuschauer von etwas neuem wird jedesmal überrascht, und in seiner
740 3233 2478 3300 Uberraschung auch verwirrt sein. Er mag sich auf seine Ubung im Zu¬
743 3277 2490 3359 schauen berufen und daraus eine Art Kennerschaft für sich beanspruchen,
748 3336 2501 3424 er ist ja doch nur im Anschauen der gewohnten Dinge trainiert, er ist im
739 3392 2504 3497 Gewohnten nur heimisch, ist darin befangen und eben deshalb verstimmt
1555 3482 1692 3565 325
