3344 4352
1142 232 1615 341 box 39/1
157 237 1013 355 1. 50th Birthdar
1664 1634 3333 1744 jetzt versteht er die Kunst indirekter Charakte= aus einer Hypertrophie seines
130 1694 1671 1759 Menschen, während ihn Künstler über Episoden des Liebeslebens hinauskommen
1677 1711 3323 1785 ristik wie kaum ein zweiter deutscher Dichter, der reine Ausgleich zwischen
134 1740 1669 1818 hlungen, „Sterben“, inließ. Jetzt drängt sein Drama nicht zum vorbestimmten
1683 1723 3333 1826 er schreibt einen hochdeutschen Dialog, der doch in der von ihm dargestellten Au
141 1792 1672 1860 so wunderbaren Bund Ausgange hin, sondern versucht mit komplizierten
1670 1780 3340 1887 jeder seiner Wendungen echt wienerisch klingt, sein nicht vollzogen. Sein 50. L##
121 1839 1669 1913 einer epischen Kunst zeigt. Menschen ein naturwissenschaftliches Experiment. Was
1681 1834 3330 1937 Realismus bedarf, selbst wo er in die Tiefe des nach durchaus nicht vor einem
2727 1880 3332 1957 teile, gerade um diese Wen
624 1889 1667 1951 wird aus Amandus und seiner Gattin, wenn sie an
158 1890 631 1969 tritt Schnitzler Ibsen
1678 1901 2729 1975 Volkes und der gegenständlichsten Erotik hinabsteigt,
2728 1932 3333 2012 fast jugendliche Stürme seines
615 1938 1674 2001 ihrer Ehe herumzuklügeln beginnen? Ein „Zwischen¬
144 1951 627 2023 äußerlicher Nachahmung
1692 1948 2739 2031 nicht des gemeinen Wortes, um in vollster Plastik zu
2737 1980 3302 2055 hoben. Sie ruhten schon
621 1981 1677 2050 spiel“ für beide, an dessen Abschlusse, der nicht, wie
136 2001 622 2078 Er antwortet nicht mehr,
1684 2023 1863 2097 wirken.
2744 2026 3335 2101 in einem seiner allerersten, w
621 2038 1680 2104 im echten Drama, der einzig mögliche ist, sondern nur
142 2049 624 2128 t graues Haar, und das
1731 2020 2740 2129 Aber mit der Vertiefung und der Vergeistigung
2737 2082 3335 2158 dramatischen Versuche „Alkau
627 2091 1679 2147 einer von vielen, der Dichter selbst sagt: „Unser
133 2087 643 2169 bens ist die Einsamkeit,
1688 2106 2738 2188 seiner Gestalten und Vorwürfe, mit dem schönen
2732 2135 3341 2206 öffentlicht) spielt der Lebenstra
138 2136 1679 2212 wird zuweilen zur Re= Versuch ist mißglückt.“ Was wird aus Hofreiter
1684 2154 2744 2227 Streben, den ganzen Reichtum der in ihm sich
2738 2195 3323 2258 Rolle wie in der „Frau u
619 2175 1672 2256 und Frau Gina, die das inquisitorische Ver¬
134 2199 624 2273 Ergebung, öfter aber zur
1681 2208 2747 2286 drängenden Ideen dichterisch zu bewältigen, ohne eine
618 2218 1687 2309 fahren des Gatten in die Arme eines Buhlen
2738 2233 3316 2302 schon zeigt sich auch eine
134 2243 637 2322 sal, das nunmehr als
1694 2235 2760 2332 restlose Lösung bisher zu finden, droht Artur Schnitzler
617 2291 1686 2355 treibt, was wird aus dem armen weiblichen
2744 2277 3332 2350 sein Georg Wergenthin ist der
135 2291 635 2376 nitzlers ganzer Gedanken¬
1684 2300 2761 2386 die große Gefahr, sich von dem Leben, das er so ganz
617 2334 1667 2395 Wesen, das in der „Hirtenflöte“ ins wilde Leben ge¬
2742 2333 3324 2399 der aus barer Liebelei und ep
152 2340 629 2415 e Zwangsvorstellung des
1686 2344 2753 2417 beherrschte, zu entfernen und sich in Abstraktion und
136 2377 1685 2463 seinen frohesten Stunden stoßen wird? Der Dichter, die Lupe vor dem Auge,
2745 2385 3340 2464 schöpferischen Beruf entgegen
1700 2402 2750 2472 Konstruktion zu verlieren. Staunend sieht er Unerklär¬
139 2426 1678 2516 Fatalismus geführt, und beobachtet. Derartig subtile Analysen haben und be¬
2744 2437 3330 2508 mehr bedeutet als eine angen
1695 2457 2744 2531 liches vor sich gehen und sucht es in Hypnose, Traum¬
2763 2486 3325 2558 Schnitzler bisher das Beste,
133 2473 1685 2559 juf das Leben, dessen dürfen eine gewisse Kälte, sie bedingen bei aller
1686 2500 2755 2569 bild, Vision und dem Wunderbaren, das eine immer
126 2530 1684 2628 faßt wie sein brutales Subjektivität die schärfste Erwägung von außen,
2756 2535 3331 2609 nicht gegeben, ist die sicherste
1693 2544 2753 2630 größere Rolle in seinen Dichtungen spielt, festzuhalten,
623 2573 1686 2657 dadurch entsteht leicht der Eindruck von Temperament¬
2759 2582 3334 2658 Entwicklung. Wird sie uns di
126 2589 625 2668 ein Spiel, die Menschen,
1692 2604 2759 2666 Phantasie und Wirklichkeit gleitet ihm fast untrenn¬
623 2622 1683 2716 losigkeit und Härte, er stellt sich bei Schnitzler auch
2748 2637 3330 2704 wie er sie auf dem Boden 2
139 2648 632 2725 rähten, und der Dichter,
1696 2648 2749 2720 bar durcheinander. Nichts bezeichnender als der Titel,
622 2667 1691 2756 zuweilen ein; aber der Dichter siegt durch die un¬
2767 2681 3333 2762 schen Revolution, der Renai
151 2695 636 2768 fällt selbst durch einen
1710 2701 2763 2773 den er der eben erschienenen Sammlung von Prosa¬
625 2722 1685 2803 vergleichliche Innigkeit des Vortrages, der, immer
2757 2737 3342 2802 vorbereitet? Soll sie uns de
141 2745 625 2813 ntseelt zu Boden. Wer
1706 2752 2766 2827 stizzen gegeben: „Masken und Wunder". Das Unbe¬
627 2779 1687 2857 auf künstlerischer Höhe, sich stark dem Goetheschen
2757 2782 3332 2862 spiel schenken, das zu sche
127 2797 623 2883 tlerschen Schriften nicht
1700 2794 2766 2879 greifliche tritt ihm nicht nur in der Umwelt, sondern
629 2845 1689 2897 Altersstile annähert, ein musikalischer Wohlklang von
2754 2840 3329 2910 berufen scheint? — Wir wiss
167 2844 634 2921 wie „Der einsame
1709 2854 2769 2922 in seinen eigenen Geschöpfen entgegen, und Hofreiter
623 2875 1690 2951 Reinheit und Güte bestrickt unser Ohr. Immer mehr
2760 2880 3329 2963 scheint mir sicher: Wenn e
146 2897 626 2964 tiefen, unverarbeiteten
1717 2899 2763 2969 muß von sich sagen: „In mich kann niemand hinein¬
626 2924 1692 3002 gelingt es ihm, das Gespräch zum Drama zu erheben,
2770 2936 3335 3005 den „Ruf des Lebens“ vern
139 2947 638 3024 eines hohen, lebensmüden
1729 2949 2776 3030 sehen.“ Der Dichter aber ist ein Deuter, und von ihm
639 2976 1689 3050 und immer weniger will äußerliche Theatralik, wie
2771 2988 3274 3058 funden, was er mit so
151 2998 641 3076 Schnitzler dieses Stück
1718 2998 2774 3076 erwarten wir das lösende Wort für die Gestalten, die
634 3010 1691 3107 sie z. B. „Der Ruf des Lebens“ bringt, in das weit¬
2762 3003 3357 3130 strenger Selbstzucht sucht: de
137 3047 649 3126 sen als heute, viel älter
1722 3040 2778 3121 er beschworen. Schon stellen sich bei ihm auch Sym¬
633 3077 1699 3148 verästelte Gefüge seiner Seelenstudien passen. In
3217 3088 3337 3163 Ale
152 3101 635 3172 Werken, in denen er an
1724 3100 2774 3166 bole und Allegorien ein, die nur zu leicht Surrogate
156 3126 1687 3207 1 Mädchens verheißungs= seiner Frühzeit gaben sich die Menschen seiner
146 3146 2803 3293 ngen oder einen jungen Dramen durchwegs in Selbstdarstellung kund; für echte Poesie werden. Bei ihm stammen sie wohl!
2947 4102 3050 4180 S
