3344 4352
1163 156 1595 240 box 39/1
167 163 995 260 1. 50th Birthday
801 846 1400 943 Klose & Seidel
597 914 1693 1002 Bureau für Zeitungeausschnitte.
633 983 1542 1059 Berlin NO. 43, Georgenkirchplatz 211
707 1097 1510 1168 (Liest die meisten Zeitungen und lat das
710 1147 1507 1227 bestorganisierteste Hureau Deutschlands.)
1001 1307 1456 1393 IL
479 1328 798 1404 Zeitung
1163 1417 1362 1507 —
490 1437 704 1505 Ort1 —
494 1546 775 1615 Datum: —
990 1623 1180 1710 15.Ma
921 1773 1536 1865 Arthur Schnitzler.
830 1856 1616 1931 Zum fünfzigsten Geburtstage.
654 1906 1835 1977 Der älteste der Dichter, die uns der gute Jahrgang 1861 bescherte,
624 1966 1839 2020 Atthur Schnitzler, vollendet am Mittwoch das fünfzigste
615 2008 1837 2060 Lebensjahr. Seit der junge Wiener Arzt 1893 seinen melancholisch¬
613 2043 1840 2104 leichtsinnigen „Anatol“ durch die sieben Einakter seines Jung¬
617 2107 1845 2148 gesellenlebens führte, „Frühgereift und zart und traurig“ die halben
617 2138 1835 2196 Empfindungen festzuhalten wußte und für einfachstes Geschehen die
622 2173 1842 2239 zart andeutende, wie von einem lyrischen Unterton getragene und
609 2215 1841 2277 doch scharfe Anmut seiner Sprache formte, gilt er in seiner Heimat
615 2261 1837 2319 und bei uns „draußen im Reich“ als einer der führenden Vertreter des
617 2305 1840 2359 österreichischen Schrifttums. Und wie in symbolischer Handlung gab
613 2342 1847 2407 sein Landsmann Hugo v. Hofmannsthal sein reizvoll spielendes Ein¬
620 2382 1843 2445 leitungsgedicht dem „Anatol“ auf den Weg. Schnitzler — einund¬
611 2432 1844 2479 dreißig — war damals Assistent an der Wiener Poliklinik. Als
616 2470 1842 2532 Sohn des Wiener Laryngologen Professor Johann Schnitzler besuchte
610 2522 1842 2566 er die Universität seiner Vaterstadt und wurde dann Sekundärarzt
623 2554 1842 2618 im Allgemeinen Krankenhause. Seitdem lebt er nicht nur seinem
606 2610 1688 2658 literarischen Schaffen, sondern auch der ärztlichen Praxis.
678 2629 1847 2702 Als Mann, der im Leben steht, überall das Leid sieht und überall
615 2691 1850 2742 helfen will, nicht einer, der am Schreibtisch literarische Probleme er¬
621 2722 1843 2778 klügelt, — so steht Schnitzler vor uns. Oesterreicher ist er mit der
614 2769 1841 2842 schwermütigen Liebenswürdigkeit seines Wesens, seiner gedämpften,
617 2814 1848 2869 geistreichen Heiterkeit. In Wien, von kurzen Abstechern abgesehen,
630 2855 1842 2918 spielt sein Schaffen. Aber er ist kein Stockwiener: sein Drama vom
626 2898 1850 2957 jungen Medardus ist voll des ironischen Hohnes über die Wiener
614 2939 1858 2994 von 1809, denen die Belagerung Wiens nur eine Gaudi ist, während
623 2974 1854 3047 ihre Kinder drüben bei Aspern fallen. Ueber Oesterreich hinaus
621 3023 1847 3092 führte ihn der Erfolg seines „Anatol“. Das liebe, süße Mädel, dem
625 3065 1861 3123 Fontane bereits den Platz im Roman gesichert hatte, eroberte sich
628 3108 1860 3162 nun von der Bühne die Herzen. In diesen Jahren blieb Schnitzler
621 3156 1858 3215 dabei, in Gesellschaftsstücken von leicht Ibsenscher Formung der
620 3199 1864 3253 Thesen eine ironische Kritik des österreichischen Wesens zu üben. Die
627 3243 1852 3294 Schauspiele „Das Märchen", „Liebelei" und „Freiwild“ gehören hier¬
628 3272 1858 3346 her, später etwa noch die „Lebendigen Stunden“. Als Erzähler trat
619 3316 1870 3375 er in der minutiös zeichnenden Novelle, die das Sterben eines
628 3359 1863 3425 Schwindsüchtigen schildert, in der „Frau des Weisen“ dann in zwei
620 3412 1862 3458 Arbeiten voll köstlich ironischer Grazie und bitter herben Leichtsinns,
630 3447 1781 3514 der „Frau Bertha Garlan“ und dem „Leutnant Gustl“ hervor.
686 3479 1861 3541 Schnitzler aber, wie er sich den Vierzigern näherte, wollte mehr
625 3530 1886 3600 jein als der beste Oesterreicher. Er schrieb das historische Kabinett¬
1856 1670 2153 1766 — —
1850 1725 3075 1815 stück aus der Revolution „Der grüne Kakadu“, dann einen
1861 1788 3075 1853 vielleicht nur halbgelungenen Versuch auf dem Gebiete des Stil¬
1858 1835 3080 1895 dramas, den „Schleier der Beatrice“. Seine Menschendarstellung ver¬
1853 1863 3083 1942 tieft sich, dunkle Schicksale reizen ihn zur Gestaltung, sein Skeptizis¬
1861 1940 3079 1981 mus, nur erträglich bei einem Mann von so weicher Eupfindsamkeit,
1867 1964 3076 2024 steigert sich. 1904 erschien das Meisterwerk „Der einsame
1855 2003 3084 2062 Weg“. Von ähnlicher Haltung folgt das Schauspiel „Der Ruf des
1855 2045 3078 2104 Lebens“. Und Schnitzler, der in der etwas gequälten Harmlosigkeit
1859 2082 3078 2153 seiner Puppenspiele sich das Marionettenkleid umgetan hatte, läßt
1855 2143 3085 2196 in den Novellen „Dämmerseelen“ Schicksale aus dunklen Quellen
1867 2176 3083 2234 rinnen und hat vor allem in seinem großen Wiener Zeitroman vor
1854 2211 3075 2288 der unerbittlichen Logik des Lebens sich gebeugt, wenn er seinen
1861 2271 3084 2322 aristokratischen Musiker nur über das Schicksal der Geliebten hinweg
1854 2308 2474 2366 den „Weg ins Freie“ finden läßt.
1904 2313 3079 2401 Als Künstler — und nur als solcher, der die düsteren Farben
1864 2392 3095 2445 liebt und vor allem die schwerblütige Ironie, tritt er, der Jude, der
1853 2423 3092 2501 Judenfrage gegenüber, voll trüber Ahnung von „dieses Volkes geheim¬
1866 2472 3087 2533 nisvollem Los“. Die großzügig ausgreifende Historie vom jungen
1861 2514 3089 2570 Medardus, den ein Weib zum Narren seines Schicksals macht, und
1856 2552 3085 2620 die Tragikomödie vom „Weiten Land“, die in die Sphäre des ein¬
1864 2613 3088 2659 samen Weges zurückführt, sind die letzten Werke des Fünszigers, dessen
1862 2635 3087 2700 innerer Reichtum, dessen feine Meisterschaft noch lange nicht erschöpft
1864 2667 3092 2751 scheint. Dem alternden Schnitzler aber möge die traurige Wahrheit
1870 2721 3089 2785 erspart bleiben, die eine seiner Meisterfiguren, der unglückliche
1864 2773 3089 2835 Lebenskünstler Stefan v. Sala im „Einsamen Wege“ machen muß,
1871 2828 3099 2870 wenn er die Höhe des Lebens überschritten hat: „Wenn uns ein Zug
1862 2858 3005 2933 von Baechanten begleitet, den Weg hinab gehen wir alle allein.“
2892 2884 3074 2968 A. R.
3168 4028 3233 4105 6
