3344 4352
205 290 1538 416 50th Birthdag box 39/1
1020 1068 1429 1166 Telephon 12.801.
462 1207 1237 1309 „ODSENVEN
302 1281 1419 1377 1. österr. beh. konz. Unternehmen für Zeitungs¬
520 1342 1219 1418 Ausschnitte und Bibliographie.
479 1382 1269 1483 Wien, I., Conoordiaplats 4.
703 1455 1047 1527 Vertretungen
307 1480 1422 1584 in Berlin, Brüssel, Budapest, Chicago, Cleveland, Christiania.
302 1552 1427 1623 Genf, Kopenhagen, London, Madrid, Mailand, Minneapolis,
309 1583 1427 1662 New-York, Paris, Rom, San Francisco, Stockholm, St. Peters¬
719 1631 1014 1690 burg, Toronto.
507 1636 1414 1762 BERLINER. SAGBI.ATT
285 1712 718 1796 Ausschnitt aus:
297 1827 485 1896 vom:
729 1810 1024 1942 — 9 197
2805 1890 3299 1982 W.—
2181 1901 2281 1983 Seeng
1491 1983 2731 2035 durchaus nicht durch Berlin repräsentiert) läßt bei uns den Dichtern
2725 1973 3301 2044 behren, wäre Einmütigkeit wi
515 1968 1316 2082 Den Fünfzigjährigen!
1515 2018 2733 2070 die heilige Welle einer nationalen Begeisterung immer erst entgegen¬
2727 2004 3138 2079 festlich zu bekunden.
1517 2058 2735 2116 schlagen, wenn sie sterben — Wilhelm Raabe, Lilieneron — oder dann,
2781 2051 3297 2125 Freilich: Nicht mit Artikeln
599 2055 1220 2146 Eine öffentliche Anregung.
1510 2077 2735 2159 wenn ihre rauschende Kraft nicht mehr imstande ist, eine absterbende
2738 2093 3291 2170 adressen, sondern in würdiger,
1101 2118 1501 2207 [Nachdruck verboten.]
1504 2128 2729 2210 Produktivität neu zu entflammen, etwa zum siebzigsten Geburtstag
2736 2143 3308 2202 gangen werden, wenn solche Kü
1515 2183 1934 2250 oder zum achtzigsten.
720 2160 1127 2250 Stefan Zweig.
1559 2230 2728 2290 Darum muß es nun einmal deutlich gesagt werden: Alle die Hul¬
2727 2236 3295 2297 sche Theater in Deutschland ein
331 2223 1527 2316 Eine Meinung wird weder richtiger noch wahrhafter dadurch, daß
2726 2282 3309 2339 Mai eines von Arthur Schnitzl
1516 2267 2738 2327 digungen für die Siebzig= und Achtzigjährigen kommen zu spät und
280 2260 1514 2345 man sie oft,und mit staxkem Stimmaufwand in die Welt hinausschreit.
2728 2318 3297 2378 nahe tausend Theater haben wi
1516 2320 2730 2371 sind auch unnütz, weil sie schon offiziell und nicht eigentlich spontan
281 2310 1522 2380 So wird auch die häufige und geräuschvolle Klage, daß Deutschland
1518 2355 2740 2408 sind. Sie kommen von einer Generation, die meist keine inneren Zu¬
2724 2350 3310 2421 der Gedanke hat für mich etwas
277 2361 1522 2422 seine Dichtet nicht ehre, nie eine rechte, lebendige, lautere und wirk¬
2734 2396 3302 2455 Stunde in Ost und West, in
1519 2392 2745 2453 sammenhänge mehr mit dem Gefeierten hat — denkt an Paul Heyse! —
285 2406 1519 2464 same Wahrhe# werden, sondern das bleiben, was sie im tiefsten
1520 2440 2746 2496 die ehrt, aber nicht eigentlich mehr liebt. Und dann, diese Huldigun¬
2728 2431 3314 2499 Reiches der Traum von Dichte
282 2436 1527 2517 Wesensgrunde ist: ein Mißverständnis. Keine Nation hat vielleicht
2726 2488 3301 2542 zu Gestalten würde, daß fünfm
1508 2485 2734 2541 gen haben etwas Kaltes, Fremdes, sie sind schon Maschinerie, ein
286 2488 1508 2542 mehr Respekt vor der dichterischen Erscheinung als die deutsche, nur
2727 2526 3299 2578 an diesem einen Theaterabend s#
1510 2510 2732 2573 System, kein organischer Ausbruch, kein jubelnder Schrei. Ein Siebzig¬
276 2529 1510 2586 sicherlich auch keine eine unglückseligere, ungeschicktere, unfruchtbarere
1514 2552 2733 2619 jähriger weiß schon immer voraus, was ihm an diesem Tage blüht:
2733 2550 3297 2620 Kunst bezwingen ließen, daß
275 2573 1516 2648 Form, diese Liebe zu betätigen, keine eine so posthume und problema¬
1504 2606 2733 2662 eine Adresse, dreihundert Zeitungsartikel voll gutmütiger Milde, und
270 2596 924 2664 tische Art der öffentlichen Ehrung.
2730 2604 3305 2664 Tage das ganze Deutsch
1506 2634 2739 2698 mir ist immer so, als müßte er die Empfindung haben, seinen eigenen
2724 2637 3303 2708 dacht wäre. Ist es wirklich un
336 2629 1520 2710 Unser nationales Literaturlaster, das Ueberwuchern der Germa¬
1508 2680 2738 2740 Nekrolog zu lesen. Ihnen allen muß so zumute sein, wie Karl dem
2730 2676 3287 2747 oder zehn Theater verschiedene
276 2673 1517 2742 nistik in die Kunst, der Triumph der Literaturgeschichte über die
1513 2720 2735 2798 Fünften, als er sein eigenes Leichenbegängnis im Kloster von Saint
2736 2717 3298 2782 ein so Vielsöltiges geschaffen —
274 2729 1514 2786 Literatur Einklittern, Abwägen, psychologische Vergleichen, die
1505 2755 2091 2837 Just an sich vorüberziehen sah.
2728 2761 3307 2828 so schönem Anlaß ernste, künstle#
277 2761 1510 2832 offizielle diskretion gegenüber der privaten Lebensführung, was ist
1561 2798 2735 2873 Deutschland müßte darum, für mein Empfinden, lernen, seine
2733 2815 3309 2860 sie eines der schwerer zugängl
279 2815 1508 2871 all dies n den Universitäten offiziell anerkannte Treiben anders
2725 2850 3305 2912 die bisher den Hörern fremd w
1502 2853 2735 2921 Dichter lebendiger zu feiern und vor allem rechtzeitig. Fünfzig
277 2860 1510 2909 als eine durch philologischen Ordnungssinn verunstaltete Dankbarkeit?
2733 2886 3302 2944 Ehrfurcht reiner begriffen werd
1518 2897 2733 2949 Jahre — „O Lebensmittag, feierliche Zeit!“ klingt's bei Nietzsche,
274 2885 1511 2946 Und vor allem, wie könnten diese hunderte Luxusausgaben und an¬
1509 2939 2731 2982 der vergebens in der Reife seines Schaffens auf Dank aus Deutschland
2733 2926 3313 2998 über alle Maßen herrliche Stück
267 2937 1515 2989 dererseits wieder die gelehrten Schwarten und Traktätchen über
1515 2976 2741 3032 horchte — scheint mir der rechte Augenblick, da ein Dichter auf der
2726 2978 3309 3045 „Einsamen Weg“, ja selbst den
277 2983 1518 3035 Dichter bestehen, wäre nicht diesem Angebot ein kaufkräftiges Publi¬
1513 3010 2739 3070 Höhe des Lebens, Vorbild und Ehrfurcht einer jüngeren Generation
2730 3006 3288 3077 könnte dies zu einer Stunde
269 3024 1517 3077 kum gegenüber, wäre nicht im ganzen deutschen Volke eine unendliche
1510 3057 2728 3110 und ihr noch menschlich verbunden, tätig und schaffensfreudig, seinen
2725 3049 3298 3116 solchem festlichen Tage würde d
273 3056 1513 3116 Liebe zu ihren Dichtern, eine Liebe, die bei manchen großen Geistern
1513 3088 2735 3159 Dank noch in schöpferischen Enthusiasmus umzusetzen vermag und mit
2733 3097 3298 3158 lesenstes hingeben. Und einem
272 3097 1509 3161 wie Goethe nicht nur flüchtige Neigung jugendlicher Jahre bleibt,
1511 3141 2729 3199 siebenfach gestaltetem Verantwortungsgefühl der schon historischen
2724 3141 3303 3195 Dramatischen nicht genug gesch
268 3137 1513 3204 sondern sich oft über ein ganzes Leben hin verbreitet, es schöpferisch
1512 3167 2188 3245 Leistung die lebendige anzugliedern.
2723 3173 3303 3239 Rezitation in allen deutschen St
269 3186 1513 3247 erfüllt und irgendwie bis tief in den Organismus der Lebensführung
2727 3228 3295 3277 verdient, was er ehrlich und
267 3221 1527 3284 eindringt. Eine Liebe aber, die leider unfruchtbar ist, weil sie — Karl!
1548 3213 2732 3281 Ich sage dies heute, weil im kommenden Jahre eine Generation
2733 3260 3297 3313 Breiteste Volkstümlichkeit. An
281 3272 1518 3329 Spitteler hat das jüngst in einem trefflichen Essay dargelegt — nie¬
1505 3262 2731 3319 die goldene Lebensmitte orreicht, die den Deutschen Unvergeßliches ge¬
2731 3303 3303 3360 deutsche Volk mit einem gewisse
274 3317 1510 3373 mals dem Lebenden zugute kommt, sondern einerseits den Kärrnern,
1515 3318 2729 3369 leistet, und die wahrhaftig nicht unbedankt bleiben sollte. Voran
2726 3351 3301 3399 großen Talente fühlen, würde
277 3354 1514 3414 die peinlich die Spuren ausschaufeln und in Verlassenschaften wühlen,
1508 3363 2733 3413 Gerhart Hauptmann, Arthur Schnitzler und Richard
2737 3380 3316 3463 kennen, wieviel an Liebe es gl
275 3386 1515 3461 andererseits glücklichen Verlegern, die tantiemenfreie Werke in wohl¬
1511 3396 2733 3459 Dehmel, Maeterlinck (der ja halb zu uns gehört), bald später
2724 3429 3057 3494 enthalten hatte.
1507 3433 2736 3486 Hermann Bahr und die anderen, jene ganze Generation, deren
263 3428 891 3504 gepflegten Ausgaben darbieten.
1508 3483 2745 3539 höchste Errungenschaft vielleicht ist, daß man sie heute noch unbewußt
299 3465 1479 3529 Niemals aber — und hier ist die Wurzel des Mißverständnisse! —
2785 3462 3308 3537 Daß auch ein Materielles au
275 3519 1508 3576 spürt der deutsche Dichter diese Liebe am eigenen Leibe, niemals
1507 3521 2736 3588 als die „Neuen“, die „Jungen“ empfindet. Eben weil all diese noch
2735 3504 3314 3590 lands sich selbstverständ
1507 3561 2732 3617 inmitten ihres Schaffens sind, noch keine Müdigkeit in den Muskeln
269 3564 1513 3631 wärmt, kleidet, nährt, beglückt und begeistert sie ihn inmitten seines
2729 3569 3301 3633 schenswert. Ein solcher Tag
1501 3594 2726 3664 ihrer Werke zu verspüren ist und eben weil sie noch nicht restlos an¬
275 3612 1508 3665 Schaffens. Irgendeine Vorsichtigkeit der Jugend gegenüber, wohl
2729 3596 3312 3659 gleich — selbst wenn die Verlc
260 3641 1512 3700 Erbteil der deutschen Bureaukratie, und wiederum eine langsame be¬
1500 3647 2740 3707 erkannt sind, alle ohne Ausnahme mit Widerständen zu kämpfen haben
2736 3655 3308 3700 ihren Anteil verzichten würden
274 3679 3300 3758 dächtige Art des Aufnehmens (Deutschland ist, man vergesse nicht, und die breite, einzig nahrhafte Gunst des ganzen Volkes sichtlich ent= tausend, mit den Wiederholunge
