3344 4320
1015 220 1567 324 box 39/1
222 209 962 336 Soth Birthdav
149 773 3129 866 durch Dialektik zu ersetzen, das Geschehnis durch Ge= in der „Gefährtin“; nach dem Bestand der Schönheit seinen Menschen die raffinierte Vertiefung in sich
153 843 3133 901 danken zu erzeugen, wie eben hier, wo der Feind von und des gewollten Genusses im „Schleier der Bea= selbst, die bis zur äußeren Unbeweglichkeit entartet.
160 880 3125 943 außen, aus der Welt derjenigen Anschauungen und trice“; nach der Wirklichkeit und dem Bestand des Sie wissen von sich, ihrem Leben und Lebenwollen
155 925 1160 983 Instinkte kommt, in der der Dichter niemals wirklich
1146 927 2132 983 erotischen Erlebnisses im „Reigen“. Und im „Einsamen
2135 939 3117 990 so erstaunlich, so unaushörlich viel, daß dieses Wis¬
160 976 1147 1025 Zuhause war. Und nun geht seine Kunst, selbstsicher
1155 969 2141 1024 Weg“ endlich, dem reichsten und bedeutendsten seiner
2122 976 3123 1043 sen ihre Instinkte fast ganz verzehrt und keinen An¬
161 1020 1151 1075 und voll wärmster Zärtlichkeit, immer lieber, immer
1145 1012 2131 1069 Dramen, werden die höchsten Lebenswerte dieses zu
2127 1020 3120 1073 trieb zur Aktion übrig läßt. Nur einmal hat ihn, wie
155 1063 1148 1111 ausschließlicher, auf den Kreis der Wenigen, der
1147 1057 2137 1120 Ende kultivierten Bürgertums gegeneinander abge¬
2124 1067 3132 1132 in bewußtem Widerspruch gegen seine innerste Natur,
148 1094 1160 1165 Gleichfühlenden und Gleichgebildeten zu, in dem sie
1140 1101 2130 1162 wogen; bange Zweisel prüfen jedes Glück und finden
2130 1103 3131 1169 der „Ruf des Lebens“ verlockt, seine Kunst in die
153 1129 2125 1205 ähre eigensten Probleme, ihre heiligsten Schmerzen, iedes zu leicht, das nicht auf der warmen Nähe guter
2124 1148 3121 1214 Hitze und den Feuerschein vulkanisch ausbrechender
153 1182 1165 1248 ähr nächstverwandtes Glück findet. Das Besie und
1142 1179 2124 1242 Menschen ruht. Eine grausame Angst vor der Ver¬
2125 1177 3137 1258 dramatischer Wirkungen zu stellen. Und wie in
150 1227 1151 1288 Tiefste, was Schnitzler seither geschaffen hat, ist in
1142 1234 2132 1300 lassenheit, vor den Tücken eines ungreifbaren Schick¬
2122 1242 3130 1296 zwangvoller Bestätigung seiner innersten Natur ent¬
147 1270 1148 1330 dieser Atmosphäre reicher und gebildeter Bürger¬
1143 1276 2133 1329 sals entflieht da in den erträumten Schutz eines ide¬
2125 1282 3129 1338 quillt auch da wiederum das reinere Licht und die
161 1318 1155 1382 häuser gereift. Wie ein Symbol dieser Entwicklung
1152 1328 2127 1380 alen Zusammenseins. Die Unstetigkeit in der Welt
2127 1316 3131 1383 lebendigere Wärme nur den zarten, schüchtern schweig¬
158 1367 1155 1415 sieht es aus, daß im „Vermächtnis“ die fremde Ge¬
1145 1368 2124 1422 und die Treue zum Haus, diese Erbschaft der jüdi¬
2131 1361 3121 1427 samen Menschlichkeiten; alles andere bleibt Theater¬
160 1410 1154 1464 liebte aus der Welt der Abenteuer in die gute Familie
1142 1405 2125 1485 schen Seele, spricht hier, in Schnitzlers tiefster Dich¬
2117 1404 3126 1470 feuer. Was sich, in anderer Form, aber mit derselben
152 1447 1160 1520 hineingeworfen wird und da vergeht und erstickt, wie
1149 1438 2018 1523 tung, mit der stärksten und klarsten Stimme.
2112 1442 3127 1509 beweisenden Kraft, in seinem „Medardus“ wieder¬
158 1495 1155 1546 eine Flamme ohne Luft. Das ist wie eine letzte, mit¬
1223 1485 2133 1558 Was er, als assimilierter Wiener, seiner Kraft
2128 1500 3137 1567 holt, dieser so wunderlich aus feinster Genrezeichnung,
153 1535 1161 1600 leidige Abrechnung mit den Menschen einer anderen
1143 1533 2133 1601 der Anpassung und wieder seiner Fremdheit gegen die
2124 1537 3129 1600 tatfremder Psychologie und bombastischem Puppen¬
152 1587 1157 1639 Kultur. Denn von jetzt ab geht seine Kunst, auch im
1143 1586 2136 1636 „Fremden“ dankt, ist klar: zunächst den Stil und
2124 1583 2757 1667 spiel zusammengefügten Historie.
151 1623 1155 1685 Kostüm ferner Zeiten, nur mehr den Problemen nach,
1154 1610 2130 1705 Ton seiner Werke, dieses sublimierte Wienertum;
2191 1617 3133 1691 Aber mit seiner Gabe, auf dem schmalen Gebiet
152 1671 1153 1731 die in dem verfeinerten Leben seiner Klasse aus den
1140 1666 2130 1744 dann aber, auf der anderen Seite, die un¬
2129 1655 3130 1733 einer bewegungsarmen Handlung möglichst tief und
152 1711 1149 1769 beklemmend vielfältigen Instinkten seiner Art aus¬
1147 1697 2126 1779 verrückbare Distanz, die ihn erst befähigt, die¬
2127 1714 3131 1780 möglichst scharf in die Seelen der Handelnden schauen
154 1760 1158 1813 blühen. Es sei denn, daß es sich um den glitzernden
1150 1753 2129 1815 sen Stil zu bilden, dieses Wienertum zu subli¬
2129 1764 3126 1826 zu lassen, ist Schnitzler auch der geborene Novellist.
152 1804 1146 1866 Wurf eines Witzes handelt, wie in „Literatur", oder
1151 1793 2126 1864 mieren. Nur als Wiener eines anderen Stam¬
2115 1811 3123 1867 Und in der Tat wird ihn heute kaum ein Meister der
159 1844 1146 1906 um den meisterlich verschränkten Bau einer hoch¬
1152 1849 2131 1910 mes war er imstande, der Dichter der Wiener Bour¬
2122 1856 3123 1907 psychologischen Erzählung übertreffen. Nur schade,
158 1884 1148 1950 gipfeluden Antithese, wie im „Grünen Kakadu“. Das
1142 1890 2143 1963 geoisie zu werden; denn unsere echtgeborene Bour¬
2123 1900 3127 1946 daß auch seine Dramen fast durchaus diesen novellisti¬
155 1932 1156 1999 sind freie Turnübungen, die sich der genialische Witz,
1143 1932 2140 1988 geoisie hat, wie fast jede andere, die sonderbare Eigen¬
2116 1939 3128 2002 schen Zug beibehalten, wo nicht die Kraft des Witzes
155 1976 1164 2036 dieser liederliche Bruder der scharfen Dialektik, ein
1154 1982 3137 2056 schaft, daß sie sich selbst nicht künstlerisch sehen und oder der Dialektik die Vehemenz der Aktion ersetzen
163 2012 1153 2074 wenig abseits vom Zentrum der Probleme gestattet.
1154 2024 3133 2076 empfinden kann. Und wer weiß, wie mächtig und kann. Das geht so weit, daß er, wo die Fabel reicher,
164 2065 1146 2120 Sonst aber wird immer, in Angst oder Zweifeln oder
1156 2064 2138 2126 umgreisend er das, wofür er geschaffen zu sein scheint,
2117 2073 3126 2141 das äußere Leben bewegter werden soll, den Stoff,
156 2102 2139 2162 Trauer, nach der Wirklichkeit und dem Bestand alles erfüllen könnte, wäre nicht, als eine weitere satale
2123 2120 3127 2177 ganz wie im Roman, von verschiedenen Seiten zu¬
155 2149 2123 2214 dessen gefragt, was diesen Menschen teuer und süß ist Erbschaft seines Blutes, die fanatische Liebe zum
2122 2162 3126 2221 gleich angreifen die Motive nebeneinander ordnen
168 2197 3119 2245 im Leben. Nach der Wirklichkeit der Treue im „Para=Leben der Person und doch auch die unfrohe Schen muß, bevor er sie dramatisch verknotet. Das sind die
150 2233 3130 2324 relsus“; nach der Wirklichkeit der verliebten Freude vor allem stark Lebendigen in ihm. Das gibt allenlentscheidenden Mängel im „Schleier der Beatrice“
2136 2329 3144 2421 und im „Einsamen Weg“; sie haben seinerzeit den
2138 2394 3143 2469 Erfolg bei der unvorbereiteten Zuschauermenge be¬
2131 2437 3147 2527 einträchtigt. Und sie haben naturgemäß den Erfolg
2144 2485 3145 2548 seines großen Romanes „Der Weg ins Freie“ ent¬
2135 2527 3148 2604 schieden; in dieser schrankenlosen Auseinandersetzung
2143 2572 3147 2654 des Dichters mit seinen tiefsten Zweiseln und Beun¬
2141 2623 3141 2697 ruhigungen triumphiert endlich mit aller Entschieden=
2142 2658 3139 2733 heit die üppig wuchernde Dialektik, drängt die Hand¬
2137 2700 3134 2776 lung und selbst die Piychologie hinter sich und gibt
2139 2747 3137 2826 sich so frei und notwendig und eigenberechtigt, daß
2131 2792 3147 2844 sie — wunderbarerweise — wie ein Stück Natur er¬
2127 2835 3135 2916 scheint. In der kühnen Offenbarung seiner Schwä¬
2134 2878 3099 2941 chen liegt die erstaunliche Stärke dieses Romanes.
2213 2923 3152 2996 Stark ausschreiten und in gerader Linie die
2125 2959 3140 3051 Bahn vollenden, das kann die sorgsam tastende Nach¬
2130 3010 3139 3082 denklichkeit dieses Dichters nicht. So bleibt es zumeist##
2136 3057 3149 3120 bei Feinheit, Stille und Tiefe; die gewaltige Span¬#
2126 3099 3142 3154 nung der Kraft, die das Drama wie ein selbständiges
2127 3138 3136 3207 nalurgeborenes Stück Leben aus sich herausschleudert,
2121 3182 3133 3259 die fehlt fast immer. Sie fehlt auch in seiner seinsten
2129 3230 3138 3314 Komödie, dem „Zwischenspiel“. Ja, hier rücken die
2129 3277 3137 3339 Perionen noch ängstlicher, noch näher als sonst zu¬
2136 3315 3134 3397 sammen, verkehren sozusagen nur Seele an Seele
2124 3353 3128 3432 miteinander; jedes äußere Geschehen ist bis auf ge¬
2126 3410 3131 3472 ringste Spuren verwischt und ausgelöscht. Dieses
2130 3447 3134 3517 Drama ist zweifellos eines der subtilsten der ganzen
2129 3497 3130 3560 modernen Literatur. Von seinen anderen Stücken!
2122 3533 3134 3605 mag eines reicher, eines stärker, manches lebendiger,
2113 3569 3133 3661 vielleicht selbst tiefer sein. Dieses ist sicherlich sein
2125 3623 3123 3704 durchsichtigstes, reinstes und vornehmstes. Man wird
2120 3667 3129 3747 an ihm — wenn an keinem anderen — erkennen müs¬
2120 3708 3131 3795 sen, daß heute kaum ein deutscher Dichter es wie
2123 3748 3124 3838 Schnitzler versteht, aus dem ungreifbarsten Material,
2126 3782 3146 3892 aus den Bewegungen wohlgebildeter Seelen, Kunst¬
2089 3820 2517 3921 werke aufzubauen.
2770 3839 3110 3935 Willi Handl.
