3296 4352
767 104 2449 159 Doch dies geht uns hier nichts an; hier hat nur das Bild etwas zu suchen,
765 143 2453 227 das doch eigentlich kein Bild ist: denn die Unendlichkeit, Klarheit, der Glanz,
777 200 2462 286 den kein Auge aushält, des hellenischen Athers offenbart ja jedem fühlenden
774 254 2474 339 Menschen wie einst dem frommen Pindar die Majestät des einigen unpersön¬
777 336 1101 418 lichen Gottes.
1012 406 1640 487 Heiliges, himmlisches Licht,
1015 469 1871 535 Welche Namen auch immer dich rufen,
1936 517 2097 596 Golde
1015 523 1931 604 Du bist Mutter der Sonne, du gabst dem
1017 595 1922 658 Jenen Glanz, durch den es die Männer
1019 642 1668 718 Machtnoll dünket vor allem.
802 965 912 1039 296
1185 956 2033 1026 Alexander v. Weilen, Arthur Schnitzler.
852 1099 2459 1158 Solche Grübelei, die fast zur Zwangsvorstellung ausartet, kann zu zwei
758 1179 2459 1243 Extremen führen: der tollsten, selbstvergessenen Lebensbejahung, oder dem un¬
759 1220 2457 1295 bedingten Fatalismus. Der erstere Weg war Schnitzler verschlossen seiner
763 1276 2457 1341 innersten Natur nach und nur in der Form unbefriedigter Sehnsucht hat er
766 1340 2449 1400 das Bild solcher glücklicher Naturen gezeichnet. Ein Paar, das seine Jugend
759 1407 2452 1469 froh genießt und keines Endes denkt, es kehrt als Folie einer skeptisch leicht
764 1460 2458 1511 angelegten, aber schicksalsschweren Neigung von der „Liebelei“ bis zum „Weg
763 1518 2453 1593 ins Freie“ immer wieder. Wer auch so leben könntel seufzt der Dichter. Er
767 1588 2458 1647 sucht mit Witz und Humor die bohrende Trostlosigkeit zu übertäuben, aber er
759 1631 2466 1697 schlägt leicht in das Gegenbild der frohen Laune, in die Satire, um: darin
761 1686 2455 1750 liegt wohl der Grund, daß Schnitzler bei all den reizenden Einfällen, die ihm
767 1768 2468 1822 zuströmen, noch kein eigentliches Lustspiel geschrieben hat. Überzeugt vom Ende
765 1824 2458 1882 alles irdischen Glücks kann ihm die Lust des Augenblicks so wenig gelten wie
767 1866 2459 1929 das Wesen, das sie ihm verschafft hat. Schnitzler, der Erotiker, hat weder ein
765 1927 2455 1998 wahrhaft liebendes Weib, noch einen wahrhaft liebenden Mann geschaffen,
769 1995 2458 2059 wenn man sich an seine eigene Definition hält: „Lieben heißt für jemand
761 2056 2454 2115 anderen auf der Welt sein.“ Nicht nur die Männer pflücken Blume um
768 2113 2461 2171 Blume und werfen sie, noch eh ihr Duft entschwunden, verächtlich weg, als
757 2167 2452 2233 wilde Despoten, in deren Armen die Auserkorene als „schlafende Sklavin“
756 2217 2454 2275 ruht, auch die Frauen suchen ihre Befriedigung in einer einzigen heißen Um¬
769 2276 2452 2349 armung, Damen der Gesellschaft wie Mädchen aus dem Volke, Geschöpfe un¬
765 2346 2462 2406 mittelbarster Gegenwart wie Phantasiegebilde der Renaissance; selbst Anna im
778 2401 2454 2465 „Weg ins Freie“ die von den Sinnen des Mannes zu seinem Herzen vorzu¬
758 2452 2456 2527 dringen schien, sie muß sich damit zufrieden geben, eine Episode in seinem
767 2531 2465 2583 Leben gewesen zu sein, wie es Christine für ihren Fritz war, wie Frau Berta
758 2581 2459 2634 Garlan ihr Jugendideal nur als brutalen Genießer wiederfindet, wie sich Marie
770 2635 2457 2696 im „Ruf des Lebens“ freudig in die Lust einer Nacht stürzt. Der Mann wie
767 2687 2460 2755 auch die Frau, insofern sie nicht willenlos im Stärkeren aufgeht, sind Virtuosen
770 2756 2461 2818 des Egoismus. Aber daß auch dieser das ersehnte Glück nicht bringen kann,
770 2820 2466 2873 das beweist Schnitzler in seinem tiefsten und ergreifendsten Werke, dem „Ein¬
768 2859 2453 2926 samen Weg“, der Mann und Weib in den verschiedensten Spielarten zur Tra¬
766 2927 2457 2988 gödie des alternden, genußmüden Menschen, zur furchtbaren Einsamkeit führt.
768 2992 2468 3052 Sie halten die Liebe nicht fest, sie glauben nicht an Freundschaft, die ihnen
767 3046 2469 3102 nie mehr als ein guter Bringer von Stichworten war: jetzt stehen sie vor dem
765 3108 2469 3169 Nichts und nehmen es entweder mit resignierter Weisheit auf sich wie der
761 3163 2465 3221 Puppenspieler Georg Merklin, oder setzen den Schlußpunkt auf dieses öde
763 3212 2459 3268 Dasein wie Herr von Sala. Eine Flucht, keine Befreiung liegt in solchem
774 3275 2467 3341 Ende. Schnitzler versteht weder glühend zu lieben, noch leidenschaftlich zu hassen;
756 3349 2458 3402 jedes seiner Gefühle wird in logischen Zergliederungen in seine feinsten Bestand¬
771 3387 2456 3464 teile zerlegt; was er mit so großer Kunst in „Leutnant Gustl“ vorführt, die
769 3447 2457 3509 kleinen Untertöne, die gegenüber einer großen, mächtigen Tatsache die Ober¬
764 3501 2457 3570 hand im Gehirne gewinnen und über die beherrschende Vorstellung siegen, sie
768 3563 2459 3638 stellen sich in ihm bei jeder dichterischen Vergegenwärtigung ein, sie machen seine
762 3627 2468 3701 seelischen Analysen so subtil, aber auch oft kalt. Der Arzt, der gewohnt ist in
757 3707 2467 3772 seinen Anamnesen auf die geringsten Symptome aus längst vergangenen Zeiten
