3344 4384
241 249 946 346 SethBirthday
1104 210 1526 328 box 39/1
1242 1304 2009 1411 Klose & Seidel
1090 1420 2073 1486 = Bureau für Zeitungsausschnitte. —
1129 1475 2093 1536 Berlin NO.43, Georgenkirchplatz 21 I.
1213 1572 2005 1642 (Liest die meisten Zeitungen und ist das
1212 1637 2033 1697 bestorganisierte Bureau Deutschlands.)
1096 1740 1979 1822 Zeitung: National-Zeitung
1099 1823 1246 1906 Ort:
1788 1846 2053 1914 Berlin
1510 1936 1557 2003 7
1567 1926 1854 2006 2. Juni1912
1099 1965 2124 2051 Datum:
1354 2107 1942 2186 Schnitzler und Gulbransson.
1136 2152 2248 2229 Man schreibt uns: Daß bei einem Gedenktgge und Jubiläum
1061 2222 2243 2268 die Kritik schweigt, ist selbstverständlich und nirgends mehr als
1056 2256 2246 2298 bei einem so liebenswürdigen und unaufdringlichen Künstler, der
1069 2294 1182 2324 Op#.
1060 2294 2252 2352 Aun Schnitzler ist. Nun aber hat auch er eine schärfste Kritik
1062 2342 2250 2387 erfahren müssen, und eine zuglei, die ganz unweigerlich ist, weil
1056 2381 2245 2426 sie ein Künstler aus seinem untrüglichsten Empfinden holen
1064 2421 2244 2489 mußte, als er imstande war, sie in eine andere Kunst zu über¬
1054 2465 2243 2509 tragen. Olaf Gulbransson hat seine „Galerie berühmter Zeit¬
1052 2502 2254 2559 genossen“ im „Simplizissimus“ um eine Karikatur Artur
1059 2542 2247 2598 Schnitzlers vermehrt, und man kann ruhig sagen: mit ihr
1063 2579 2251 2648 das schneidendste und grausamste, aber auch das genialste ge¬
1049 2640 2241 2675 geben, was diese berühmte Bilderreihe gezeitigt hat. Wir, die
1052 2665 2242 2713 Schnitzler in den letzten Jahren mit minder scharfen Augen gesehen
1049 2695 2242 2760 haben, — von dem ereignislosen Porträt Emma Löwenstamms in
1060 2735 2242 2798 der Ausgabe der Prosaschriften ist nicht zu reden —, wir mochten
1066 2788 2251 2837 für den beherrschenden Ausdruck seines Gesichts eine gewisse ver¬
1053 2829 2239 2876 sonnene Melancholie, eine Unbefriedigung nehmen. Betrachtet
1053 2865 2243 2909 man jetzt die Zeichnung, in der die Nasenflügel sich gewaltsam
1051 2910 2252 2969 heben, Mund und Wangen dem äußerlichen Zug der Augenbrauen
1059 2950 2244 3009 folgen, so sieht man wie eine dreifache Warnung eine — man
1054 2987 2225 3029 nehme das Wort im besten Sinne, wie Goethe es gebrauchte —
1054 3027 2240 3076 eine Affektation, eine gefährliche Sucht also nach dem, was man
1053 3074 2239 3116 nicht besitzt, eine Hinneigung, sich selbst in eine Betätigung zu
1046 3116 2241 3161 spielen, die nicht der ursprüngliche Ausdruck eigener Wesenheit ist
1120 3149 2238 3201 wie der von Aestheten freudig begrüßte Goethesche Altersstil
1055 3186 2247 3245 der neuen Novellen. Schnitzler mag lachen, wenn er dieses Kon¬
1054 3235 2239 3285 terfei in die Hand nimmt, aber wenn er Zeit hat, es näher zu
1053 3276 2248 3323 betrachten, soll er glücklich sein, im Spiegel eines Aufrichtigen
1052 3306 2235 3357 einen Teil der eigenen Wahrheit erhalten zu haben — was ja mit
1046 3356 2244 3414 jedem Jubiläum und jeder Gesamtausgabe seltener und schwerer#
1039 3391 1488 3444 zu erreichen sein wird.
2050 3395 2215 3470 E. H
