<?xml version="1.0" encoding="UTF-8" standalone="yes"?>
<PcGts xmlns="http://schema.primaresearch.org/PAGE/gts/pagecontent/2013-07-15" xmlns:xsi="http://www.w3.org/2001/XMLSchema-instance" xsi:schemaLocation="http://schema.primaresearch.org/PAGE/gts/pagecontent/2013-07-15 http://schema.primaresearch.org/PAGE/gts/pagecontent/2013-07-15/pagecontent.xsd">
    <Metadata>
        <Creator>prov=University of Rostock/Institute of Mathematics/CITlab/Gundram Leifert/gundram.leifert@uni-rostock.de:name=ONB_Newseye_GT_M1+(htr_id=10810)::::v=2.4.2
prov=University of Rostock/Institute of Mathematics/CITlab/Tobias Gruening/tobias.gruening@uni-rostock.de:name=de.uros.citlab.module.baseline2polygon.B2PSeamMultiOriented:v=2.4.2
prov=University of Rostock/Institute of Mathematics/CITlab/Tobias Gruening/tobias.gruening@uni-rostock.de:name=/mnt/transkribus/LA/DEA/URO/LA_news_onb_att.pb:de.uros.citlab.segmentation.CITlab_LA_ML:v=2.4.2
Transkribus</Creator>
        <Created>2019-10-07T20:32:14.262+02:00</Created>
        <LastChange>2019-10-09T04:54:18.055+02:00</LastChange>
        <TranskribusMetadata docId="224436" pageId="9576809" pageNr="205" tsid="16622456" status="IN_PROGRESS" userId="40391" imgUrl="https://files.transkribus.eu/Get?id=SUZBMZDIWBASUCKZPADNADQQ&amp;fileType=view" xmlUrl="https://files.transkribus.eu/Get?id=VQQHANICOCOCESDZHREBYFSF" imageId="6207559"/>
    </Metadata>
    <Page imageFilename="224436_0205.jpeg" imageWidth="3392" imageHeight="4320">
        <ReadingOrder>
            <OrderedGroup id="ro_1711442985476" caption="Regions reading order">
                <RegionRefIndexed index="0" regionRef="r1"/>
                <RegionRefIndexed index="1" regionRef="r2"/>
                <RegionRefIndexed index="2" regionRef="r3"/>
            </OrderedGroup>
        </ReadingOrder>
        <TextRegion orientation="0.0" id="r1" custom="readingOrder {index:0;}">
            <Coords points="280,251 280,4090 1292,4090 1292,251"/>
            <TextLine id="r1l1" custom="readingOrder {index:0;}">
                <Coords points="316,316 545,308 588,330 662,302 713,324 848,294 933,331 1028,308 1027,252 892,219 846,237 773,214 701,243 625,225 559,265 494,216 315,252"/>
                <Baseline points="323,298 357,298 392,298 427,298 462,297 497,297 532,297 566,296 601,296 636,295 671,295 706,294 741,293 776,293 810,292 845,291 880,290 915,289 950,288 985,287 1020,286"/>
                <TextEquiv>
                    <Unicode>Soth Birthdar</Unicode>
                </TextEquiv>
            </TextLine>
            <TextLine id="r1l2" custom="readingOrder {index:1;}">
                <Coords points="273,517 367,539 836,512 964,539 1092,523 1092,474 978,445 803,471 716,452 680,486 445,459 273,484"/>
                <Baseline points="280,515 320,516 360,516 400,516 441,516 481,515 521,515 561,514 602,513 642,512 682,511 722,510 763,510 803,510 843,510 883,510 924,511 964,512 1004,513 1044,515 1085,518"/>
                <TextEquiv>
                    <Unicode>Ausschnitt aus  ensit, Wien</Unicode>
                </TextEquiv>
            </TextLine>
            <TextLine id="r1l3" custom="readingOrder {index:2;}">
                <Coords points="280,664 665,697 720,671 922,665 967,645 968,602 881,576 763,603 728,574 626,572 580,597 504,560 429,617 281,598"/>
                <Baseline points="287,660 320,654 354,650 387,647 421,645 455,644 488,644 522,644 556,645 589,646 623,648 657,650 690,652 724,654 758,656 791,658 825,659 859,660 892,660 926,659 960,657"/>
                <TextEquiv>
                    <Unicode>nen 12 MAl 1912</Unicode>
                </TextEquiv>
            </TextLine>
            <TextLine id="r1l4" custom="readingOrder {index:3;}">
                <Coords points="374,786 436,800 566,768 688,772 749,810 883,780 1100,803 1129,793 1131,723 954,710 897,735 788,684 668,729 605,708 490,722 467,699 376,721"/>
                <Baseline points="382,757 419,758 456,759 493,760 530,762 567,763 604,764 641,766 678,767 715,769 752,770 789,772 826,773 863,774 900,775 937,776 974,777 1011,778 1048,779 1085,779 1122,780"/>
                <TextEquiv>
                    <Unicode>Zu unseren Pllustrationen.</Unicode>
                </TextEquiv>
            </TextLine>
            <TextLine id="r1l5" custom="readingOrder {index:4;}">
                <Coords points="301,822 1074,879 1239,871 1241,824 302,787"/>
                <Baseline points="308,826 354,828 400,831 446,834 492,836 539,837 585,839 631,841 677,842 723,843 770,845 816,846 862,848 908,849 954,851 1001,852 1047,855 1093,857 1139,860 1185,862 1232,866"/>
                <TextEquiv>
                    <Unicode>Arthur Schnitzler feierk am 15. d. seinen fünfzig¬</Unicode>
                </TextEquiv>
            </TextLine>
            <TextLine id="r1l6" custom="readingOrder {index:5;}">
                <Coords points="286,888 1151,922 1237,909 1239,871 288,847"/>
                <Baseline points="294,875 340,877 387,880 434,881 481,883 528,885 574,886 621,888 668,890 715,892 762,894 808,895 855,897 902,898 949,900 996,902 1042,904 1089,905 1136,907 1183,909 1230,910"/>
                <TextEquiv>
                    <Unicode>sten Geburtstag. Aus diesem Anlaß bringen wir auf</Unicode>
                </TextEquiv>
            </TextLine>
            <TextLine id="r1l7" custom="readingOrder {index:6;}">
                <Coords points="280,938 1239,956 1234,908 1180,930 282,892"/>
                <Baseline points="288,923 335,926 382,929 429,931 476,933 524,935 571,937 618,938 665,939 712,941 760,942 807,943 854,944 901,946 948,947 996,948 1043,950 1090,952 1137,953 1184,955 1232,957"/>
                <TextEquiv>
                    <Unicode>der Titelseite der Sonntags=Zeit ein Porträt des</Unicode>
                </TextEquiv>
            </TextLine>
            <TextLine id="r1l8" custom="readingOrder {index:7;}">
                <Coords points="273,977 435,984 457,974 525,988 525,955 498,961 476,946 444,958 422,944 387,950 344,934 316,944 274,938"/>
                <Baseline points="280,975 306,974 332,974 359,974 385,975 412,976 438,977 465,978 491,979 518,979"/>
                <TextEquiv>
                    <Unicode>Dichters. —</Unicode>
                </TextEquiv>
            </TextLine>
            <TextLine id="r1l9" custom="readingOrder {index:8;}">
                <Coords points="957,1053 985,1047 970,954 962,956 958,953 956,955 950,953 941,956"/>
                <Baseline points="960,1028 974,1026"/>
                <TextEquiv>
                    <Unicode></Unicode>
                </TextEquiv>
            </TextLine>
            <TextLine id="r1l10" custom="readingOrder {index:9;}">
                <Coords points="654,1126 685,1137 735,1098 771,1112 799,1086 820,1100 864,1095 853,1019 827,1027 773,1021 762,1033 716,1042 707,1053 691,1051 671,1071 646,1069"/>
                <Baseline points="659,1111 687,1109 715,1106 743,1101 771,1096 799,1091 827,1089 856,1089"/>
                <TextEquiv>
                    <Unicode> </Unicode>
                </TextEquiv>
            </TextLine>
            <TextLine id="r1l11" custom="readingOrder {index:10;}">
                <Coords points="851,1137 887,1139 893,1147 912,1147 931,1167 954,1177 977,1084 963,1076 946,1075 942,1068 933,1069 919,1053 874,1045"/>
                <Baseline points="861,1128 892,1131 923,1142 954,1149"/>
                <TextEquiv>
                    <Unicode></Unicode>
                </TextEquiv>
            </TextLine>
            <TextLine id="r1l12" custom="readingOrder {index:11;}">
                <Coords points="567,1176 584,1177 610,1202 644,1186 651,1193 665,1187 691,1209 703,1206 744,1169 759,1167 757,1090 733,1099 687,1136 669,1130 650,1140 640,1132 624,1142 600,1141 566,1161"/>
                <Baseline points="573,1173 598,1169 623,1167 649,1166 674,1166 700,1166 725,1166 751,1167"/>
                <TextEquiv>
                    <Unicode>22</Unicode>
                </TextEquiv>
            </TextLine>
            <TextLine id="r1l13" custom="readingOrder {index:12;}">
                <Coords points="590,1259 601,1260 611,1268 626,1253 641,1253 661,1272 674,1268 688,1272 686,1195 664,1201 648,1217 633,1219 625,1212 607,1230 589,1226"/>
                <Baseline points="597,1255 625,1250 653,1249 681,1253"/>
                <TextEquiv>
                    <Unicode>7</Unicode>
                </TextEquiv>
            </TextLine>
            <TextLine id="r1l14" custom="readingOrder {index:13;}">
                <Coords points="752,1257 766,1259 775,1269 797,1265 804,1259 841,1274 849,1269 864,1269 866,1234 854,1238 844,1231 833,1232 826,1226 816,1226 798,1210 778,1221 765,1214 754,1214"/>
                <Baseline points="759,1260 791,1256 824,1259 857,1264"/>
                <TextEquiv>
                    <Unicode>K</Unicode>
                </TextEquiv>
            </TextLine>
            <TextLine id="r1l15" custom="readingOrder {index:14;}">
                <Coords points="835,1280 853,1283 868,1292 883,1282 892,1284 900,1275 907,1275 907,1260 895,1262 890,1259 875,1259 862,1252 851,1264 834,1261"/>
                <Baseline points="842,1282 871,1278 900,1280"/>
                <TextEquiv>
                    <Unicode></Unicode>
                </TextEquiv>
            </TextLine>
            <TextLine id="r1l16" custom="readingOrder {index:15;}">
                <Coords points="602,1312 655,1334 731,1287 829,1325 885,1303 885,1287 849,1283 804,1259 789,1269 763,1263 719,1277 684,1265 661,1281 641,1275 617,1287 601,1280"/>
                <Baseline points="610,1317 636,1310 663,1304 690,1299 717,1295 744,1293 770,1292 797,1292 824,1296 851,1301 878,1308"/>
                <TextEquiv>
                    <Unicode>#</Unicode>
                </TextEquiv>
            </TextLine>
            <TextLine id="r1l17" custom="readingOrder {index:16;}">
                <Coords points="745,1359 756,1358 770,1366 801,1347 816,1345 835,1354 841,1351 861,1367 869,1363 875,1369 886,1367 888,1339 870,1341 860,1331 851,1333 822,1320 810,1322 802,1314 770,1326 753,1340 746,1339"/>
                <Baseline points="753,1350 778,1346 803,1347 828,1349 853,1353 879,1356"/>
                <TextEquiv>
                    <Unicode></Unicode>
                </TextEquiv>
            </TextLine>
            <TextLine id="r1l18" custom="readingOrder {index:17;}">
                <Coords points="792,1441 799,1440 808,1428 818,1427 824,1419 836,1415 843,1420 845,1416 860,1415 847,1351 825,1350 807,1370 779,1375"/>
                <Baseline points="795,1421 823,1413 852,1410"/>
                <TextEquiv>
                    <Unicode>85</Unicode>
                </TextEquiv>
            </TextLine>
            <TextLine id="r1l19" custom="readingOrder {index:18;}">
                <Coords points="663,1443 689,1446 695,1441 712,1455 733,1435 752,1445 789,1447 787,1405 773,1407 758,1393 715,1404 703,1398 680,1418 662,1419"/>
                <Baseline points="671,1437 698,1440 726,1441 753,1439 781,1431"/>
                <TextEquiv>
                    <Unicode>7</Unicode>
                </TextEquiv>
            </TextLine>
            <TextLine id="r1l20" custom="readingOrder {index:19;}">
                <Coords points="787,1506 829,1485 849,1504 856,1499 889,1512 902,1506 925,1512 963,1496 962,1390 946,1386 932,1395 913,1382 885,1399 872,1392 824,1429 814,1427 799,1443 786,1445"/>
                <Baseline points="793,1466 820,1469 847,1469 874,1467 901,1466 928,1466 955,1469"/>
                <TextEquiv>
                    <Unicode></Unicode>
                </TextEquiv>
            </TextLine>
            <TextLine id="r1l21" custom="readingOrder {index:20;}">
                <Coords points="487,1527 521,1506 527,1507 542,1489 554,1487 572,1471 593,1473 579,1401 562,1401 549,1414 532,1410 512,1437 498,1429 493,1436 485,1430 470,1435"/>
                <Baseline points="491,1507 523,1497 556,1488 589,1491"/>
                <TextEquiv>
                    <Unicode>□0</Unicode>
                </TextEquiv>
            </TextLine>
            <TextLine id="r1l22" custom="readingOrder {index:21;}">
                <Coords points="339,1586 349,1585 364,1567 380,1570 390,1560 405,1560 420,1550 429,1555 480,1519 454,1442 442,1442 429,1463 413,1455 407,1463 395,1459 386,1477 366,1467 346,1474 332,1499 312,1507"/>
                <Baseline points="339,1565 365,1560 392,1551 419,1541 446,1531 473,1523"/>
                <TextEquiv>
                    <Unicode>una</Unicode>
                </TextEquiv>
            </TextLine>
            <TextLine id="r1l23" custom="readingOrder {index:22;}">
                <Coords points="765,1585 788,1586 804,1568 832,1570 888,1603 898,1595 906,1601 928,1597 910,1478 897,1481 869,1510 838,1497 812,1497 791,1509 752,1502"/>
                <Baseline points="770,1574 798,1574 827,1571 856,1567 885,1560 914,1552"/>
                <TextEquiv>
                    <Unicode>G</Unicode>
                </TextEquiv>
            </TextLine>
            <TextLine id="r1l24" custom="readingOrder {index:23;}">
                <Coords points="422,1838 458,1851 473,1842 487,1849 519,1824 530,1836 542,1832 566,1851 583,1851 604,1841 608,1753 597,1752 579,1767 564,1759 540,1781 521,1767 498,1783 477,1762 457,1778 452,1773 424,1786"/>
                <Baseline points="429,1832 457,1831 485,1832 513,1835 541,1837 569,1838 597,1837"/>
                <TextEquiv>
                    <Unicode>117</Unicode>
                </TextEquiv>
            </TextLine>
            <TextLine id="r1l25" custom="readingOrder {index:24;}">
                <Coords points="604,1905 787,1929 833,1907 904,1931 938,1908 1001,1928 1065,1891 1064,1844 998,1848 914,1893 853,1889 795,1836 746,1854 680,1830 649,1858 630,1842 603,1855"/>
                <Baseline points="610,1899 636,1901 662,1903 689,1905 715,1907 741,1908 768,1910 794,1910 820,1911 847,1911 873,1911 899,1910 926,1909 952,1906 978,1904 1005,1901 1031,1897 1058,1892"/>
                <TextEquiv>
                    <Unicode>KNATT. 1 0</Unicode>
                </TextEquiv>
            </TextLine>
            <TextLine id="r1l26" custom="readingOrder {index:25;}">
                <Coords points="587,2073 641,2091 730,2080 791,2094 881,2069 915,2082 916,2035 893,2042 848,2020 830,2030 734,2015 670,2031 624,2019 587,2035"/>
                <Baseline points="594,2059 620,2060 646,2062 672,2062 698,2063 724,2063 751,2063 777,2064 803,2064 829,2063 855,2063 881,2063 908,2063"/>
                <TextEquiv>
                    <Unicode>Arthur Schnitzler.</Unicode>
                </TextEquiv>
            </TextLine>
            <TextLine id="r1l27" custom="readingOrder {index:26;}">
                <Coords points="288,2245 1071,2241 1071,2201 968,2173 288,2200"/>
                <Baseline points="295,2226 333,2225 371,2224 410,2224 448,2224 487,2223 525,2224 564,2224 602,2224 641,2224 679,2225 717,2226 756,2226 794,2227 833,2228 871,2229 910,2230 948,2231 987,2231 1025,2233 1064,2233"/>
                <TextEquiv>
                    <Unicode>Ausssheitt aus# ## Geit, Wien</Unicode>
                </TextEquiv>
            </TextLine>
            <TextLine id="r1l28" custom="readingOrder {index:27;}">
                <Coords points="394,2316 461,2327 518,2292 568,2327 678,2311 846,2338 894,2319 896,2276 777,2248 703,2263 548,2246 487,2270 465,2250 397,2246"/>
                <Baseline points="401,2306 426,2307 452,2308 477,2310 503,2311 528,2313 554,2313 580,2315 605,2316 631,2317 656,2318 682,2319 707,2320 733,2321 759,2322 784,2323 810,2323 835,2324 861,2324 887,2325"/>
                <TextEquiv>
                    <Unicode>12 MAl 1912</Unicode>
                </TextEquiv>
            </TextLine>
            <TextLine id="r1l29" custom="readingOrder {index:28;}">
                <Coords points="294,2364 302,2362 321,2376 431,2374 426,2323 408,2316 389,2316 369,2304 352,2312 335,2305 327,2313 318,2309 305,2322 290,2321"/>
                <Baseline points="301,2358 331,2352 361,2349 391,2348 421,2344"/>
                <TextEquiv>
                    <Unicode>2000</Unicode>
                </TextEquiv>
            </TextLine>
            <TextLine id="r1l30" custom="readingOrder {index:29;}">
                <Coords points="289,2410 366,2427 412,2406 476,2421 591,2405 691,2424 722,2407 822,2418 822,2356 721,2335 322,2349 290,2365"/>
                <Baseline points="297,2393 322,2392 348,2392 374,2391 400,2391 426,2391 452,2391 478,2391 504,2392 530,2392 556,2393 581,2393 607,2394 633,2394 659,2395 685,2395 711,2395 737,2395 763,2395 789,2395 815,2395"/>
                <TextEquiv>
                    <Unicode> Frenenener eneneenene</Unicode>
                </TextEquiv>
            </TextLine>
            <TextLine id="r1l31" custom="readingOrder {index:30;}">
                <Coords points="909,2414 948,2425 984,2411 1010,2424 1047,2413 1064,2425 1138,2414 1262,2426 1299,2403 1301,2353 1257,2353 1199,2383 910,2372"/>
                <Baseline points="916,2397 941,2397 966,2397 991,2397 1016,2398 1041,2398 1066,2399 1091,2400 1116,2401 1141,2402 1166,2403 1191,2404 1216,2404 1241,2405 1266,2405 1292,2405"/>
                <TextEquiv>
                    <Unicode> usar</Unicode>
                </TextEquiv>
            </TextLine>
            <TextLine id="r1l32" custom="readingOrder {index:31;}">
                <Coords points="521,2565 690,2603 908,2571 955,2588 1024,2569 1069,2583 1070,2520 1003,2481 939,2478 901,2505 857,2476 790,2503 753,2476 702,2474 608,2545 521,2548"/>
                <Baseline points="528,2563 554,2562 581,2561 608,2560 634,2560 661,2559 688,2559 714,2559 741,2559 768,2559 795,2559 821,2560 848,2560 875,2561 901,2562 928,2563 955,2564 981,2566 1008,2567 1035,2569 1062,2571"/>
                <TextEquiv>
                    <Unicode>Demilleion.</Unicode>
                </TextEquiv>
            </TextLine>
            <TextLine id="r1l33" custom="readingOrder {index:32;}">
                <Coords points="483,2690 1291,2719 1292,2689 1122,2675 1004,2615 799,2642 729,2612 690,2639 486,2610"/>
                <Baseline points="490,2672 529,2676 569,2678 609,2681 648,2684 688,2685 728,2686 767,2687 807,2688 847,2688 887,2689 926,2690 966,2691 1006,2692 1045,2693 1085,2696 1125,2698 1164,2702 1204,2705 1244,2711 1284,2716"/>
                <TextEquiv>
                    <Unicode>An Arthur Schuißler.—</Unicode>
                </TextEquiv>
            </TextLine>
            <TextLine id="r1l34" custom="readingOrder {index:33;}">
                <Coords points="407,2780 541,2760 777,2807 850,2772 899,2794 949,2767 1094,2764 1136,2788 1191,2761 1191,2709 1118,2705 1067,2731 862,2736 688,2733 646,2699 567,2698 408,2733"/>
                <Baseline points="414,2758 452,2760 491,2761 529,2762 568,2762 606,2763 645,2763 683,2763 722,2763 760,2763 799,2763 837,2763 876,2763 914,2763 953,2763 991,2763 1030,2763 1068,2764 1107,2765 1145,2767 1184,2769"/>
                <TextEquiv>
                    <Unicode>Zum fünfzigsten Geburtstag.</Unicode>
                </TextEquiv>
            </TextLine>
            <TextLine id="r1l35" custom="readingOrder {index:34;}">
                <Coords points="627,2854 708,2845 785,2880 812,2853 843,2871 901,2876 976,2848 976,2818 952,2822 931,2800 904,2796 888,2808 808,2796 778,2807 741,2787 698,2805 670,2789 627,2807"/>
                <Baseline points="634,2839 659,2839 685,2839 711,2840 736,2840 762,2840 788,2840 813,2840 839,2840 865,2841 890,2841 916,2842 942,2842 968,2843"/>
                <TextEquiv>
                    <Unicode>(15. Mai 1912.)</Unicode>
                </TextEquiv>
            </TextLine>
            <TextLine id="r1l36" custom="readingOrder {index:35;}">
                <Coords points="343,2945 1054,2945 1054,2911 927,2887 765,2910 581,2908 534,2885 445,2910 344,2899"/>
                <Baseline points="351,2934 385,2934 420,2935 455,2935 490,2935 524,2935 559,2935 594,2935 629,2935 663,2935 698,2935 733,2935 768,2935 802,2935 837,2935 872,2935 907,2936 941,2937 976,2938 1011,2940 1046,2941"/>
                <TextEquiv>
                    <Unicode>Wir gratulieren euch an diesem Tage,</Unicode>
                </TextEquiv>
            </TextLine>
            <TextLine id="r1l37" custom="readingOrder {index:36;}">
                <Coords points="348,3020 1111,3011 1111,2978 900,2952 832,2978 631,2950 348,2971"/>
                <Baseline points="355,3000 392,3001 429,3002 467,3003 504,3003 542,3004 579,3004 617,3004 654,3005 692,3005 729,3005 766,3005 804,3005 841,3006 879,3006 916,3006 954,3007 991,3008 1029,3009 1066,3010 1104,3012"/>
                <TextEquiv>
                    <Unicode>euch, unsern Brüdern, im geliebten Wien,</Unicode>
                </TextEquiv>
            </TextLine>
            <TextLine id="r1l38" custom="readingOrder {index:37;}">
                <Coords points="348,3084 720,3076 858,3101 1136,3081 1049,3035 426,3045 349,3021"/>
                <Baseline points="355,3070 393,3072 432,3072 470,3073 509,3074 548,3074 586,3074 625,3074 664,3074 702,3074 741,3074 780,3074 818,3074 857,3074 896,3075 934,3075 973,3077 1012,3078 1050,3080 1089,3082 1128,3085"/>
                <TextEquiv>
                    <Unicode>wir draußen kennen es fast nur durch ihn,</Unicode>
                </TextEquiv>
            </TextLine>
            <TextLine id="r1l39" custom="readingOrder {index:38;}">
                <Coords points="347,3155 589,3172 655,3150 907,3166 968,3148 1032,3167 1096,3145 1096,3108 985,3101 347,3108"/>
                <Baseline points="354,3139 390,3141 427,3142 464,3143 501,3144 537,3144 574,3145 611,3145 648,3145 684,3145 721,3144 758,3144 795,3144 831,3144 868,3144 905,3145 942,3145 978,3146 1015,3147 1052,3148 1089,3150"/>
                <TextEquiv>
                    <Unicode>dem ich hier unsern Dank entgegentrage.</Unicode>
                </TextEquiv>
            </TextLine>
            <TextLine id="r1l40" custom="readingOrder {index:39;}">
                <Coords points="355,3258 1035,3252 1086,3274 1163,3251 1164,3186 965,3211 907,3187 678,3218 356,3206"/>
                <Baseline points="362,3245 401,3248 441,3250 481,3252 520,3253 560,3254 600,3255 639,3255 679,3255 719,3255 759,3255 798,3255 838,3255 878,3255 917,3255 957,3256 997,3256 1036,3258 1076,3259 1116,3261 1156,3264"/>
                <TextEquiv>
                    <Unicode>Wie oftmals lauschten wir der sanften Klage</Unicode>
                </TextEquiv>
            </TextLine>
            <TextLine id="r1l41" custom="readingOrder {index:40;}">
                <Coords points="355,3336 874,3326 914,3347 1077,3322 1077,3289 920,3269 853,3293 738,3277 690,3303 598,3274 524,3293 355,3277"/>
                <Baseline points="362,3317 397,3319 432,3320 468,3321 503,3322 539,3322 574,3322 609,3322 645,3322 680,3321 716,3321 751,3320 786,3319 822,3319 857,3318 893,3317 928,3317 963,3317 999,3317 1034,3317 1070,3317"/>
                <TextEquiv>
                    <Unicode>aus seinem Mund, wehmütige Melodien</Unicode>
                </TextEquiv>
            </TextLine>
            <TextLine id="r1l42" custom="readingOrder {index:41;}">
                <Coords points="353,3394 851,3411 879,3393 909,3417 1075,3388 1012,3347 558,3364 495,3337 353,3339"/>
                <Baseline points="360,3385 395,3387 430,3388 466,3389 501,3390 537,3390 572,3391 607,3390 643,3390 678,3390 714,3390 749,3389 784,3389 820,3388 855,3388 891,3388 926,3388 961,3388 997,3388 1032,3389 1068,3390"/>
                <TextEquiv>
                    <Unicode>mit Lust vermischt ließ er vorüberzieh'u</Unicode>
                </TextEquiv>
            </TextLine>
            <TextLine id="r1l43" custom="readingOrder {index:42;}">
                <Coords points="346,3500 429,3462 711,3480 816,3461 866,3486 1032,3488 1033,3428 828,3409 764,3428 728,3408 432,3428 347,3405"/>
                <Baseline points="354,3456 387,3457 421,3458 454,3459 488,3460 522,3460 555,3461 589,3461 622,3461 656,3461 690,3461 723,3461 757,3461 790,3461 824,3462 858,3462 891,3462 925,3463 958,3463 992,3464 1026,3465"/>
                <TextEquiv>
                    <Unicode>als weicher, daseinsseliger Lotophage.</Unicode>
                </TextEquiv>
            </TextLine>
            <TextLine id="r1l44" custom="readingOrder {index:43;}">
                <Coords points="333,3562 604,3594 881,3564 1120,3596 1220,3576 1220,3534 1157,3500 1020,3485 936,3536 333,3515"/>
                <Baseline points="339,3562 382,3564 426,3566 470,3567 513,3568 557,3568 601,3569 644,3569 688,3569 732,3569 776,3569 819,3569 863,3568 907,3568 950,3568 994,3567 1038,3567 1081,3567 1125,3566 1169,3566 1213,3566"/>
                <TextEquiv>
                    <Unicode>Und weiter träumt und spielt er Blatt um Blatt</Unicode>
                </TextEquiv>
            </TextLine>
            <TextLine id="r1l45" custom="readingOrder {index:44;}">
                <Coords points="345,3643 1159,3651 1159,3611 1122,3598 759,3616 701,3593 345,3591"/>
                <Baseline points="352,3631 392,3632 432,3632 472,3633 512,3633 552,3633 592,3633 632,3633 672,3633 712,3633 752,3633 792,3633 832,3633 872,3633 912,3633 952,3633 992,3634 1032,3634 1072,3635 1112,3636 1152,3637"/>
                <TextEquiv>
                    <Unicode>sein Wesen ab, schlicht, ohne wen zu fragen,</Unicode>
                </TextEquiv>
            </TextLine>
            <TextLine id="r1l46" custom="readingOrder {index:45;}">
                <Coords points="346,3706 589,3733 659,3716 706,3739 844,3705 1045,3732 1103,3712 1103,3675 1015,3655 912,3678 862,3652 346,3668"/>
                <Baseline points="352,3704 389,3705 426,3705 463,3705 500,3706 538,3706 575,3706 612,3706 649,3706 686,3705 724,3705 761,3705 798,3705 835,3705 872,3705 910,3705 947,3705 984,3705 1021,3706 1058,3706 1096,3707"/>
                <TextEquiv>
                    <Unicode>zu schauen und zu schildern niemals satt.</Unicode>
                </TextEquiv>
            </TextLine>
            <TextLine id="r1l47" custom="readingOrder {index:46;}">
                <Coords points="343,3826 1107,3834 1163,3817 1163,3746 851,3786 801,3759 690,3783 343,3756"/>
                <Baseline points="350,3807 390,3808 430,3810 470,3811 511,3812 551,3812 591,3812 631,3813 672,3813 712,3813 752,3812 792,3812 833,3812 873,3812 913,3812 953,3812 994,3812 1034,3812 1074,3813 1114,3813 1155,3814"/>
                <TextEquiv>
                    <Unicode>Wir warten still, was wird er heuer tragen?</Unicode>
                </TextEquiv>
            </TextLine>
            <TextLine id="r1l48" custom="readingOrder {index:47;}">
                <Coords points="333,3873 547,3906 934,3877 1113,3903 1261,3889 1262,3851 334,3828"/>
                <Baseline points="341,3876 386,3875 432,3875 478,3875 523,3875 569,3875 615,3876 660,3876 706,3877 752,3877 798,3878 843,3879 889,3879 935,3880 980,3880 1026,3881 1072,3881 1117,3881 1163,3882 1209,3882 1255,3882"/>
                <TextEquiv>
                    <Unicode>und lieben ihn — nichts Bess’res läßt sich sagen! —</Unicode>
                </TextEquiv>
            </TextLine>
            <TextLine id="r1l49" custom="readingOrder {index:48;}">
                <Coords points="349,3966 527,3955 637,3980 678,3950 1020,3970 1090,3947 1057,3913 862,3899 349,3904"/>
                <Baseline points="357,3946 393,3948 429,3949 465,3950 502,3951 538,3951 574,3952 611,3952 647,3951 683,3951 720,3951 756,3951 792,3950 828,3950 865,3949 901,3949 937,3949 974,3949 1010,3949 1046,3949 1083,3950"/>
                <TextEquiv>
                    <Unicode>so wie sein Wien, die schönste Vaterstadt.</Unicode>
                </TextEquiv>
            </TextLine>
            <TextLine id="r1l50" custom="readingOrder {index:49;}">
                <Coords points="353,4047 455,4053 499,4030 549,4058 660,4035 704,4052 763,4032 798,4048 843,4035 843,3995 777,3983 581,4003 519,3986 353,3995"/>
                <Baseline points="360,4025 385,4026 410,4026 435,4027 460,4027 485,4027 510,4027 535,4027 560,4027 585,4027 610,4027 635,4026 660,4026 685,4026 710,4026 735,4026 760,4026 785,4026 810,4026 836,4026"/>
                <TextEquiv>
                    <Unicode>Kaiserswerth a. Rh.</Unicode>
                </TextEquiv>
            </TextLine>
            <TextLine id="r1l51" custom="readingOrder {index:50;}">
                <Coords points="868,4095 891,4092 910,4107 974,4094 995,4114 1045,4106 1078,4083 1189,4081 1256,4098 1255,4051 1200,4054 1147,4029 1076,4041 1005,4014 938,4042 868,4038"/>
                <Baseline points="876,4071 902,4072 929,4073 955,4073 982,4073 1009,4073 1035,4072 1062,4072 1089,4071 1115,4071 1142,4071 1169,4071 1195,4071 1222,4071 1249,4072"/>
                <TextEquiv>
                    <Unicode>Herbert Enlenberg.</Unicode>
                </TextEquiv>
            </TextLine>
            <TextEquiv>
                <Unicode>Soth Birthdar
Ausschnitt aus  ensit, Wien
nen 12 MAl 1912
Zu unseren Pllustrationen.
Arthur Schnitzler feierk am 15. d. seinen fünfzig¬
sten Geburtstag. Aus diesem Anlaß bringen wir auf
der Titelseite der Sonntags=Zeit ein Porträt des
Dichters. —

 

22
7
K

#

85
7

□0
una
G
117
KNATT. 1 0
Arthur Schnitzler.
Ausssheitt aus# ## Geit, Wien
12 MAl 1912
2000
 Frenenener eneneenene
 usar
Demilleion.
An Arthur Schuißler.—
Zum fünfzigsten Geburtstag.
(15. Mai 1912.)
Wir gratulieren euch an diesem Tage,
euch, unsern Brüdern, im geliebten Wien,
wir draußen kennen es fast nur durch ihn,
dem ich hier unsern Dank entgegentrage.
Wie oftmals lauschten wir der sanften Klage
aus seinem Mund, wehmütige Melodien
mit Lust vermischt ließ er vorüberzieh'u
als weicher, daseinsseliger Lotophage.
Und weiter träumt und spielt er Blatt um Blatt
sein Wesen ab, schlicht, ohne wen zu fragen,
zu schauen und zu schildern niemals satt.
Wir warten still, was wird er heuer tragen?
und lieben ihn — nichts Bess’res läßt sich sagen! —
so wie sein Wien, die schönste Vaterstadt.
Kaiserswerth a. Rh.
Herbert Enlenberg.</Unicode>
            </TextEquiv>
        </TextRegion>
        <TextRegion orientation="0.0" id="r2" custom="readingOrder {index:1;}">
            <Coords points="1186,165 1186,320 1586,320 1586,165"/>
            <TextLine id="r2l1" custom="readingOrder {index:0;}">
                <Coords points="1178,292 1231,292 1263,274 1341,281 1365,258 1465,291 1514,290 1557,263 1593,275 1594,201 1537,200 1511,221 1441,205 1388,243 1331,226 1250,234 1222,212 1179,235"/>
                <Baseline points="1186,267 1211,266 1236,266 1261,265 1286,265 1311,265 1336,265 1361,265 1386,266 1411,266 1436,267 1461,267 1486,268 1511,269 1536,269 1561,270 1586,270"/>
                <TextEquiv>
                    <Unicode>box 3971</Unicode>
                </TextEquiv>
            </TextLine>
            <TextEquiv>
                <Unicode>box 3971</Unicode>
            </TextEquiv>
        </TextRegion>
        <TextRegion orientation="0.0" id="r3" custom="readingOrder {index:2;}">
            <Coords points="1836,263 1836,4168 3019,4168 3019,263"/>
            <TextLine id="r3l1" custom="readingOrder {index:0;}">
                <Coords points="2142,292 2349,310 2372,290 2443,308 2497,287 2547,310 2565,291 2702,299 2759,267 2711,224 2573,246 2543,223 2299,240 2143,212"/>
                <Baseline points="2150,287 2180,287 2210,286 2240,287 2270,287 2300,287 2330,288 2360,288 2390,289 2420,289 2451,290 2481,291 2511,291 2541,291 2571,291 2601,291 2631,291 2661,290 2691,289 2721,288 2752,286"/>
                <TextEquiv>
                    <Unicode>Klose &amp; Seidel</Unicode>
                </TextEquiv>
            </TextLine>
            <TextLine id="r3l2" custom="readingOrder {index:1;}">
                <Coords points="1874,358 2776,366 3026,352 3026,309 1874,320"/>
                <Baseline points="1881,342 1937,343 1994,345 2051,347 2108,348 2165,350 2222,351 2279,352 2336,353 2393,353 2450,354 2506,354 2563,354 2620,353 2677,353 2734,352 2791,351 2848,349 2905,347 2962,344 3019,341"/>
                <TextEquiv>
                    <Unicode>Bureau für Zeitungeausechnitte. </Unicode>
                </TextEquiv>
            </TextLine>
            <TextLine id="r3l3" custom="readingOrder {index:2;}">
                <Coords points="1986,422 2462,418 2537,443 2574,417 2883,398 2843,358 2774,390 2688,364 1986,380"/>
                <Baseline points="1993,410 2037,410 2081,409 2125,409 2169,409 2213,409 2257,409 2302,410 2346,410 2390,411 2434,411 2478,411 2522,411 2566,411 2611,411 2655,410 2699,409 2743,408 2787,406 2831,404 2876,401"/>
                <TextEquiv>
                    <Unicode>Berlin NO. 43, Storgenkirchplatz 211</Unicode>
                </TextEquiv>
            </TextLine>
            <TextLine id="r3l4" custom="readingOrder {index:3;}">
                <Coords points="2075,529 2818,532 2828,501 2697,468 2638,491 2074,475"/>
                <Baseline points="2081,518 2118,518 2155,518 2192,518 2229,518 2266,518 2303,518 2340,518 2377,518 2414,518 2451,518 2488,518 2525,518 2562,518 2599,518 2636,518 2673,518 2710,518 2747,518 2784,518 2821,517"/>
                <TextEquiv>
                    <Unicode>(Liest die meisten Zeitungan und ist dan</Unicode>
                </TextEquiv>
            </TextLine>
            <TextLine id="r3l5" custom="readingOrder {index:4;}">
                <Coords points="2061,586 2839,564 2798,531 2062,539"/>
                <Baseline points="2068,564 2106,564 2144,564 2182,564 2220,564 2259,564 2297,564 2335,563 2373,563 2411,563 2450,563 2488,563 2526,563 2564,563 2602,563 2641,564 2679,564 2717,565 2755,566 2793,567 2832,568"/>
                <TextEquiv>
                    <Unicode>bestorganisierteste Bureau Deutschlasds.)</Unicode>
                </TextEquiv>
            </TextLine>
            <TextLine id="r3l6" custom="readingOrder {index:5;}">
                <Coords points="1829,729 1845,728 1874,746 1940,737 1961,747 1987,740 2019,755 2039,737 2071,735 2072,695 2059,698 2006,679 1984,689 1952,676 1937,684 1928,678 1912,691 1888,681 1830,689"/>
                <Baseline points="1836,727 1861,725 1886,724 1912,725 1937,727 1962,728 1988,730 2013,731 2038,732 2064,731"/>
                <TextEquiv>
                    <Unicode>Zeitung</Unicode>
                </TextEquiv>
            </TextLine>
            <TextLine id="r3l7" custom="readingOrder {index:6;}">
                <Coords points="1835,838 1899,848 1914,860 1962,834 2004,855 2056,843 2129,859 2152,850 2153,810 1991,819 1943,791 1900,797 1882,786 1836,797"/>
                <Baseline points="1842,831 1867,832 1892,832 1918,832 1943,832 1968,832 1994,833 2019,833 2044,834 2070,835 2095,836 2120,838 2146,839"/>
                <TextEquiv>
                    <Unicode>Ort: —</Unicode>
                </TextEquiv>
            </TextLine>
            <TextLine id="r3l8" custom="readingOrder {index:7;}">
                <Coords points="1837,920 1902,962 1956,955 1986,968 2010,953 2023,961 2042,952 2053,962 2083,956 2083,920 2040,922 2013,899 1979,908 1928,884 1911,893 1888,888 1866,904 1837,891"/>
                <Baseline points="1844,944 1869,942 1895,942 1921,941 1947,941 1972,941 1998,942 2024,942 2050,942 2076,941"/>
                <TextEquiv>
                    <Unicode>Datum: —</Unicode>
                </TextEquiv>
            </TextLine>
            <TextLine id="r3l9" custom="readingOrder {index:8;}">
                <Coords points="2044,2869 2806,2877 2897,2873 2937,2832 2044,2841"/>
                <Baseline points="2051,2864 2094,2863 2138,2863 2182,2863 2226,2863 2270,2863 2314,2862 2358,2862 2402,2862 2446,2862 2490,2862 2533,2862 2577,2861 2621,2861 2665,2861 2709,2861 2753,2860 2797,2860 2841,2859 2885,2859 2929,2858"/>
                <TextEquiv>
                    <Unicode>Der Dichter wird am 15. Mai wirklich und</Unicode>
                </TextEquiv>
            </TextLine>
            <TextLine id="r3l10" custom="readingOrder {index:9;}">
                <Coords points="1939,2907 2879,2915 2944,2892 2944,2853 1939,2874"/>
                <Baseline points="1946,2910 1995,2909 2045,2909 2094,2908 2144,2908 2193,2908 2243,2907 2292,2907 2342,2906 2391,2906 2441,2906 2491,2905 2540,2905 2590,2904 2639,2904 2689,2904 2738,2903 2788,2903 2837,2902 2887,2902 2937,2901"/>
                <TextEquiv>
                    <Unicode>wahrhaftig 50 Jahre alt und ist doch noch immer der</Unicode>
                </TextEquiv>
            </TextLine>
            <TextLine id="r3l11" custom="readingOrder {index:10;}">
                <Coords points="1942,2967 2935,2947 2922,2906 1942,2920"/>
                <Baseline points="1950,2954 1998,2953 2047,2952 2096,2951 2145,2950 2194,2950 2243,2950 2292,2950 2341,2949 2390,2949 2439,2949 2487,2949 2536,2949 2585,2948 2634,2948 2683,2948 2732,2947 2781,2947 2830,2946 2879,2945 2928,2944"/>
                <TextEquiv>
                    <Unicode>jüngsten einer. Er hat zu so vielem reiches Talent —</Unicode>
                </TextEquiv>
            </TextLine>
            <TextLine id="r3l12" custom="readingOrder {index:11;}">
                <Coords points="1935,2995 2936,3012 2935,2948 1935,2970"/>
                <Baseline points="1942,2996 1991,2996 2040,2997 2090,2996 2139,2996 2188,2996 2238,2996 2287,2996 2336,2995 2386,2995 2435,2995 2484,2994 2534,2994 2583,2993 2632,2993 2682,2992 2731,2992 2780,2991 2830,2991 2879,2990 2929,2990"/>
                <TextEquiv>
                    <Unicode>bloß zum Altmeister gar keins. Dafür gebricht es</Unicode>
                </TextEquiv>
            </TextLine>
            <TextLine id="r3l13" custom="readingOrder {index:12;}">
                <Coords points="1935,3037 2938,3035 2894,2997 2722,2988 2456,3019 2416,2994 1935,3008"/>
                <Baseline points="1943,3041 1992,3041 2041,3041 2091,3041 2140,3040 2190,3040 2239,3039 2288,3039 2338,3038 2387,3037 2437,3037 2486,3036 2535,3036 2585,3035 2634,3035 2684,3034 2733,3034 2782,3034 2832,3034 2881,3034 2931,3035"/>
                <TextEquiv>
                    <Unicode>ihm vor allem an Gravität, an feierlicher Würde, an</Unicode>
                </TextEquiv>
            </TextLine>
            <TextLine id="r3l14" custom="readingOrder {index:13;}">
                <Coords points="1928,3079 2939,3086 2939,3057 2863,3034 1928,3056"/>
                <Baseline points="1936,3084 1985,3084 2035,3084 2085,3083 2135,3083 2185,3083 2234,3082 2284,3081 2334,3081 2384,3080 2434,3079 2483,3079 2533,3078 2583,3078 2633,3077 2683,3077 2732,3077 2782,3077 2832,3077 2882,3078 2932,3078"/>
                <TextEquiv>
                    <Unicode>versteifter Grandezza. Ehe er zur Poesie abschwenkte,</Unicode>
                </TextEquiv>
            </TextLine>
            <TextLine id="r3l15" custom="readingOrder {index:14;}">
                <Coords points="1945,3133 2789,3114 2950,3139 2949,3084 2874,3079 1944,3090"/>
                <Baseline points="1952,3128 2001,3127 2051,3127 2100,3127 2150,3126 2199,3126 2249,3125 2298,3125 2348,3124 2397,3124 2447,3123 2496,3122 2546,3122 2595,3121 2645,3120 2694,3120 2744,3119 2793,3118 2843,3117 2892,3117 2942,3116"/>
                <TextEquiv>
                    <Unicode>studierte er Medizin und machte, väterlichem Willen</Unicode>
                </TextEquiv>
            </TextLine>
            <TextLine id="r3l16" custom="readingOrder {index:15;}">
                <Coords points="1939,3181 2942,3166 2914,3128 2789,3114 1939,3141"/>
                <Baseline points="1946,3170 1995,3170 2044,3169 2094,3169 2143,3168 2193,3168 2242,3168 2291,3167 2341,3167 2390,3166 2440,3165 2489,3165 2538,3164 2588,3163 2637,3162 2687,3162 2736,3161 2785,3159 2835,3158 2884,3157 2934,3156"/>
                <TextEquiv>
                    <Unicode>folgsam, sogar das Doktorat. Schiller war Mediziner</Unicode>
                </TextEquiv>
            </TextLine>
            <TextLine id="r3l17" custom="readingOrder {index:16;}">
                <Coords points="2490,3215 2833,3216 2864,3204 2924,3219 2948,3209 2948,3175 2797,3165 2765,3179 2745,3164 2709,3182 2666,3166 2489,3178"/>
                <Baseline points="2497,3206 2523,3207 2549,3207 2575,3207 2601,3207 2627,3207 2653,3207 2679,3207 2705,3207 2732,3207 2758,3206 2784,3206 2810,3205 2836,3205 2862,3204 2888,3203 2914,3202 2941,3201"/>
                <TextEquiv>
                    <Unicode>Schnitzlers Werken ist</Unicode>
                </TextEquiv>
            </TextLine>
            <TextLine id="r3l18" custom="readingOrder {index:17;}">
                <Coords points="1984,3227 2122,3224 2174,3202 2211,3225 2387,3208 2416,3225 2491,3216 2491,3181 2260,3169 2159,3188 2020,3175 1984,3190"/>
                <Baseline points="1992,3210 2017,3210 2043,3210 2069,3209 2095,3209 2121,3209 2147,3209 2173,3209 2199,3208 2225,3208 2250,3208 2276,3208 2302,3208 2328,3208 2354,3208 2380,3209 2406,3209 2432,3209 2458,3210 2484,3210"/>
                <TextEquiv>
                    <Unicode>Lenau — Schönherr. In</Unicode>
                </TextEquiv>
            </TextLine>
            <TextLine id="r3l19" custom="readingOrder {index:18;}">
                <Coords points="1931,3256 2942,3248 2941,3214 2763,3206 1930,3229"/>
                <Baseline points="1938,3257 1987,3257 2037,3256 2087,3256 2137,3255 2187,3254 2237,3254 2286,3254 2336,3253 2386,3253 2436,3253 2486,3252 2536,3252 2586,3251 2635,3251 2685,3250 2735,3249 2785,3248 2835,3248 2885,3247 2935,3245"/>
                <TextEquiv>
                    <Unicode>der Mediziner unschwer zu erkennen. Zwei Haupt¬</Unicode>
                </TextEquiv>
            </TextLine>
            <TextLine id="r3l20" custom="readingOrder {index:19;}">
                <Coords points="1928,3296 2639,3315 2912,3299 2939,3253 1928,3255"/>
                <Baseline points="1935,3299 1984,3300 2034,3300 2084,3300 2134,3300 2184,3299 2234,3299 2283,3298 2333,3297 2383,3296 2433,3295 2483,3294 2533,3294 2583,3293 2632,3292 2682,3292 2732,3291 2782,3291 2832,3291 2882,3291 2932,3292"/>
                <TextEquiv>
                    <Unicode>motive ziehen sich immer hindurch: das Motiv</Unicode>
                </TextEquiv>
            </TextLine>
            <TextLine id="r3l21" custom="readingOrder {index:20;}">
                <Coords points="2502,3336 2579,3348 2636,3320 2676,3340 2723,3341 2740,3326 2777,3347 2795,3330 2909,3339 2946,3321 2946,3287 2853,3302 2795,3290 2779,3306 2695,3291 2664,3306 2502,3302"/>
                <Baseline points="2509,3333 2534,3334 2559,3334 2584,3334 2610,3334 2635,3334 2660,3334 2686,3334 2711,3333 2736,3333 2761,3332 2787,3332 2812,3332 2837,3331 2863,3331 2888,3331 2913,3330 2939,3330"/>
                <TextEquiv>
                    <Unicode>und das Motiv</Unicode>
                </TextEquiv>
            </TextLine>
            <TextLine id="r3l22" custom="readingOrder {index:21;}">
                <Coords points="1939,3341 2062,3357 2122,3337 2199,3349 2252,3324 2342,3352 2386,3343 2386,3306 2251,3312 2218,3298 2144,3324 2054,3303 1939,3314"/>
                <Baseline points="1947,3340 1972,3341 1997,3341 2023,3341 2048,3341 2074,3341 2099,3341 2124,3340 2150,3340 2175,3339 2201,3338 2226,3338 2251,3337 2277,3337 2302,3337 2328,3337 2353,3337 2379,3337"/>
                <TextEquiv>
                    <Unicode>Sterben und Tod</Unicode>
                </TextEquiv>
            </TextLine>
            <TextLine id="r3l23" custom="readingOrder {index:22;}">
                <Coords points="1945,3385 2945,3370 2890,3336 1945,3340"/>
                <Baseline points="1952,3385 2001,3384 2050,3384 2099,3383 2149,3383 2198,3383 2247,3383 2296,3382 2346,3382 2395,3382 2444,3382 2493,3382 2543,3381 2592,3381 2641,3380 2690,3379 2740,3378 2789,3377 2838,3375 2887,3374 2937,3372"/>
                <TextEquiv>
                    <Unicode>Puppenspiel, Marionette, Hampelmann an Fäden</Unicode>
                </TextEquiv>
            </TextLine>
            <TextLine id="r3l24" custom="readingOrder {index:23;}">
                <Coords points="1939,3433 2856,3435 2952,3419 2952,3388 1938,3399"/>
                <Baseline points="1946,3429 1998,3429 2051,3428 2103,3427 2156,3427 2208,3426 2261,3425 2314,3425 2366,3424 2419,3424 2471,3423 2524,3422 2576,3422 2629,3421 2682,3420 2734,3419 2787,3418 2839,3417 2892,3416 2945,3414"/>
                <TextEquiv>
                    <Unicode>tanzend, von fremdem Willen bewegt. Der Zusammen¬</Unicode>
                </TextEquiv>
            </TextLine>
            <TextLine id="r3l25" custom="readingOrder {index:24;}">
                <Coords points="1941,3478 2913,3474 2947,3418 1940,3437"/>
                <Baseline points="1948,3472 1997,3472 2047,3471 2096,3471 2146,3470 2196,3470 2245,3469 2295,3468 2344,3467 2394,3467 2444,3466 2493,3465 2543,3465 2592,3464 2642,3464 2692,3463 2741,3463 2791,3462 2840,3462 2890,3462 2940,3461"/>
                <TextEquiv>
                    <Unicode>hang von zart Seelischem und roh Mechanischem, die</Unicode>
                </TextEquiv>
            </TextLine>
            <TextLine id="r3l26" custom="readingOrder {index:25;}">
                <Coords points="1939,3511 2643,3522 2929,3493 2867,3464 1939,3487"/>
                <Baseline points="1946,3513 1994,3514 2043,3515 2092,3515 2141,3515 2190,3515 2238,3514 2287,3514 2336,3513 2385,3512 2434,3511 2482,3510 2531,3509 2580,3508 2629,3507 2678,3506 2726,3505 2775,3504 2824,3503 2873,3503 2922,3502"/>
                <TextEquiv>
                    <Unicode>Unfreiheit des frei sich wähnenden Individuums —</Unicode>
                </TextEquiv>
            </TextLine>
            <TextLine id="r3l27" custom="readingOrder {index:26;}">
                <Coords points="1932,3553 2816,3563 2911,3559 2952,3520 1931,3526"/>
                <Baseline points="1939,3557 1989,3557 2039,3558 2089,3558 2140,3557 2190,3557 2240,3556 2291,3555 2341,3554 2391,3553 2442,3553 2492,3551 2542,3550 2592,3549 2643,3549 2693,3548 2743,3547 2794,3547 2844,3547 2894,3547 2945,3547"/>
                <TextEquiv>
                    <Unicode>das alles mag medizinisches Studium angeregt haben,</Unicode>
                </TextEquiv>
            </TextLine>
            <TextLine id="r3l28" custom="readingOrder {index:27;}">
                <Coords points="1933,3603 2746,3607 2938,3569 1932,3562"/>
                <Baseline points="1940,3604 1989,3602 2039,3600 2088,3599 2138,3598 2187,3597 2237,3597 2286,3596 2336,3596 2385,3595 2435,3595 2485,3595 2534,3595 2584,3594 2633,3594 2683,3594 2732,3593 2782,3592 2831,3591 2881,3590 2931,3588"/>
                <TextEquiv>
                    <Unicode>zum phantastischen Weiterausspinnen vorbereitet, das</Unicode>
                </TextEquiv>
            </TextLine>
            <TextLine id="r3l29" custom="readingOrder {index:28;}">
                <Coords points="1936,3670 2914,3644 2957,3626 2957,3581 2617,3616 1935,3603"/>
                <Baseline points="1943,3643 1993,3643 2043,3643 2094,3643 2144,3643 2195,3642 2245,3642 2295,3641 2346,3641 2396,3640 2447,3640 2497,3639 2547,3638 2598,3637 2648,3636 2699,3635 2749,3634 2799,3633 2850,3631 2900,3630 2951,3628"/>
                <TextEquiv>
                    <Unicode>Werg auf die Spindel gelegt haben. Die Subtilität</Unicode>
                </TextEquiv>
            </TextLine>
            <TextLine id="r3l30" custom="readingOrder {index:29;}">
                <Coords points="1937,3703 2947,3691 2958,3637 1937,3661"/>
                <Baseline points="1945,3687 1995,3687 2045,3686 2095,3685 2146,3684 2196,3683 2246,3683 2297,3682 2347,3681 2397,3681 2448,3681 2498,3680 2548,3680 2598,3679 2649,3679 2699,3678 2749,3678 2800,3677 2850,3677 2900,3676 2951,3676"/>
                <TextEquiv>
                    <Unicode>und Genauigkeit der Beobachtung, die linde, weiche</Unicode>
                </TextEquiv>
            </TextLine>
            <TextLine id="r3l31" custom="readingOrder {index:30;}">
                <Coords points="1947,3738 2907,3732 2939,3682 1947,3709"/>
                <Baseline points="1954,3732 2002,3730 2051,3729 2100,3728 2149,3727 2198,3726 2247,3725 2296,3724 2345,3723 2394,3723 2443,3722 2491,3722 2540,3721 2589,3721 2638,3721 2687,3720 2736,3720 2785,3720 2834,3720 2883,3720 2932,3720"/>
                <TextEquiv>
                    <Unicode>zärtliche Hand des milden Arztes, die erst streichelt,</Unicode>
                </TextEquiv>
            </TextLine>
            <TextLine id="r3l32" custom="readingOrder {index:31;}">
                <Coords points="1939,3776 2871,3778 2944,3765 2944,3719 1939,3746"/>
                <Baseline points="1947,3771 1996,3771 2046,3771 2095,3771 2145,3771 2194,3770 2244,3770 2293,3769 2343,3768 2392,3768 2442,3767 2491,3766 2541,3765 2590,3764 2640,3763 2689,3762 2739,3761 2788,3760 2838,3759 2887,3758 2937,3757"/>
                <TextEquiv>
                    <Unicode>bevor sie schneidet, mag auch der Dichter Schnitzler</Unicode>
                </TextEquiv>
            </TextLine>
            <TextLine id="r3l33" custom="readingOrder {index:32;}">
                <Coords points="1943,3817 2943,3818 2942,3764 1943,3783"/>
                <Baseline points="1951,3816 2000,3815 2049,3815 2098,3814 2147,3814 2197,3813 2246,3813 2295,3812 2344,3811 2393,3811 2443,3810 2492,3809 2541,3809 2590,3808 2639,3807 2689,3806 2738,3805 2787,3804 2836,3803 2885,3802 2935,3801"/>
                <TextEquiv>
                    <Unicode>dem Arzte danken. Sein „Anatol“ schuf ihm rasch</Unicode>
                </TextEquiv>
            </TextLine>
            <TextLine id="r3l34" custom="readingOrder {index:33;}">
                <Coords points="1937,3860 2907,3858 2953,3816 1937,3837"/>
                <Baseline points="1945,3861 1995,3859 2045,3858 2095,3857 2145,3856 2195,3855 2245,3854 2295,3853 2345,3853 2395,3852 2446,3851 2496,3851 2546,3850 2596,3850 2646,3849 2696,3848 2746,3848 2796,3847 2846,3846 2896,3845 2947,3843"/>
                <TextEquiv>
                    <Unicode>Namen und Ruhm. Die französisch=wienerische Anmut</Unicode>
                </TextEquiv>
            </TextLine>
            <TextLine id="r3l35" custom="readingOrder {index:34;}">
                <Coords points="1947,3913 2836,3909 2945,3894 2944,3834 2881,3861 1946,3870"/>
                <Baseline points="1954,3902 2003,3901 2052,3901 2101,3900 2150,3899 2199,3898 2248,3898 2298,3897 2347,3896 2396,3896 2445,3895 2494,3894 2543,3893 2592,3892 2642,3892 2691,3891 2740,3890 2789,3890 2838,3889 2887,3889 2937,3888"/>
                <TextEquiv>
                    <Unicode>dieser geistbelebten Skizzen ist noch heute unüberboten,</Unicode>
                </TextEquiv>
            </TextLine>
            <TextLine id="r3l36" custom="readingOrder {index:35;}">
                <Coords points="1947,3946 2922,3949 2947,3894 1946,3912"/>
                <Baseline points="1953,3944 2002,3943 2051,3942 2101,3941 2150,3940 2200,3939 2249,3939 2298,3938 2348,3938 2397,3938 2447,3937 2496,3937 2545,3937 2595,3937 2644,3937 2694,3936 2743,3936 2792,3936 2842,3936 2891,3935 2941,3935"/>
                <TextEquiv>
                    <Unicode>so viel nachgeahmt sie auch wurde. Hier taucht auch</Unicode>
                </TextEquiv>
            </TextLine>
            <TextLine id="r3l37" custom="readingOrder {index:36;}">
                <Coords points="1953,3989 2946,3974 2900,3939 2222,3944 2173,3971 1953,3950"/>
                <Baseline points="1960,3988 2011,3986 2063,3985 2114,3984 2166,3984 2217,3983 2269,3982 2320,3982 2372,3982 2423,3981 2475,3981 2526,3980 2578,3980 2629,3980 2681,3979 2732,3978 2784,3978 2835,3977 2887,3976 2939,3974"/>
                <TextEquiv>
                    <Unicode>das süße Mädel zuerst auf, das Schnitzler</Unicode>
                </TextEquiv>
            </TextLine>
            <TextLine id="r3l38" custom="readingOrder {index:37;}">
                <Coords points="1946,4029 2946,4012 2935,3972 1946,4001"/>
                <Baseline points="1953,4030 2002,4029 2051,4029 2100,4028 2150,4028 2199,4027 2248,4027 2298,4026 2347,4025 2396,4025 2446,4024 2495,4024 2544,4023 2593,4022 2643,4021 2692,4020 2741,4019 2791,4018 2840,4017 2889,4016 2939,4015"/>
                <TextEquiv>
                    <Unicode>entdeckt, vielleicht sogar auch ein bischen erfunden</Unicode>
                </TextEquiv>
            </TextLine>
            <TextLine id="r3l39" custom="readingOrder {index:38;}">
                <Coords points="1937,4092 2284,4058 2943,4070 2942,4030 2882,4021 1936,4045"/>
                <Baseline points="1943,4074 1992,4074 2042,4073 2091,4072 2141,4071 2191,4070 2240,4070 2290,4069 2339,4068 2389,4067 2439,4067 2488,4066 2538,4065 2587,4065 2637,4064 2687,4064 2736,4063 2786,4062 2835,4061 2885,4061 2935,4060"/>
                <TextEquiv>
                    <Unicode>hat. Die elegante lebe= und weltmännische Frivolität</Unicode>
                </TextEquiv>
            </TextLine>
            <TextLine id="r3l40" custom="readingOrder {index:39;}">
                <Coords points="1947,4119 2950,4121 2940,4058 1947,4086"/>
                <Baseline points="1955,4114 2004,4114 2053,4114 2103,4113 2152,4113 2202,4112 2251,4111 2300,4110 2350,4110 2399,4109 2449,4108 2498,4107 2547,4106 2597,4105 2646,4104 2696,4104 2745,4103 2794,4103 2844,4103 2893,4103 2943,4103"/>
                <TextEquiv>
                    <Unicode>dieser zierlichen Miniatüren entzückte allgemein. Der</Unicode>
                </TextEquiv>
            </TextLine>
            <TextLine id="r3l41" custom="readingOrder {index:40;}">
                <Coords points="1946,4159 2936,4153 2911,4108 1946,4118"/>
                <Baseline points="1953,4158 2001,4158 2050,4157 2099,4157 2148,4157 2197,4156 2245,4156 2294,4156 2343,4155 2392,4154 2441,4154 2489,4153 2538,4152 2587,4152 2636,4151 2685,4150 2733,4149 2782,4148 2831,4147 2880,4146 2929,4145"/>
                <TextEquiv>
                    <Unicode>Dichter hatte es sich selbst recht schwer gemacht, sich</Unicode>
                </TextEquiv>
            </TextLine>
            <TextEquiv>
                <Unicode>Klose &amp; Seidel
Bureau für Zeitungeausechnitte. 
Berlin NO. 43, Storgenkirchplatz 211
(Liest die meisten Zeitungan und ist dan
bestorganisierteste Bureau Deutschlasds.)
Zeitung
Ort: —
Datum: —
Der Dichter wird am 15. Mai wirklich und
wahrhaftig 50 Jahre alt und ist doch noch immer der
jüngsten einer. Er hat zu so vielem reiches Talent —
bloß zum Altmeister gar keins. Dafür gebricht es
ihm vor allem an Gravität, an feierlicher Würde, an
versteifter Grandezza. Ehe er zur Poesie abschwenkte,
studierte er Medizin und machte, väterlichem Willen
folgsam, sogar das Doktorat. Schiller war Mediziner
Schnitzlers Werken ist
Lenau — Schönherr. In
der Mediziner unschwer zu erkennen. Zwei Haupt¬
motive ziehen sich immer hindurch: das Motiv
und das Motiv
Sterben und Tod
Puppenspiel, Marionette, Hampelmann an Fäden
tanzend, von fremdem Willen bewegt. Der Zusammen¬
hang von zart Seelischem und roh Mechanischem, die
Unfreiheit des frei sich wähnenden Individuums —
das alles mag medizinisches Studium angeregt haben,
zum phantastischen Weiterausspinnen vorbereitet, das
Werg auf die Spindel gelegt haben. Die Subtilität
und Genauigkeit der Beobachtung, die linde, weiche
zärtliche Hand des milden Arztes, die erst streichelt,
bevor sie schneidet, mag auch der Dichter Schnitzler
dem Arzte danken. Sein „Anatol“ schuf ihm rasch
Namen und Ruhm. Die französisch=wienerische Anmut
dieser geistbelebten Skizzen ist noch heute unüberboten,
so viel nachgeahmt sie auch wurde. Hier taucht auch
das süße Mädel zuerst auf, das Schnitzler
entdeckt, vielleicht sogar auch ein bischen erfunden
hat. Die elegante lebe= und weltmännische Frivolität
dieser zierlichen Miniatüren entzückte allgemein. Der
Dichter hatte es sich selbst recht schwer gemacht, sich</Unicode>
            </TextEquiv>
        </TextRegion>
    </Page>
</PcGts>
