3392 4256
1098 186 1525 290 box 39/1
224 189 934 305 SethBirthdar
1030 532 1447 613 olm, St. Fetersbuig.
1026 583 1143 634 —.
432 606 1440 713 sschnitt aus: Präger Tagblatt
597 694 883 780 17 S. 1312
431 714 532 782 n:
560 870 1421 965 nnLENaTT“] Diese
455 916 1434 1013 sichen Einarier, volt denten gestern fünf aufgeführt
449 963 1419 1058 nägden, sind nicht von dem Schnitzler geschrie¬
440 1005 1414 1080 ben, der gegen Vorurteile kämpft, sondern von
450 1064 1404 1139 einem, in dessen behaglicher Welt sich kein Mensch
437 1090 1408 1188 mehr um die Ehre eines gefallenen Mädchens
441 1139 1398 1212 kümmert. Die Anatol=Dialoge zeigen den genie¬
445 1178 1397 1267 ßenden, nicht geist= und nicht gemütlosen, in
446 1226 1400 1312 der Lebenskunst nach Pariser Manier geübten
433 1261 1393 1361 jungen Wiener in seinem Verhältnis zu den ver¬
440 1319 1399 1404 schiedentlichen Frauen, mit denen ihn seine Jung¬
431 1360 1403 1451 gesellenjahre in Verbindung bringen. Sie kleiden
429 1406 1399 1483 einen anmutigen Scherz in einen kurzweiligen
427 1448 1398 1528 Dialog wie „Die Frage an das Schicksal“; sie sind
425 1475 1390 1576 ein fast sentimentaler Lobgesang auf das Wiener
422 1519 1391 1610 Vorstadtmädchen wie die „Weihnachtseinkäufe“; sie
421 1564 1392 1665 widerlegen in der „Episode“ mit überlegener
415 1614 1394 1699 Ironie den Glauben an die Frau, den selbst ein
424 1650 1389 1746 Routinier wie Anatol nech hat. Das „Abschieds¬
414 1701 1378 1783 souper“ zeigt das beiderseits freiwillig herbeige¬
418 1736 1378 1809 führte und „Anatols Hochzeitsmorgen“ das durch
415 1770 1374 1872 Anatols Verheiratung erzwungene Ende eines
403 1817 1369 1918 Verhältnisses. Nur zwei Szenen, „Denksteine“ und
407 1865 1379 1959 „Agonie“, deren erste in anderem Zusammenhang!
399 1918 1364 2005 aufgeführt wird und deren zweite, ohne daß man
398 1944 1374 2044 dies bedauern müßte, unaufgeführt bleibt, ruhen
399 1989 1381 2085 auf ernstem Grunde. Im Uebrigen sind diese beiden
1670 1908 2634 2098 rten e Serertener aelteie Die sehane
409 2040 1368 2128 Freunde Anatol und Max mit ihren Freundinnen
1673 2082 2636 2138 men, einen brutalen Mord konstruiert, den der ohne
401 2087 1357 2161 die Träger einer geistig gehobenen Lustigkeit, die
1682 2128 2632 2187 Genugtuung gebliebene Offizier verüben muß. Die
402 2129 1363 2208 man immer wieder gern über die Bühne ziehen
1677 2185 2631 2237 Führung der Handlung wird weder die Anhänger
397 2158 1351 2258 sieht. Das flotte Tempo, das unser Ensemble den
405 2214 1343 2307 Einaktern verleiht, ist von vielen früheren Auf¬
1676 2233 2643 2285 des Duells noch die Gegner desselben zufrieden¬
406 2251 1346 2330 führungen her bekannt. Die Herren Tiller
1681 2281 2646 2338 stellen, aber, einige ausgiebige Dialog-Längen ab¬
385 2284 1344 2386 und Huttig als Anatol und Max sind ein lie¬
1678 2317 2647 2384 gerechnet, ist sie wirkungsvoll gesteigert, von charak.
380 2347 1363 2436 benswürdiges Paar, die einzige anständige Frau
1686 2368 2635 2425 teristischen Episoden begleitet und schließt mit einem¬
1681 2415 2644 2477 starken Knalleffekt. Die im Rahmen des Zyklus
359 2428 1349 2532 des Stückes gibt Frl. von Helling mit!
1687 2464 2639 2520 veranstaltete Aufführung dieses Schauspiels war
358 2467 1325 2567 Würde und die vier weniger anständigen die
1684 2503 2639 2573 sorgfältig vorbereitet. Vortrefflich zeichnet Herr
353 2509 1334 2609 Damen Kaufmann, Glasel, Medelsky,
1682 2563 2645 2622 Huttig als Oberleutnant Karinski den mit dem
348 2567 1257 2647 Steinheil sehr lustig und temperamentvoll. Di
1680 2614 2644 2666 Leben fertigen, eleganten Desperado, der nur um
351 2596 1339 2726 Aufführung fagd ein Rahmen der vollstümgehl
342 2637 1209 2732 Mbellungen Wu # A 4t4
1681 2652 2639 2716 sich zu betäuben, den ganzen schweren Konflikt pro¬
1677 2699 2638 2762 voziert. Herr Tiller verlieh dem übernüchtern
1679 2757 2639 2814 philosophierenden Paul Röning, der nur einmal —
1686 2793 2640 2864 in dem tätlichen Angriff auf den Offizier — seine
1678 2846 2640 2901 Ruhe verliert, die richtige äußere und innere trotzig¬
1687 2899 2645 2953 kindische Sorglosigkeit. Als Schauspielerin Anna
1680 2944 2625 2999 Riedel entwickelt Fräulein Niedt ein schön verhal
655 2896 1614 3069 un als Donbchon Abenehlatt, wag.
1674 2988 2648 3057 tenes, starkes Temperament. Die verschiedenen Typen
750 2976 1046 3100 90 # v
1682 3037 2644 3096 der Duell-Anhänger sind von den Herren Rittig
1680 3082 2643 3145 Falder, Kaden und Reinhardt scharf
857 3088 1519 3172 Neues deutsches Theater.
1689 3133 2643 3197 charakterisiert. Das leichtlebige Pendant zu dem
816 3172 1573 3248 ArthurScen
1682 3185 2644 3243 blutheischenden Hauptvorgang des Stückes repräsen¬
1061 3222 1345 3277 „Freiwild“.
1691 3227 2646 3292 tiert wirksam und doch ohne Uebertreibung Herr,
927 3264 1433 3328 Schauspiel in drei Akten.
1683 3279 2648 3330 Dr. Manningals Direktor einer Sommerschmiere,
769 3308 1666 3369 Es gibt wohl kaum einen modernen Drama¬
1684 3324 2647 3405 dem die Herren Bauer, Frieberg und Roma¬
710 3361 1672 3423 tiker, der nicht die Duellfrage behandelt hätte —
709 3410 1672 3476 und keiner kam noch darüber hinaus. Schnitzler tut
1752 3409 2721 3501 novsky als Schauspieler, sowie Fräulein Me¬
715 3449 1678 3521 es in seinem Schauspiele „Freiwild“. Mit großem
1760 3467 2797 3555 delsky als fesche Soubrette, gewissenhaft zur Seite 1.77
712 3498 1689 3563 Aufwande des sogenannten „gesunden Menschen¬
1762 3517 1905 3573 stehen.
2538 3529 2820 3622 P. R. 14 Pl.
722 3564 1687 3606 verstandes" führt er wohl das Duell ganz ad ab¬
724 3551 2572 3664 des Ehren=Codex glücklich benützend —; er spitzt # dem Musaum m  EEEIITIII
716 3648 1678 3706 aber die beiden Gegensätze so scharf und verhäng¬
728 3693 1689 3762 nisvoll zu, daß er schließlich, statt eines Zweikampfes
698 3751 1697 3797 I von gesellschaftlich anerkannten und geduldeten For¬
693 3790 1573 3872 TT TCTITR
