3392 4352
1159 186 1615 284 box 3971
178 192 1017 304 1. 50th Birthday
265 883 1307 1015 ###ms1.1012 Berliner Morgenpost, Berlin
242 946 289 1047 —
342 1084 471 1149 9 8
485 1079 1170 1161 Theater, Kunfsund
482 1141 1145 1225 Wissenschaft
392 1194 568 1261 SSL
418 1251 1097 1345 Der fünfzigjährige Schnißzler.
342 1320 1168 1408 Zum heutigen Geburlslag des
535 1371 974 1440 Wiener Dichters.
365 1407 1190 1490 Jung=Wien feiert also auch schon Jubiläen.
299 1482 1191 1533 Es gibt noch genug Zeitgenossen, die sich mit der
306 1512 1208 1578 bösen modernen Literatur noch nicht ausgesöhnt
313 1559 1200 1627 haben, und schon sind die „Revolutionäre“ der
310 1608 1199 1658 80er Jahre gereifte Männer, die vielleicht über
307 1652 1197 1724 kurz oder lang von einer neuen nachstürmenden
296 1691 1197 1761 Generation „überwunden“ sein werden. Der
292 1743 1186 1794 Jahrgang 1862 war entschieden ein guter Jahr¬
289 1790 1187 1847 gang für die deutsche Dichtung. Gerhart Houpt¬
299 1824 1189 1890 mann wurde in diesem Jahre geboren, Johannes
291 1864 1185 1934 Schlaf, Dreyer, Fulda, Otto Ernst, und den
306 1908 1183 1975 Reigen der Fünszigjährigen eröffnet am heutigen
299 1952 1192 2004 Tage der Wiener Arzt Arthur Schnitzler,
294 2006 1191 2059 der trotz seiner ausgesprochenen Heimatsart auch
300 2042 1183 2115 im Norden Deutschlands eine nicht minder treue
301 2086 946 2155 Gemeinde besitzt als in Oesterreich.
353 2113 1197 2202 Als Dramatiker wie als Erzähler hat
299 2172 1189 2239 Schnitzler Gestalten geschaffen, die — anfangs
297 2220 1183 2283 befremdend — heute schon echte Volkstümlichkeit
300 2274 1187 2341 erlangt haben. Da ist „Anatol“, der typische
291 2309 1182 2362 junge Lebemann mit dem angenehmen Aeußeren
295 2360 1183 2415 und den noch angenehmeren Lebensumständen,
295 2403 1186 2453 die ihn von einem Liebesabenteuer zum anderen
286 2441 1181 2503 unmerklich altern lassen; da ist das süße Wiener
290 2490 1184 2546 Mädel, die Christine aus „Liebelei“, das
295 2532 1182 2584 zarte Geschöpf mit dem traurigen Lächeln um die
291 2572 1176 2634 Lippen und der hingebenden Liebe. Oder der
286 2608 1187 2680 arme kleine „Leutnant Gustl“ der eine so
288 2657 1188 2731 große Angst vor dem Duellieren hat, das ihn so
292 2711 878 2773 leicht das Leben kosten könnte.
336 2742 1173 2813 Später als fast alle anderen Schriftsteller,
284 2799 1178 2861 ein dreißigjähriger, in der ärztlichen Praxis er¬
281 2827 1177 2901 fahrener Mann hat Schnitzler zur Feder ge¬
284 2881 1172 2936 griffen. Seine Werke sind auch immer gereister
278 2932 1178 2981 und ausgeglichener gewesen als die der anderen
283 2964 1179 3038 „jüngsten Deutschen“. Seine ganze Produktion
277 3018 1170 3055 ist frei von der Hast und der Jagd nach dem Sai¬
286 3063 1169 3121 sonerfolg, die sich heute so oft unangenehm fühl¬
286 3105 1171 3164 bar macht. Die Persönlichkeit des Wiener Dich¬
284 3145 1169 3196 ters, von dem wir noch so manches feine und
276 3187 1168 3249 seelenkundige Werk erwarten können, ist eine der
276 3228 1166 3288 vornehmsten in der gegenwärtigen Literatur.
274 3280 1167 3337 Sein heutiger Geburtstag wird von den beiden
281 3324 1181 3377 volkstümlichen Berliner Bühnen wenig¬
280 3368 1172 3419 stens gefeiert; eine Gesamtausgabe seiner Werke,
274 3406 1167 3469 die zunächst die „erzählenden Schriften“.
271 3443 988 3523 umfaßt, befindet sich in Vorbereitung.
1841 1441 2067 1518 ——
1483 1510 2438 1617 Ausschnitt aus: Der Tag, Berln.
1715 1570 2026 1675 15.9411912
1479 1640 1692 1729 1
1506 1719 1641 1789 K BGR
2737 3039 2997 3114 Thot. A. Hertwig
1988 3034 2396 3114 Artur Schnitzler
1884 3105 2496 3186 vollendet heute sein 50. Lebensjahr.
1384 3196 3011 3250 Der hervorragende österreichische Dramatiker ist am 15. Mai 1862 in Wien geboren. Er
1570 3234 2823 3295 studierte Medizin, wandte sich aber später gänzlich der Literatur zu.
