3344 4352
1042 277 1503 379 box 39/1
181 271 917 400 Soth Birthdar
93 851 240 938 442.
703 724 2845 981 ontags blatt
2573 906 2747 989 1912.
299 851 500 1013 #
536 966 2498 1155 der St. Detersburger Zeitung
1599 1173 1932 1247 Weihe Wgen
414 1177 589 1269 TE
1962 1236 3025 1297 hetzte, unfreie Menschen uns die Augen geöffnet
896 1247 1951 1302 Lieder entströmend dem Schönsten einer bestimmten
94 1259 744 1352 Artbur Schnitzler
1952 1282 3029 1347 haben, oder die verästelten, irren Stimmen der jü¬
898 1287 1952 1340 immer seltener werdenden Wiener Art wurden mit
1954 1332 3025 1380 dischen Rasse im Kampfe mit der Atuosphäre un¬
897 1327 1960 1388 in die Erinnerung gerufen, leise aber eindrücklich,
113 1323 762 1428 Zum Fünfzigsten.
1963 1370 3029 1431 serer Heimat — natürlich nicht der geographischen —
900 1372 1955 1428 indes ich an die Menschen denke, die an Ihrer Hand
775 1373 874 1451 90
186 1389 538 1465 Von W. Fred.
1960 1406 3034 1467 tönen ließen, — immer haben Sie mehr getan als
906 1421 1963 1477 durch Oesterreich den Weg ihres Lebens gingen, bis
121 1436 898 1507 ein Liebesbrief eines Mannes an
1968 1460 3028 1521 begriffen, gezeigt; in ihren Herzen und Herzlein,
905 1463 1954 1515 sie vor Der standen und nicht mehr verschwanden:
1972 1503 3027 1551 Seelen und Seelchen haben Sie die großen oder
103 1507 885 1565 eines Kritikers an einen Dichter, ent¬
893 1508 1961 1577 sinnliche Mädchen, der ein wenig grau gewordene,
1978 1536 3032 1601 kleinen Naturen zu erfassen vermocht. Das war
104 1549 890 1605 n solches notwendig ist, durch den An¬
893 1559 1959 1610 aber so liebe Anatol, der verlassene Herr von Sala,
1969 1588 3032 1648 dann Ihre Gewalt: aus einem warmen, oft heißen,
106 1590 888 1641 tmir nicht ein, lieber Arthur Schnitz¬
892 1592 1961 1649 der um Beatrices Traum Eifersüchtige, Marionetten
1968 1642 3039 1693 nie eitlen Verstehen aller Menschlichkeit sind Ihre
105 1634 891 1695 hre Biographie zu versuchen, die Kurve
907 1638 1967 1684 oder groteske Helden, die sich in irgend ein kraufes
1975 1692 3043 1750 reinen, von Schlacken freien Dichtungen entstanden.
899 1681 1959 1736 Spiel oder unabwendbare Tragik verirrt haben,
108 1685 898 1735 rischen Entwicklung zu zeichnen. Eher
899 1715 1970 1774 ihrer Jugendlichkeit oder Nachdenklichkeit, ihrem
99 1721 887 1785 n Ihre Menschlichkeit in einem Spie¬
907 1773 1967 1828 Uebermut oder den Gesetzen ihres Blutes halb er¬
105 1770 893 1834 lassen, wenn nicht zum guten Ende je¬
2033 1776 3038 1857 Es ist gewiß nicht wahr, was die Leute so gern
911 1809 1921 1877 lebten, halb erträumten Abentuern gehorchend.
101 1809 897 1864 ecksilberunterlegte Glas ein mechani¬
1980 1837 3040 1901 über Arthur Schnitzler sagen und schreiben, daß er
959 1859 1961 1907 Und ich weiß nichts, was so harmonisch wäre wie
96 1847 895 1910 ent wäre, mehr oder weniger richtig,
1973 1900 3039 1948 nämlich ein Schüler oder Kollege jener französischen
905 1885 1957 1956 Sie, der Dichter, und Ihr Schaffen. Nichts, was so
113 1904 895 1961 leichgültig die Konturen gebend
1982 1935 3048 1995 Literaten ist, deren Horizont nur die Reflexe der
907 1941 1956 1994 zueinander stimmen wollte als Ihre Gestalten und
115 1943 889 2001 getrübt, gestört, beschlagen durch den
1979 1965 3052 2029 Erotik auf die elegante Gesellschaft einschließt. Oder
906 1984 1961 2037 Ihre Zeit, deren Leid und deren Seligkeit, deren
119 1990 897 2038 idessen, der den Spiegel hinhält, um
1977 2018 3077 2069 daß der Kreis seiner Stoffe und seiner Dichter¬
908 2032 1963 2083 Spiel und deren Ernst, alles eben, was diese Frauen
109 2030 892 2086 ufangen. Nein, ich habe jetzt seit man¬
1982 2069 3043 2127 sphäre von jeher und auf immerdar eng sei einge¬
912 2076 1959 2139 und Männer, alle die Menschen Ihrer Werke auf
112 2078 892 2133 mer und immer wieder daran gedacht,
1983 2122 3035 2168 grenzt zwischen der Süßenmädelromantik und der
900 2117 1498 2188 Ihr Geheiß leben mußten.
131 2125 906 2170 fünfzig Jahre werden, und ich er¬
1983 2149 3048 2218 Lawn=eTunis=Philosophie Wiener Menschen. Nur
962 2153 1967 2214 Wo ist der Dichter der neuen Generation, der seine
111 2158 899 2219 all der Freude, die Sie mir geschenkt
1981 2196 3052 2254 das eine ist gewiß, daß Schnitzler nicht zu den Na¬#
897 2194 1958 2260 Welt so verstanden und so zart und innig und zugleich
97 2205 899 2270 Bege zum warmen Verstehen der Men¬
1970 2246 3028 2294 turen gehört, die sich Gestaltung von Personen uni
902 2242 1962 2298 leicht gefühlt hätte, wo der andere Künstler, der so
102 2250 895 2314 nschlichkeiten, die mir mit Hilfe Ihres
1980 2289 3016 2345 Geschehnissen abzwingen, die ihnen innerlich frem
910 2290 1959 2338 entfernt von Leichtsinn in jeder Beziehung wäre?
104 2298 902 2354 r Werke*) eröffnet worden sind, und
1985 2327 3019 2384 sind, nicht zu jenen mühsamen Poeten, die fast g¬
899 2335 1967 2401 Was die Schicksale anbelangt, die Sie Ihren Men¬
98 2336 893 2407 kanz zärtliche Gefühle für Sie und Ihr
1974 2375 3021 2433 waltig nach Problemen suchen, von denen sie sellt
912 2376 1959 2435 schen zugeteilt, und was die Künstlerschaft betrifft,
114 2380 902 2440 ich schreibe dieses „und" (unkritische)
1976 2414 3025 2467 nicht berührt wurden. Entwicklung? Gewiß, sie
911 2415 1966 2471 mit der Sie alles durchleuchteten. Denn Sie haben
119 2429 896 2476 stärksten Widerstreben auf: denn bei
1969 2455 3037 2510 ist diesem Dichter geschehen oder vielmehr, er jat
934 2464 1968 2517 — und das gibt all Ihrem Schaffen seinen Rang und
115 2467 906 2517 bei irgend einem ist Mensch und Werk
1971 2500 3034 2560 mit dem ganzen Einsatz seiner Künstlerschaft sie an
904 2503 1967 2551 seine nachhaltige Wirkung — kein Werk aus der
113 2514 898 2568 Verwobenes, innig Gebundenes, den
1974 2547 3040 2615 sich vollbracht. Das „Märchen“ sein erstes Stück,
908 2549 1963 2605 Hand gelassen, für das Sie nicht Ihr Möglichstes
109 2556 904 2606 ellen Entsprungenes und das gleiche
1973 2569 3036 2644 „Sterben“ seine erste, wundervoll rührende Novelle,
915 2587 1968 2649 getan hätten. In jedem Roman und in jeder Szene
106 2599 895 2655 Vollziehendes. Keinerlei wehmütiger
1975 2636 3035 2678 und „Der junge Medardus“, sein Letztes, das Stück
903 2643 1945 2700 haben Sie — heute will ich es so sagen dürfen —
131 2648 895 2709 den Gedanken an Ihre früheren
1969 2669 3048 2740 des Wiener Knaben, der am Willen zur Heldenschaft
914 2679 1977 2733 bis auf den letzten Rest Ihre edel sich zurückhal¬
120 2681 895 2739 h, ein Gymnasiast, las oder gar an Ihre
1984 2717 3042 2772 rein untergeht, sind die Ecksteine. Und was zwi¬
908 2731 1963 2784 tende und wiederum nobel sich verschenkende Mensch¬
107 2728 903 2786 nischt, auch kein Bedauern, daß Sie
1975 2760 3052 2820 schen den ersten und den letzten Werken an Größe¬
911 2765 1968 2823 lichkeit versenkt, damit Ihre Natur dann in uns
114 2771 899 2826 fünfzig sind. Ihre Kraft, der Schlag
1982 2805 3058 2860 rem oder Kleinerem, Geglücktem oder Blasserem da
913 2816 1965 2869 auferstehe, keinen Schrei haben Sie vage im un¬
118 2819 908 2877 sund die Schrift, der Rhythmus jeder
1979 2834 3047 2896 ist, sind nach dem Goethewort Lebensspuren.
911 2857 1974 2909 klaren Ungestüm verhallen laffen, und wenn eine
109 2866 913 2933 rer Arbeiten ist ebenso reif, so voll wie
1990 2889 3048 2945 für jenen also, dem nicht das Werk, sondern das
913 2901 1973 2957 Komödie, ein Prosastück von Ihnen ein Spiel der
114 2909 901 2965 bei den Antworten sein kann, die ein
1981 2925 3045 2988 Wirken, nicht das Ziel, sondern die prachtvolle Be¬
925 2951 1964 3001 Menschen, die da einander begegneten, gab, ein
114 2954 899 3003 esen Jahren dichtend auf die Fragen
1981 2984 3041 3029 wegung eines Strebenden die Hauptsache ist, weitaus
909 2986 1967 3039 Spiel mit der Kunst haben Sie nie vor uns, mit
115 2996 906 3049 und unserer Seelen gibt, und dabei
1990 3020 3048 3092 Teureres als zufällig geglückte oder auch klug er¬
912 3032 1970 3077 uns getrieben. Ihr Werk zeigt ja nicht nur ein
105 3036 909 3089 g und voller Versprechungen, — wie
1992 3055 3044 3124 sonnene, wirksame Theaterstücke, Romane, „Lite¬
913 3067 1970 3122 kühles Verstehen der Dinge und Personen, sondern
106 3078 899 3142 ade bei Ihnen sein muß, der Sie so oft
1980 3102 3049 3169 ratur“ Höchste Kunst — manche nennen's dichteri¬
915 3117 1978 3183 jenes Fühlen mit ihnen, das wiederum als Lächeln
123 3114 908 3180 Ahnungen, des Aelterwerdens und
1997 3154 3052 3206 sches Genie — ist eben zum Letzten entwickeltes Ta¬
917 3155 1979 3213 oder Erschütterung tiefes Fühlen zu erwecken ver¬
132 3166 901 3224 Beziehungen zur eigenen und frem¬
1984 3189 3052 3236 lent. Darum ist es nicht Armut, sondern Zeichen
913 3198 1971 3261 mag. Nein, weder in Ihren Dramen wird gewertet,
110 3221 906 3277 zum Stoff Ihrer Dichtungen nehmen
1993 3233 3051 3296 schöner und ernster poctischer Arbeit, daß jene Mo¬
921 3248 1979 3302 geurteilt oder gar von den Menschen und ihren Er¬
145 3257 899 3316 Sie zum guten und schönen Ende
1986 3280 3049 3333 tive, die Schnitzler zum Formen der ersten Sätze
1363 3290 1971 3340 Selbst wenn Sie nur Sil¬
915 3291 1375 3353 lebnissen geschwätzt.
122 3298 902 3365 eine Lebenserscheinung sehen und ge¬
1978 3322 3049 3393 drängten, auch die vollen Töne seiner letzten uns
913 3333 1973 3383 houetten schneiden, Schatten wie den des Medardus
124 3342 909 3395 s die ärgste, weil Ihre Empfindung
1995 3373 2550 3434 bekannten Werke ergeben.
911 3384 1979 3429 Klähr oder der wirren Figuren des grotesken „Ka¬
118 3389 909 3439 ehen gegenüber und der Ausdruck, den
2040 3386 3043 3478 Man mag sie alle, die frühen und die späten, die
913 3424 1973 3475 kadu“ an die Wand zu werfen schienen — Sie haben
111 3429 901 3492 n, nie Sentimentalität war, sowie der
1991 3465 3054 3518 in Poesie und die in Prosa, Spiele des Lebens mit
909 3467 1980 3519 alle die Leute und ihre Bewegungen zueinander,
117 3470 913 3538 ex des Lebens heiter getönt ist und
1997 3509 3049 3560 ernstem Hintergrund nennen. Wenn er das ver¬
909 3511 1985 3569 voneinander, durcheinander nicht nur gekannt, Ihr
111 3514 519 3581 oder gar höhnisch.
1988 3550 3053 3603 liebte Mädchen und den leichtsinnigen jungen Herrn
914 3555 1971 3603 Herz hat sie umfaßt, Ihr Lebensgefühl sie umspült;
139 3544 914 3604 auch nicht nur gedruckte Bücher, ge¬
1984 3582 3052 3649 in dem oder jenem Stück die Stunde fühlen läßt,
921 3600 1973 3653 und ohne je die Geste des Belehrenden und Rich¬
117 3608 897 3658 erstücke, die mir Ihre Werke bedeuten,
1987 3632 3045 3685 wo das Unabänderliche eben unabänderlich wird,
920 3632 1978 3692 tenden zu haben, ließen Sie uns in den Wegen
127 3654 902 3699 und jenem nachdenke, was Sie mir
1992 3666 3047 3732 kein liebes, kein süßes, auch kein noch so kluges
928 3691 1973 3746 Ihrer Geschöpfe den Weg Ihrer eigenen Seele
108 3696 890 3749 n, vom „Anatol“ und der „Liebelei“
1992 3722 3055 3777 Wort und keine anmutige Gebärde den Schlag mehr
924 3731 1979 3785 sehen. Und wir spürten all Ihre Wünsche, Hofs¬
116 3737 904 3783 ten Land“, sondern wache Worte, durch
1986 3753 3054 3822 abwehren kann — das ist ein Thema Schnitzlers.
926 3776 1973 3824 nungen und auch Forderungen an jene, die mit
142 3783 900 3852 Tage und Jahrzehnte ungeschwächte
1993 3805 3054 3857 Und ein anderes, fast das andere: wenn jene Men¬
924 3808 1973 3868 Ihnen kämpfen und denen Sie Sieg und Erfüllung
1984 3855 3057 3905 schen die Einsamkeit zu spüren bekommen, die zu
915 3861 1978 3916 wünschen. Was soll man Harmonje nennen, wenn
104 3852 903 3930 von Arthur Schnitzler ist bei S. Fischer
1990 3887 3080 3942 viel küßten und deshalb Menschen nicht festhalten—
922 3906 1980 3959 nicht diese Einheit und Innigkeit? Ob Sie nun
117 3915 911 3970 schienen, wo jetzt auch eine Gesamt¬
1978 3934 3057 4000 können, die allen Reichtum mit allen Sinnen fassen
929 3947 1986 4003 fürs „Freiwild“, den armen „Leutnant Gustl“, ge¬
123 3958 737 4011 er Werke herauskommen soll.
1284 3988 1704 4052 ——.—
925 3998 989 4047 810
1662 4028 2998 4097 Diese schönen begter und nensclingt es. G###-s Kücklicher.
898 4031 1068 4103 „
