3344 4256
1028 253 1462 351 box 39/1
177 245 915 374 SothBirthdar
69 1136 483 1242 agterlung
990 1316 1223 1414 D
578 1400 2997 1472 sich da („Heimliche Liebe“ heißt der öde Schmarren) als Profoß Allgegenwärtigkeit ist an Schnitzler, die sehr viel Größere
125 1436 2985 1490 Schnitzler im italienischen Kriege und entdeckt durch Zufall, daß der Re= unter den lebenden Dichtern für uns nicht besitzen: wir be¬
662 1502 2997 1572 #t#tambour ein Weib ist, das sich aus glühender Liebe dem obachteten eine Dame mit Paketen, die Weihnachtseinkäufe
65 1523 2993 1629 Flemäe: gab es einen Bild= Hauptmann nachgeschlichen hat. Er will nun dem Vorgesetzten machte, wir fuhren mit der Eisenbahn durch sonnefliehende
69 1566 2994 1616 Kit, irgendeiner Laune sol- den Tatbestand aufklären, kann aber, teils weil beide nicht Vorstädte, wir sahen über einen grünen Gartenzaun Georginen¬
85 1610 1784 1701 ot und tierischen Abfällen allein im Zimmer sind teils vor eigenem Erstaunen, nicht
1775 1641 2676 1699 büsche nicken, und wir fühlten schon Schnitzler.
88 1661 1798 1747 ndere gemacht hatten, nicht recht mit der Sprache heraus und macht deshalb vor seiner
1834 1668 2984 1744 In einem Sonett, das er dieser Tage an ihn richtete, rief
73 1703 605 1763 Arbeit dieses Mannes den
584 1718 1781 1777 eigenen Brust verzweifelt konvexe Bewegungen, die andeuten
1776 1709 2981 1795 Eulenberg aus, Schnitzler sei fast das „Einzige, wodurch wir
78 1744 1785 1830 agte er, „einer wie großen sollen: „Der Kerl dort ist kein Mann, er hat einen Busen!!“
1771 1775 2990 1824 draußen Wien noch kennten“. Das ist schon richtig; denn
93 1805 1782 1870 zu machen, daß diese Fi¬ Das — niemand wird es ernstlich in Abrede stellen wollen —
1775 1817 2987 1884 Schnitzler ist wirklich der einzige unter den Könnern, der in
117 1842 1783 1914 Diese Geschichte ist sich ist eine Schweinerei. Jetzt aber beobachtet nur, wie Girardi
1771 1861 2986 1924 Wien geblieben ist. Die Hofmannsthal, Beer=Hofmann, Wasser¬
118 1867 588 1936 Alexander Girardi an¬
589 1893 1786 1961 es bringt! Als ob ein Panzerturm von Keuschheit um sie her
1784 1906 2981 1959 mann, sie sind körperlich, postalisch, polizeilich in Wien ge¬
90 1918 604 1985 so weise wäre wie jener
589 1939 1782 2001 plötzlich aus der Erde wüchse, bewegen sich seine Hände. Keine
1770 1949 2985 2015 blieben; geistig aber haben sie nichts gemeinsam mit einer
93 1964 593 2033 jetzt, anläßlich des wiener
583 1985 1783 2044 Zote formt sich, sondern höchste Humanität: Gott hat den Mann
1780 1996 2977 2058 Stadt, in der sie kein Publikum haben, die nicht einmal ihre
107 2013 599 2073 sich über und über zu
588 2028 1781 2088 so geschaffen wie er die Frau nicht geschafsen hat; verehren wir
1777 2039 2984 2106 Bücher verlegt und die es ihnen übel nimmt, daß sie keine
95 2044 1777 2141 rch vollendete Kunst, die ihn auch darum; ihn, der die Ulme anders gemacht hat wie die
1779 2081 2983 2135 Texte für Fall und Lehär schreiben — sie leben in einem ide¬
568 2109 1779 2176 Eiche. Also'Religion. Also für das Herz gerettet, was unter
1765 2125 2980 2187 ellen Weimar. Und gar Karl Kraus? Er ist so wenig Wiener,
79 2116 585 2215 Gestalt von Shakespeare
589 2163 1443 2221 den Gürtel treffen sollte: höchste Humanität!
1775 2173 2975 2243 wie es im Jahre 1805 Napoleon war. Würde er nicht,
90 2179 593 2257 eines reinsten karrari¬
630 2188 1783 2276 Höchste Humanität: aus der kitschigen Operettensentimen¬
1775 2214 2982 2274 wenn er die Macht hätte, Kahlen= und Leopoldsberg mit Bat¬
91 2233 587 2301 wahr werdet ihr, die
581 2221 1785 2300 talität, daß sich ein Mann mit einem Kanarienvogel unter¬
1776 2255 2988 2325 terien besetzen lassen und das Tal in einer Sintflut von Kar¬
84 2274 601 2341 meißelnd, einem Mix¬
577 2299 1774 2361 hält, macht Girardi das grundlegende Zwiegespräch zwischen
1770 2300 2981 2358 tätschen ertränken? Aber Schnitzler, Schnitzler ist in Wien
76 2309 604 2387 Eck begegnen. Eng und
578 2331 1785 2402 Mensch und Tier über die Lasten des Daseins. (Wie er schon
1769 2340 2988 2423 geblieben und hat gleich Girardi die unscheinbare und schlechte
72 2363 586 2430 choulifläschchens ist dank
577 2379 2985 2456 vor Jahren seine berühmteste Leistung, das „Fiakerlied“, vor Materie aufgelesen und zur Sonne gehoben. Er hat voll¬
85 2407 588 2471 Welt schon geworden und
577 2423 2978 2492 ähnlich ungeheure Hintergründe gestellt hatte. Das Kutschieren bracht, wozu Peter Altenbergs Kraft nicht häufig genug aus¬
80 2455 587 2516 Emmertal: wer zum Bei¬
581 2471 1775 2528 als Gottesdienst, das Verwobensein mit dem Pferde als ein
1766 2460 2981 2524 reichte: das Talmi aus eigener Kraft in Gold zu verwandeln.
85 2492 591 2562 keiner Frau reuelos glück¬
578 2517 2983 2584 Schicksalsgeheiß, dies Auf=dem=Bocke=Sitzen ganz und gar um Auch ihm war es, in einer koketten und spielerischen Jugend,
76 2535 590 2605 Abt „dja, ßo a Weiberl is
573 2557 2978 2631 des Lebens und nicht um der Eitelkeit willen, das wur's, ihr nicht immer ernst darum. Aber längst ist Schnitzler nicht mehr
73 2582 2983 2649 Verkehr mit der Archi= Leute, was euch Tränen erpreßte; und nicht etwa die Glori= der Dichter des süßen Mädels. Eine Durchgottung ist hinzu¬
94 2633 1772 2710 n Wiens in den Straßen fizierung speziell wienerischen Fuhrwesens war daran schuld.)
1768 2650 2976 2711 getreten, eine begierdelose und schöne Ruhe, ein weiseres Ins¬
88 2675 587 2735 darf „Eiserner, eiserner
583 2692 1769 2754 Jenes Zwiegespräch mit dem Kanarienvogel wird von Girardi
1764 2698 2986 2767 Auge=Fassen der Tinge. Die wissen nichts von ihm, die nicht
90 2724 589 2783 höltnis an!“ Schon er¬
581 2720 1793 2793 nicht schlechter gespielt als Homer die Begegnung des
1773 2741 2977 2819 freudig bekennen, daß der heutige Schnitzler hundertmal be¬
87 2752 1765 2836 und Fiakern, Mizzi und Odysseus mit dem Hunde geschrieben hat — und gerade
1772 2781 2666 2856 deutender sei als der vor zwanzig Jahren.
91 2810 1776 2886 quälender bevölkert, Welt= hier erwächst für jeden Liebhaber des Schauspiels die Frage:
1822 2828 2964 2892 Was mir der Schnitzler von heute ist, wie fasse ich es ein?
87 2856 583 2919 en hoch erhoben, stürzen
583 2851 1772 2922 warum muß sich dieser Künstler überhaupt an so Unwürdiges
1763 2864 2974 2922 Ein Gleichnis muß herbei das mir einst von ihm träumte.
95 2904 587 2964 Gott aber, der weder das
577 2910 1770 2967 verschwenden? Wenn seine Natur ins Klassische sich schon nicht
1771 2918 2971 2986 In einer der sonderbaren Transpositionen, die Träume vielem
73 2943 591 3009 #te, hat ein Einsehen und
580 2956 1766 3029 fügen wollte, warum begibt er sich nicht in den Dienst des
1761 2957 2972 3029 zu geben pflegen, sah ich Schnitzler einmal als Sache: er war
89 2987 596 3060 durchaus nicht, wie man
574 2997 1767 3051 Mannes, der, als einziger gleich ihm, ein Wiener bleibend
1770 3001 2981 3074 ein englisches Landhaus im Wienerwald. Drinnen wurde in
97 3030 596 3092 ieners ist, sondern dessen
577 3038 1762 3097 das wiener Wesen geadelt und an Gott zurückgegeben hat?
1764 3055 2975 3115 weiß getäfeltem Raume von kühlen und freundlichen Diene¬
89 3074 574 3141 die Kultur, aus Große
570 3084 1778 3149 Warum bringt er uns nicht die Menschen Arthur Schnitzlers?
1764 3087 2975 3159 rinnen der Tisch gedeckt, eine weiße, sehr vornehme Katze
94 3130 590 3195 fardis zu Wien: daß er
635 3131 2981 3200 Arthur Schnitzler: wenn in den letzten Tagen unsere Ge- schnellte die Treppe herauf, dann wurde alles still, nur ein
84 3161 584 3232 Gott zurückgibt. Siehe,
575 3174 2979 3248 danken vom Parlamentskonflikt, vom dänischen Thronwechsel, Klavier erklang im leisen Zugwind. Es kam eine Schubert¬
92 3211 574 3267 ligbringergleichnis wäre,
578 3202 1775 3282 vom Türkenkrieg gleichwie in eine plötzlich aufgetane Heimat
1765 3223 2976 3280 weise zur Tür herein, sie lächelte durch das Fenster wieder
89 3249 588 3319 al Uebertreibung ist es.
570 3269 1767 3322 zu diesem stille leuchtenden Namen immer wieder zurückirrten
1760 3272 2964 3322 hinags; an vielen Fliederbüschen vorbei die Lindenallee ent¬
89 3301 2971 3352 #terie dieser Mann seine — da fühlten wir auf einmal, wie rettungslos von je die Taten lang zur Donau tauchend zerfloß sie am abendroten Himmel.
94 3345 1779 3432 hmen hat! Er befindet dieses nun Fünfzigjährigen unser Herz umstellt hatten. Eine
2252 3358 2935 3445 Heinrich Eduard Jacob.
