3344 4320
1813 128 2327 204 K—
1307 143 1460 214 —
1178 216 1629 315 box 39/1
183 226 1082 325 1. 50th Birthdar
741 699 2786 794 210 Seesssssssssssssssssssege Weltrundschau. S
1669 1500 2127 1580 A   e
1854 1984 2924 2054 Die deutsche Ijochseeflotte im Kieler Jafen, bestehend aus dem ersten und z
773 2018 884 2089 299
1790 2059 2817 2136 spiele“ ... Er hat das Sichnahen von Mann und Weib, die
771 2062 1781 2145 und lebensüberlegene „Komtesse Mizzi“, den feschen, lieben, gut¬
1801 2108 2825 2171 feelische Verschmelzung, hat tausend heimliche, noch unbemerkte
768 2127 1790 2202 mütigen und in seiner sophistischen Einfalt fast rührenden „Leut¬
1798 2155 2819 2207 Abstufungen der Entfernung voneinander gezeigt, hat den Rausch
771 2171 1792 2233 nant Gustl“, der Arthur Schnitzler viel Erbitterung einbrachte.
1801 2197 2836 2256 des jauchzend unbekümmerten Sichnehmens, Sichverschenkens
770 2219 1797 2268 Und vielleicht weit mehr noch ließen sich in Schnitzlers weitem
1798 2245 2828 2312 kraftschäumender Jugend, die zynisch müde Skruvellosigkeit der
777 2278 1793 2328 Reich als Typen nennen... Sie mögen als besondere, fest¬
1817 2278 2836 2348 Rones und der Verbrauchten gemalt und die letzten Schreie
775 2301 1789 2372 uuschriebene und gleich begeiffene Symbote noch rascher als die
1806 2332 2819 2391 der an tragischen Zwischenspielen Zerbrochenen erschütternd er¬
771 2342 1793 2423 Tichtungen selbst, aus denen sie kamen, dem Ruhm ihres
1800 2370 2837 2451 klingen lassen. Ein ganzer Reigen solcher Zwischenspiele hebt
778 2384 1799 2453 Schöpfers den Weg erzwungen haben. Aber für diese Dichtungen
1813 2416 2829 2484 an, wenn neben Anatols sorglosen, liebenswürdig gewissenlosen
780 2430 1806 2497 an sich, für das Schnitzlersche Künstlergut, das sich aus ihrem
1815 2460 2832 2523 Abenteuern die Violinspielerstochter Christine plötzlich sichtbar
777 2479 1796 2545 Zusammenschluß ergibt, mag das Typische gar nicht so wichtig
1820 2505 2841 2566 wird, die ihre Jugend in die Donau schleudert, nur weil sie
777 2524 1807 2591 sein. Man muß das Ganze überschauen, daraus sie tauchen,
1811 2545 2847 2619 die Schmach, nichts weiter als das Spielzeug, als die Liebelei
770 2570 1804 2631 darin sie vergleiten, und solchem Ganzen gegenüber, den Grund¬
1811 2589 2833 2658 eines Mannes gewesen zu sein, nie wieder wird vergessen können;
773 2612 1797 2690 motiven gegenüber, aus denen Schnitzlers Dichtung quilli,
1820 2658 2839 2704 wenn Baron Georg und die Klavierlehrerin Anna sich mild,
779 2654 1801 2715 bleiben sie nur Nebenerscheinung, fügsame Diener eines über¬
1814 2683 2844 2746 in ruhiger Klarheit finden, sich ganz verschenken, ganz erfüllen
780 2695 1802 2784 geordneten starken Beseelers, der auf seine Art noch einmal
1813 2726 2835 2787 und, als das Sichschenkenkönnen verlischt, sich abermals ruhig,
783 2759 1131 2821 das Weltbild malt.
1812 2766 2846 2836 klar und mild, feste Menschen einer festen, posefeindlichen Zeit,
841 2776 1806 2853 Unter Schnitzlers Dramen ein schmächtiges Bändchen:
1816 2814 2843 2879 den „Weg ins Freie“ voneinander bahnen ... Ein Zwischen¬
790 2836 1802 2912 „Marionetten“... Abenteuerliche Geschichten werden da er¬
1813 2866 2832 2930 spiel das Schicksal der „Frau Verta Garlan“, die ihren Violin¬
787 2878 1814 2951 zählt, vor allem die vom „großen Wurstel“ im Wiener Prater,
1816 2903 2845 2973 virtnosen liebt, verliert, spät, de der Mann ihr starb, ihn
792 2928 1806 2992 von dessen Bühne „der Unbekannte“ Marionetten und Publikum
1817 2953 2844 3008 abermals gewinnt und abermals verliert ... Sie alle, alle:
787 2970 1818 3038 an den gleichen Drähten so lange lenkt, bis er es vorzieht,
1817 2989 2839 3062 die „Frau des Weisen“, die als Episode, als gespenstische Er¬
791 3012 1813 3077 mit einem Schwerthieb alle Drähte zu zerschneiden und die
1811 3034 2845 3104 innerung dem sehnsuchtdurchglühten Mann in dem Augenblick
787 3058 1817 3118 Menschengruppen und die toten Puppen bunt und willenlos
1811 3081 2843 3148 zerstiebt, da er nach Jahren sie umarmen soll, der Anbeter
790 3104 1812 3165 durcheinander kollern zu lassen, vom „Puppenspieler“, der sich
1823 3129 2846 3196 der Sängerin aus den „Dämmerseelen“, der immerzu warten
788 3153 1807 3217 sein Herrentum über seinen Willen und den aller anderen,
1827 3168 2835 3235 muß im Anblick der ungezählten Begünstigteren, der Liebhaber,
798 3211 1819 3266 seine Gewalt über Wirklichkeit und Schicksale einredet und,
1825 3221 2845 3282 der seine tote Geliebte nicht mehr sehen darf, weil sie die Frau
791 3238 1815 3300 unbelehrt von dieser andersgearteten Wirklichkeit, sich nur
1827 3257 2832 3327 eines anderen, sie nicht mehr sehen kann, weil er den Vorwurf
792 3278 1821 3352 deshalb zäh in seinen Wahn verbeißt, um lieber ein bewußt
1822 3301 2806 3371 einer feig verschleierten Episode von den toten Lippen hört —
792 3324 1814 3403 eingebildetes Dasein, als eines voll Wirklichkeitswunden und
1827 3343 2836 3413 sie alle, alle wirbeln vorbei in Zwischenspielen tragischer, schwer¬
794 3372 1816 3440 Verzweiflung leben zu müssen... Gegen halbhellen Hinter¬
1819 3403 2551 3465 mütiger, grotesker, oft burlesker Art ...
804 3417 1815 3489 grund heben die drei Einakter sich ab, fast holzschnitthaft, mit
1882 3411 2842 3505 Das Leben bringt sie zueinander, reißt sie, hebt sie sanster
801 3452 1827 3526 glühend untermalten Linien: voll mystischer Veionung und tieferer
1827 3479 2849 3556 voneinander fort. Tausendsach spielen die Fäden, schlingen sich
800 3499 1824 3562 Bedeutung. In Schnitzlers ganzem Schaffen herrscht „der
1827 3524 2849 3606 unmerklich ineinander, laufen eine Zeitlang eng verschwistert,
801 3546 1825 3601 Unbekannte“ aus dem Wiener Wurstelprater. Nur müßte man
1828 3569 2845 3633 lösen sich und finden sich wieder. Schöpferisch ist dies Leben,
803 3592 1820 3660 ihn dort „Leben“ heißen, und die Weisheiten, die er unter die
1832 3622 2835 3693 vernichterisch ist es: Zufälle würseln mit den Losen, auf Stim¬
798 3642 1816 3702 Marionetten bringt, die sie darum noch nicht immer begreisen,
1833 3657 2852 3738 mungen, hinter dämpfendem Flor blinken Andeutungen, Be¬
797 3685 1747 3757 sind die Weisheiten vom Lieben und vom Sterben ...
1829 3701 2850 3776 gegnungen auf, die Schicksale werden. Dies ist die Meister¬
853 3716 1829 3789 Die Liebe bei Schnitzler könnte freilich, wie er's selbst in
789 3743 2862 3852 einem Tramentitel nannte, auch noch anders heißen: „Zwischen= schaft Arthur Schnitzlers, daß er niemals den Wegen des Lebens
2124 4104 2457 4177 Werech-wnr var eeen e
1488 4116 1672 4179 e
2821 4102 2922 4168 AE
