<?xml version="1.0" encoding="UTF-8" standalone="yes"?>
<PcGts xmlns="http://schema.primaresearch.org/PAGE/gts/pagecontent/2013-07-15" xmlns:xsi="http://www.w3.org/2001/XMLSchema-instance" xsi:schemaLocation="http://schema.primaresearch.org/PAGE/gts/pagecontent/2013-07-15 http://schema.primaresearch.org/PAGE/gts/pagecontent/2013-07-15/pagecontent.xsd">
    <Metadata>
        <Creator>prov=University of Rostock/Institute of Mathematics/CITlab/Gundram Leifert/gundram.leifert@uni-rostock.de:name=ONB_Newseye_GT_M1+(htr_id=10810)::::v=2.4.2
prov=University of Rostock/Institute of Mathematics/CITlab/Tobias Gruening/tobias.gruening@uni-rostock.de:name=de.uros.citlab.module.baseline2polygon.B2PSeamMultiOriented:v=2.4.2
prov=University of Rostock/Institute of Mathematics/CITlab/Tobias Gruening/tobias.gruening@uni-rostock.de:name=/mnt/transkribus/LA/DEA/URO/LA_news_onb_att.pb:de.uros.citlab.segmentation.CITlab_LA_ML:v=2.4.2
Transkribus</Creator>
        <Created>2019-10-07T20:32:12.111+02:00</Created>
        <LastChange>2019-10-09T04:49:56.862+02:00</LastChange>
        <TranskribusMetadata docId="224436" pageId="9576719" pageNr="198" tsid="16622423" status="IN_PROGRESS" userId="40391" imgUrl="https://files.transkribus.eu/Get?id=MZQTSOQUISBOJRHGXETHEPMH&amp;fileType=view" xmlUrl="https://files.transkribus.eu/Get?id=KGYYLLZSMFOJDCFTGBJDWOLV" imageId="6207519"/>
    </Metadata>
    <Page imageFilename="224436_0198.jpeg" imageWidth="3344" imageHeight="4320">
        <ReadingOrder>
            <OrderedGroup id="ro_1711442982109" caption="Regions reading order">
                <RegionRefIndexed index="0" regionRef="r1"/>
                <RegionRefIndexed index="1" regionRef="r2"/>
            </OrderedGroup>
        </ReadingOrder>
        <TextRegion orientation="0.0" id="r1" custom="readingOrder {index:0;}">
            <Coords points="156,248 156,4207 2871,4207 2871,248"/>
            <TextLine id="r1l1" custom="readingOrder {index:0;}">
                <Coords points="1135,300 1168,288 1216,309 1246,288 1302,300 1347,282 1491,302 1520,284 1547,296 1598,266 1598,234 1455,201 1398,210 1350,249 1308,231 1261,240 1213,210 1135,225"/>
                <Baseline points="1151,277 1176,276 1201,276 1227,275 1252,275 1278,275 1303,275 1328,276 1354,276 1379,276 1405,277 1430,277 1455,277 1481,277 1506,276 1532,275 1557,274 1583,272"/>
                <TextEquiv>
                    <Unicode>box 39/1</Unicode>
                </TextEquiv>
            </TextLine>
            <TextLine id="r1l2" custom="readingOrder {index:1;}">
                <Coords points="140,308 782,338 1000,299 1000,254 869,221 561,218 511,254 376,224 272,269 140,242"/>
                <Baseline points="156,290 197,294 238,297 280,300 321,301 363,303 404,303 445,304 487,304 528,304 570,303 611,302 652,302 694,301 735,300 777,299 818,298 859,298 901,298 942,298 984,298"/>
                <TextEquiv>
                    <Unicode>1. 50th Birthdar</Unicode>
                </TextEquiv>
            </TextLine>
            <TextLine id="r1l3" custom="readingOrder {index:2;}">
                <Coords points="436,610 1550,586 1550,541 1257,507 436,529"/>
                <Baseline points="451,579 505,583 559,586 613,589 667,591 722,592 776,593 830,593 884,593 938,593 993,592 1047,591 1101,590 1155,589 1209,588 1264,586 1318,585 1372,584 1426,582 1480,581 1535,580"/>
                <TextEquiv>
                    <Unicode>hnitt Fagesbote aus Mähren und Schlosien</Unicode>
                </TextEquiv>
            </TextLine>
            <TextLine id="r1l4" custom="readingOrder {index:3;}">
                <Coords points="969,673 1010,662 1046,676 1094,664 1130,672 1156,655 1171,655 1169,619 1148,620 1130,606 1124,612 1090,593 1064,612 1025,596 1013,603 1004,597 965,602"/>
                <Baseline points="982,668 1011,662 1040,658 1069,656 1098,656 1127,657 1156,658"/>
                <TextEquiv>
                    <Unicode>Brünn.</Unicode>
                </TextEquiv>
            </TextLine>
            <TextLine id="r1l5" custom="readingOrder {index:4;}">
                <Coords points="529,670 621,692 654,672 797,686 880,713 982,681 985,606 848,607 796,626 722,603 662,622 647,612 629,629 588,607 531,608"/>
                <Baseline points="544,665 570,667 596,668 623,669 649,671 676,673 702,674 729,676 755,678 781,680 808,680 834,681 861,681 887,681 914,680 940,678 967,675"/>
                <TextEquiv>
                    <Unicode>11. MAl. 1912</Unicode>
                </TextEquiv>
            </TextLine>
            <TextLine id="r1l6" custom="readingOrder {index:5;}">
                <Coords points="2341,721 2523,716 2522,656 2471,658 2462,664 2450,652 2438,659 2429,650 2417,650 2379,678 2340,676"/>
                <Baseline points="2357,713 2382,714 2407,713 2433,712 2458,711 2483,710 2509,711"/>
                <TextEquiv>
                    <Unicode></Unicode>
                </TextEquiv>
            </TextLine>
            <TextLine id="r1l7" custom="readingOrder {index:6;}">
                <Coords points="2065,728 2083,727 2085,723 2097,720 2103,722 2106,719 2112,724 2136,723 2132,660 2117,661 2101,650 2084,664 2078,658 2060,659"/>
                <Baseline points="2078,720 2122,717"/>
                <TextEquiv>
                    <Unicode>—*</Unicode>
                </TextEquiv>
            </TextLine>
            <TextLine id="r1l8" custom="readingOrder {index:7;}">
                <Coords points="885,738 1192,730 1230,705 1228,654 1172,665 1160,653 1128,673 1088,665 1041,688 963,679 937,698 883,700"/>
                <Baseline points="901,731 927,729 953,728 979,727 1005,725 1031,724 1058,722 1084,721 1110,720 1136,720 1162,720 1188,720 1215,721"/>
                <TextEquiv>
                    <Unicode>Abendblatt</Unicode>
                </TextEquiv>
            </TextLine>
            <TextLine id="r1l9" custom="readingOrder {index:8;}">
                <Coords points="1843,768 1870,777 1891,771 1908,789 1938,792 1980,765 1998,780 2100,769 2130,781 2130,724 2076,727 2067,718 2043,727 1998,700 1942,702 1918,684 1897,696 1843,690"/>
                <Baseline points="1857,757 1882,757 1908,757 1934,758 1959,758 1985,758 2011,759 2036,759 2062,758 2088,758 2114,756"/>
                <TextEquiv>
                    <Unicode>muneeenennanemt mummechen</Unicode>
                </TextEquiv>
            </TextLine>
            <TextLine id="r1l10" custom="readingOrder {index:9;}">
                <Coords points="786,790 801,789 816,798 833,782 866,783 863,724 848,724 845,721 834,731 822,731 807,738 804,735 783,736"/>
                <Baseline points="800,770 825,769 850,768"/>
                <TextEquiv>
                    <Unicode>1</Unicode>
                </TextEquiv>
            </TextLine>
            <TextLine id="r1l11" custom="readingOrder {index:10;}">
                <Coords points="407,800 452,794 470,809 482,797 566,789 580,804 598,804 599,744 485,750 438,737 408,740"/>
                <Baseline points="423,777 450,777 477,777 504,777 531,778 558,778 585,777"/>
                <TextEquiv>
                    <Unicode>S enn</Unicode>
                </TextEquiv>
            </TextLine>
            <TextLine id="r1l12" custom="readingOrder {index:11;}">
                <Coords points="1698,844 2830,830 2829,776 2710,763 1697,785"/>
                <Baseline points="1713,833 1768,834 1823,834 1878,835 1933,834 1988,834 2043,833 2098,833 2153,832 2208,831 2264,830 2319,829 2374,828 2429,827 2484,826 2539,825 2594,824 2649,824 2704,823 2759,823 2815,824"/>
                <TextEquiv>
                    <Unicode>Hier ist er geboren und aufgewachsen, Sohn eines</Unicode>
                </TextEquiv>
            </TextLine>
            <TextLine id="r1l13" custom="readingOrder {index:12;}">
                <Coords points="1619,898 2700,898 2831,842 1618,838"/>
                <Baseline points="1633,889 1692,888 1751,888 1810,887 1869,887 1928,886 1987,885 2046,885 2105,884 2164,883 2224,883 2283,882 2342,881 2401,880 2460,880 2519,878 2578,877 2637,876 2696,875 2755,873 2815,872"/>
                <TextEquiv>
                    <Unicode>Arztes, Bruder eines Professors der Medizin und selber</Unicode>
                </TextEquiv>
            </TextLine>
            <TextLine id="r1l14" custom="readingOrder {index:13;}">
                <Coords points="418,917 1625,923 1624,839 417,849"/>
                <Baseline points="434,905 492,904 551,903 610,903 669,902 727,901 786,901 845,900 904,899 962,899 1021,898 1080,898 1139,897 1197,896 1256,895 1315,894 1374,893 1432,892 1491,891 1550,890 1609,889"/>
                <TextEquiv>
                    <Unicode>Zu Artur Schnitzlers So. Geburtstag.</Unicode>
                </TextEquiv>
            </TextLine>
            <TextLine id="r1l15" custom="readingOrder {index:14;}">
                <Coords points="1625,945 2727,943 2828,926 2827,870 1624,897"/>
                <Baseline points="1639,937 1697,937 1756,937 1815,937 1873,936 1932,936 1991,936 2049,935 2108,934 2167,934 2226,933 2284,932 2343,931 2402,930 2460,929 2519,927 2578,926 2636,924 2695,922 2754,920 2813,918"/>
                <TextEquiv>
                    <Unicode>ein Arzt, der selber einmal von sich gesagt, er hätte ohne</Unicode>
                </TextEquiv>
            </TextLine>
            <TextLine id="r1l16" custom="readingOrder {index:15;}">
                <Coords points="747,967 866,986 896,962 956,959 977,979 1027,961 1236,968 1293,952 1293,923 1110,903 746,928"/>
                <Baseline points="761,952 786,953 812,953 838,954 864,954 890,954 916,955 942,955 968,955 994,955 1020,954 1045,954 1071,954 1097,953 1123,953 1149,952 1175,952 1201,951 1227,949 1253,948 1279,947"/>
                <TextEquiv>
                    <Unicode>Von Dr. Hans Wautoch.</Unicode>
                </TextEquiv>
            </TextLine>
            <TextLine id="r1l17" custom="readingOrder {index:16;}">
                <Coords points="1623,996 2830,977 2829,929 2775,927 1623,952"/>
                <Baseline points="1638,988 1696,987 1755,986 1814,984 1873,984 1932,983 1991,982 2050,981 2109,981 2168,980 2227,979 2285,979 2344,978 2403,977 2462,977 2521,976 2580,975 2639,974 2698,973 2757,971 2816,970"/>
                <TextEquiv>
                    <Unicode>diese wissenschaftliche Kenntnis nie sein „Sterben“ und nie</Unicode>
                </TextEquiv>
            </TextLine>
            <TextLine id="r1l18" custom="readingOrder {index:17;}">
                <Coords points="511,1033 1628,1011 1627,978 1541,958 845,981 510,947"/>
                <Baseline points="527,1017 581,1017 635,1017 689,1017 744,1016 798,1016 852,1016 906,1016 961,1016 1015,1015 1069,1015 1123,1015 1178,1014 1232,1013 1286,1012 1340,1011 1395,1010 1449,1008 1503,1006 1557,1004 1612,1002"/>
                <TextEquiv>
                    <Unicode>Ein Stück Wien ist in seine Werke versponnen. The¬</Unicode>
                </TextEquiv>
            </TextLine>
            <TextLine id="r1l19" custom="readingOrder {index:18;}">
                <Coords points="1634,1049 2771,1036 2840,1017 2839,981 1633,1016"/>
                <Baseline points="1649,1040 1707,1038 1766,1036 1825,1034 1884,1033 1943,1032 2001,1031 2060,1030 2119,1030 2178,1029 2237,1029 2295,1029 2354,1028 2413,1028 2472,1027 2531,1026 2589,1025 2648,1024 2707,1022 2766,1020 2825,1017"/>
                <TextEquiv>
                    <Unicode>„Die letzten Masken“ dichten können. Wo die Stadt ins</Unicode>
                </TextEquiv>
            </TextLine>
            <TextLine id="r1l20" custom="readingOrder {index:19;}">
                <Coords points="426,1071 1627,1058 1593,1014 426,1026"/>
                <Baseline points="442,1070 500,1070 559,1069 617,1068 676,1068 734,1067 793,1067 851,1067 910,1066 968,1066 1027,1065 1086,1065 1144,1064 1203,1064 1261,1063 1320,1062 1378,1061 1437,1060 1495,1059 1554,1058 1613,1056"/>
                <TextEquiv>
                    <Unicode>resianische Zärtlichkeiten singen in seinem Blut, und von</Unicode>
                </TextEquiv>
            </TextLine>
            <TextLine id="r1l21" custom="readingOrder {index:20;}">
                <Coords points="1631,1097 2724,1085 2831,1071 2831,1020 1630,1049"/>
                <Baseline points="1646,1088 1704,1086 1763,1085 1821,1083 1880,1082 1938,1081 1997,1081 2055,1080 2114,1079 2172,1079 2231,1078 2289,1078 2348,1077 2406,1076 2465,1076 2523,1075 2582,1074 2640,1073 2699,1071 2757,1069 2816,1068"/>
                <TextEquiv>
                    <Unicode>Land verrinnt und die sanften Hügelketten des Kahlen¬</Unicode>
                </TextEquiv>
            </TextLine>
            <TextLine id="r1l22" custom="readingOrder {index:21;}">
                <Coords points="428,1129 1628,1107 1627,1059 427,1069"/>
                <Baseline points="442,1123 500,1121 559,1120 617,1118 676,1117 734,1116 793,1115 851,1115 910,1114 968,1113 1027,1113 1085,1113 1144,1112 1202,1111 1261,1111 1319,1110 1378,1109 1436,1108 1495,1106 1553,1105 1612,1103"/>
                <TextEquiv>
                    <Unicode>der Darstellung des modernen Lebens weicht er immer</Unicode>
                </TextEquiv>
            </TextLine>
            <TextLine id="r1l23" custom="readingOrder {index:22;}">
                <Coords points="1632,1153 2842,1147 2820,1076 1632,1099"/>
                <Baseline points="1647,1142 1709,1139 1771,1136 1833,1134 1895,1132 1957,1131 2019,1130 2081,1129 2143,1129 2205,1128 2267,1128 2329,1128 2391,1127 2453,1127 2515,1126 2577,1125 2639,1124 2701,1123 2763,1120 2826,1118"/>
                <TextEquiv>
                    <Unicode>gebirges den Menschen in die Fenster schauen, dort ist sein</Unicode>
                </TextEquiv>
            </TextLine>
            <TextLine id="r1l24" custom="readingOrder {index:23;}">
                <Coords points="417,1156 504,1187 1630,1159 1629,1105 417,1135"/>
                <Baseline points="432,1171 491,1170 550,1168 609,1167 668,1166 727,1165 786,1165 845,1164 904,1164 963,1163 1023,1162 1082,1162 1141,1161 1200,1160 1259,1160 1318,1158 1377,1157 1436,1156 1495,1154 1554,1152 1614,1150"/>
                <TextEquiv>
                    <Unicode>mehr im „Medardus“, im „Ruf des Lebens“ in jene still</Unicode>
                </TextEquiv>
            </TextLine>
            <TextLine id="r1l25" custom="readingOrder {index:24;}">
                <Coords points="1633,1199 2837,1173 2836,1125 2722,1121 1633,1152"/>
                <Baseline points="1647,1191 1705,1189 1764,1187 1823,1185 1882,1184 1941,1182 1999,1181 2058,1180 2117,1179 2176,1179 2235,1178 2293,1177 2352,1176 2411,1176 2470,1175 2529,1174 2587,1173 2646,1172 2705,1170 2764,1169 2823,1167"/>
                <TextEquiv>
                    <Unicode>Heim, von dem ein bestrickendes Aroma Altwiener Patri¬</Unicode>
                </TextEquiv>
            </TextLine>
            <TextLine id="r1l26" custom="readingOrder {index:25;}">
                <Coords points="423,1225 1629,1218 1628,1161 1583,1158 885,1192 422,1162"/>
                <Baseline points="436,1221 494,1219 553,1218 612,1216 671,1216 730,1215 789,1214 847,1213 906,1213 965,1212 1024,1211 1083,1211 1142,1210 1201,1210 1259,1209 1318,1208 1377,1207 1436,1206 1495,1205 1554,1204 1613,1202"/>
                <TextEquiv>
                    <Unicode>verrinnenden Zeiten zurück, in denen sich der Begriff</Unicode>
                </TextEquiv>
            </TextLine>
            <TextLine id="r1l27" custom="readingOrder {index:26;}">
                <Coords points="1629,1249 2477,1240 2534,1209 2761,1235 2838,1212 2837,1159 1628,1195"/>
                <Baseline points="1645,1240 1707,1239 1769,1238 1831,1236 1893,1235 1955,1234 2017,1233 2079,1232 2141,1231 2203,1230 2265,1229 2327,1228 2389,1227 2451,1226 2513,1225 2575,1224 2637,1222 2699,1221 2761,1219 2824,1217"/>
                <TextEquiv>
                    <Unicode>ziertums, mit einem Schuß Makartbukett und Perser¬</Unicode>
                </TextEquiv>
            </TextLine>
            <TextLine id="r1l28" custom="readingOrder {index:27;}">
                <Coords points="430,1272 1616,1261 1615,1216 1442,1204 430,1221"/>
                <Baseline points="444,1271 501,1269 559,1268 617,1267 675,1266 733,1265 791,1264 848,1263 906,1263 964,1262 1022,1261 1080,1261 1138,1260 1196,1260 1253,1259 1311,1258 1369,1257 1427,1256 1485,1254 1543,1253 1601,1251"/>
                <TextEquiv>
                    <Unicode>österreichisch und der Begriff wienerisch durch Schubert¬</Unicode>
                </TextEquiv>
            </TextLine>
            <TextLine id="r1l29" custom="readingOrder {index:28;}">
                <Coords points="1627,1288 2831,1269 2830,1212 1627,1246"/>
                <Baseline points="1641,1286 1699,1286 1758,1286 1817,1286 1876,1285 1934,1285 1993,1284 2052,1282 2111,1281 2169,1280 2228,1279 2287,1278 2346,1277 2404,1275 2463,1274 2522,1273 2581,1273 2639,1272 2698,1271 2757,1271 2816,1271"/>
                <TextEquiv>
                    <Unicode>teppich, ausgeht. Die ganze Längswand des Arbeitszimmers,</Unicode>
                </TextEquiv>
            </TextLine>
            <TextLine id="r1l30" custom="readingOrder {index:29;}">
                <Coords points="429,1317 1627,1317 1596,1258 429,1276"/>
                <Baseline points="444,1319 502,1317 560,1317 619,1315 677,1315 736,1313 794,1313 852,1312 911,1311 969,1310 1028,1310 1086,1309 1144,1308 1203,1308 1261,1307 1320,1306 1378,1306 1436,1305 1495,1304 1553,1304 1612,1303"/>
                <TextEquiv>
                    <Unicode>weisen und Grillparzer=Dichtungen am besten erfüllt hat,</Unicode>
                </TextEquiv>
            </TextLine>
            <TextLine id="r1l31" custom="readingOrder {index:30;}">
                <Coords points="1628,1345 2840,1308 2839,1261 1627,1292"/>
                <Baseline points="1643,1338 1702,1336 1761,1334 1820,1333 1879,1332 1938,1331 1997,1330 2056,1329 2115,1329 2174,1328 2233,1327 2292,1326 2351,1326 2410,1325 2469,1324 2528,1323 2587,1322 2646,1321 2705,1319 2764,1318 2824,1316"/>
                <TextEquiv>
                    <Unicode>dreifach hintereinandergereiht, nehmen die Bücher und Foli¬</Unicode>
                </TextEquiv>
            </TextLine>
            <TextLine id="r1l32" custom="readingOrder {index:31;}">
                <Coords points="430,1370 1630,1352 1629,1308 1522,1303 429,1317"/>
                <Baseline points="444,1367 502,1367 561,1366 619,1366 678,1365 737,1365 795,1364 854,1363 912,1363 971,1362 1030,1361 1088,1361 1147,1360 1205,1359 1264,1358 1323,1357 1381,1355 1440,1354 1498,1352 1557,1350 1616,1348"/>
                <TextEquiv>
                    <Unicode>in denen das harte, feste, kantige Dasein in Versonnen¬</Unicode>
                </TextEquiv>
            </TextLine>
            <TextLine id="r1l33" custom="readingOrder {index:32;}">
                <Coords points="1636,1394 2750,1385 2854,1365 2853,1309 1635,1352"/>
                <Baseline points="1652,1388 1711,1387 1770,1385 1830,1384 1889,1383 1949,1382 2008,1381 2067,1380 2127,1379 2186,1379 2246,1378 2305,1377 2364,1376 2424,1375 2483,1374 2543,1372 2602,1371 2661,1369 2721,1367 2780,1365 2840,1363"/>
                <TextEquiv>
                    <Unicode>anten ein, unter denen historische Werke die Üüberzahl!</Unicode>
                </TextEquiv>
            </TextLine>
            <TextLine id="r1l34" custom="readingOrder {index:33;}">
                <Coords points="430,1418 1571,1416 1627,1407 1627,1353 429,1376"/>
                <Baseline points="446,1420 504,1418 562,1416 620,1415 679,1413 737,1412 795,1410 854,1409 912,1408 970,1408 1029,1407 1087,1406 1145,1405 1203,1405 1262,1404 1320,1404 1378,1403 1437,1403 1495,1402 1553,1402 1612,1402"/>
                <TextEquiv>
                    <Unicode>heit, in Traum und Märchen vergleitet. Denn es sind</Unicode>
                </TextEquiv>
            </TextLine>
            <TextLine id="r1l35" custom="readingOrder {index:34;}">
                <Coords points="1628,1448 2694,1436 2802,1422 2843,1361 1627,1385"/>
                <Baseline points="1643,1438 1702,1437 1761,1435 1820,1434 1880,1433 1939,1432 1998,1431 2058,1430 2117,1429 2176,1428 2236,1428 2295,1427 2354,1426 2413,1425 2473,1424 2532,1423 2591,1422 2651,1421 2710,1419 2769,1417 2829,1415"/>
                <TextEquiv>
                    <Unicode>bilden; deren Geschichte ist nun die Lieblingslektüre und</Unicode>
                </TextEquiv>
            </TextLine>
            <TextLine id="r1l36" custom="readingOrder {index:35;}">
                <Coords points="424,1460 1598,1465 1633,1401 423,1419"/>
                <Baseline points="440,1467 502,1466 564,1465 626,1464 688,1464 750,1463 812,1462 874,1461 936,1460 998,1459 1060,1459 1122,1458 1184,1457 1246,1456 1308,1455 1370,1454 1432,1453 1494,1452 1556,1451 1619,1449"/>
                <TextEquiv>
                    <Unicode>immer Märchen gewesen, was Schnitzler geschrieben hat.</Unicode>
                </TextEquiv>
            </TextLine>
            <TextLine id="r1l37" custom="readingOrder {index:36;}">
                <Coords points="1630,1486 2765,1484 2845,1453 2844,1396 2546,1443 1629,1447"/>
                <Baseline points="1645,1487 1704,1486 1763,1485 1822,1483 1882,1482 1941,1481 2000,1480 2059,1479 2119,1479 2178,1478 2237,1477 2296,1476 2356,1475 2415,1474 2474,1473 2533,1472 2593,1471 2652,1469 2711,1468 2770,1466 2830,1465"/>
                <TextEquiv>
                    <Unicode>das intensivste Studium des Arztes von einst. Da vergehen</Unicode>
                </TextEquiv>
            </TextLine>
            <TextLine id="r1l38" custom="readingOrder {index:37;}">
                <Coords points="417,1517 991,1538 1638,1499 1637,1457 1524,1444 1223,1481 416,1469"/>
                <Baseline points="432,1519 491,1517 551,1516 610,1514 670,1513 729,1512 789,1511 848,1510 908,1509 967,1508 1027,1507 1086,1506 1146,1505 1205,1505 1265,1504 1324,1503 1384,1503 1443,1502 1503,1502 1562,1501 1622,1500"/>
                <TextEquiv>
                    <Unicode>Auch dort, wo er den Vibrationen der allergegenwärtigsten</Unicode>
                </TextEquiv>
            </TextLine>
            <TextLine id="r1l39" custom="readingOrder {index:38;}">
                <Coords points="1641,1542 2835,1526 2783,1473 1640,1494"/>
                <Baseline points="1656,1537 1714,1536 1772,1535 1830,1533 1888,1532 1946,1531 2004,1530 2063,1529 2121,1528 2179,1528 2237,1527 2295,1525 2353,1525 2411,1523 2470,1522 2528,1522 2586,1520 2644,1519 2702,1518 2760,1516 2819,1515"/>
                <TextEquiv>
                    <Unicode>ihm täglich viele Stunden ernster Arbeit, die den Wienern,</Unicode>
                </TextEquiv>
            </TextLine>
            <TextLine id="r1l40" custom="readingOrder {index:39;}">
                <Coords points="415,1574 1633,1559 1632,1511 414,1517"/>
                <Baseline points="430,1565 489,1565 548,1564 608,1563 667,1563 726,1562 786,1561 845,1560 904,1559 964,1558 1023,1557 1082,1556 1142,1555 1201,1554 1260,1553 1320,1552 1379,1551 1438,1551 1498,1550 1557,1550 1617,1550"/>
                <TextEquiv>
                    <Unicode>Seele nachgespürt hat, im „Zwischenspiel“ etwa, da drang</Unicode>
                </TextEquiv>
            </TextLine>
            <TextLine id="r1l41" custom="readingOrder {index:40;}">
                <Coords points="1644,1596 2563,1598 2838,1558 2819,1522 1643,1542"/>
                <Baseline points="1657,1584 1715,1584 1773,1584 1831,1584 1890,1583 1948,1583 2006,1582 2065,1581 2123,1580 2181,1579 2240,1578 2298,1577 2356,1575 2414,1574 2473,1573 2531,1572 2589,1570 2648,1569 2706,1568 2764,1567 2823,1566"/>
                <TextEquiv>
                    <Unicode>die ihn immer noch als den Schöpfer des „süßen Mädels“</Unicode>
                </TextEquiv>
            </TextLine>
            <TextLine id="r1l42" custom="readingOrder {index:41;}">
                <Coords points="424,1615 1634,1606 1633,1556 1582,1553 423,1571"/>
                <Baseline points="438,1612 497,1613 556,1613 615,1613 674,1613 733,1612 792,1611 851,1611 910,1610 969,1609 1029,1608 1088,1607 1147,1605 1206,1604 1265,1603 1324,1602 1383,1601 1442,1600 1501,1599 1560,1599 1620,1598"/>
                <TextEquiv>
                    <Unicode>er so tief und so innig ins heimliche Fühlen, daß es ihm</Unicode>
                </TextEquiv>
            </TextLine>
            <TextLine id="r1l43" custom="readingOrder {index:42;}">
                <Coords points="1644,1644 2851,1629 2849,1564 2804,1546 2569,1598 1643,1596"/>
                <Baseline points="1660,1636 1718,1636 1777,1636 1836,1635 1895,1635 1954,1634 2012,1633 2071,1632 2130,1631 2189,1630 2248,1629 2306,1628 2365,1626 2424,1625 2483,1624 2542,1623 2600,1622 2659,1621 2718,1619 2777,1619 2836,1618"/>
                <TextEquiv>
                    <Unicode>als den Schnitzler der Liebelei, des Reigen, des Anatol</Unicode>
                </TextEquiv>
            </TextLine>
            <TextLine id="r1l44" custom="readingOrder {index:43;}">
                <Coords points="428,1662 1631,1657 1630,1610 1538,1599 630,1638 427,1606"/>
                <Baseline points="442,1665 500,1665 559,1664 617,1663 676,1663 735,1662 793,1661 852,1660 911,1659 969,1658 1028,1657 1087,1656 1145,1655 1204,1654 1263,1653 1321,1652 1380,1651 1439,1650 1497,1649 1556,1647 1615,1646"/>
                <TextEquiv>
                    <Unicode>langsam und sacht ins Ungewisse, ins Unwahrscheinliche</Unicode>
                </TextEquiv>
            </TextLine>
            <TextLine id="r1l45" custom="readingOrder {index:44;}">
                <Coords points="1643,1695 2840,1661 2839,1616 1642,1644"/>
                <Baseline points="1659,1691 1717,1690 1775,1688 1833,1687 1892,1685 1950,1684 2008,1683 2067,1682 2125,1681 2183,1679 2242,1678 2300,1677 2358,1676 2416,1674 2475,1673 2533,1671 2591,1670 2650,1668 2708,1667 2766,1665 2825,1663"/>
                <TextEquiv>
                    <Unicode>sehen, höchst verwunderlich wären; er aber sagt mit einer</Unicode>
                </TextEquiv>
            </TextLine>
            <TextLine id="r1l46" custom="readingOrder {index:45;}">
                <Coords points="419,1717 1613,1710 1636,1652 418,1678"/>
                <Baseline points="432,1714 491,1713 550,1712 610,1711 669,1710 729,1709 788,1708 848,1707 907,1706 967,1705 1026,1705 1085,1704 1145,1703 1204,1702 1264,1701 1323,1700 1383,1699 1442,1698 1502,1697 1561,1695 1621,1694"/>
                <TextEquiv>
                    <Unicode>und Märchenhafte verflimmerte. Ein Märchen vom Lieben</Unicode>
                </TextEquiv>
            </TextLine>
            <TextLine id="r1l47" custom="readingOrder {index:46;}">
                <Coords points="1647,1745 2818,1739 2838,1670 1646,1697"/>
                <Baseline points="1661,1739 1719,1738 1777,1738 1835,1737 1893,1736 1951,1735 2009,1734 2068,1732 2126,1731 2184,1730 2242,1729 2300,1727 2358,1726 2416,1724 2475,1723 2533,1722 2591,1721 2649,1720 2707,1720 2765,1719 2824,1719"/>
                <TextEquiv>
                    <Unicode>seltsam zusammengerafften Energie: „Man muß sich zur</Unicode>
                </TextEquiv>
            </TextLine>
            <TextLine id="r1l48" custom="readingOrder {index:47;}">
                <Coords points="430,1761 1637,1749 1636,1704 1588,1702 429,1717"/>
                <Baseline points="446,1763 504,1763 563,1762 622,1761 681,1761 740,1760 799,1759 857,1758 916,1758 975,1757 1034,1756 1093,1755 1152,1754 1211,1753 1269,1752 1328,1751 1387,1750 1446,1749 1505,1748 1564,1746 1623,1745"/>
                <TextEquiv>
                    <Unicode>und vom Sterben ist sein ganzes Werk. „Anatol“ war sein</Unicode>
                </TextEquiv>
            </TextLine>
            <TextLine id="r1l49" custom="readingOrder {index:48;}">
                <Coords points="1632,1790 2674,1789 2850,1747 2849,1718 1631,1743"/>
                <Baseline points="1647,1783 1706,1783 1765,1783 1825,1783 1884,1783 1944,1783 2003,1782 2062,1781 2122,1781 2181,1780 2241,1778 2300,1777 2359,1776 2419,1775 2478,1774 2538,1772 2597,1771 2656,1770 2716,1769 2775,1767 2835,1766"/>
                <TextEquiv>
                    <Unicode>Arbeit manchmal zwingen, jeden Tag sein Pensum; wenn</Unicode>
                </TextEquiv>
            </TextLine>
            <TextLine id="r1l50" custom="readingOrder {index:49;}">
                <Coords points="426,1800 671,1831 1635,1802 1634,1752 1539,1747 425,1758"/>
                <Baseline points="442,1812 500,1812 559,1812 618,1812 677,1811 736,1810 795,1809 854,1808 913,1807 972,1806 1031,1805 1089,1804 1148,1802 1207,1801 1266,1800 1325,1799 1384,1798 1443,1796 1502,1796 1561,1795 1620,1794"/>
                <TextEquiv>
                    <Unicode>erstes Buch, das Buch eines soignierten Flaneurs, eines</Unicode>
                </TextEquiv>
            </TextLine>
            <TextLine id="r1l51" custom="readingOrder {index:50;}">
                <Coords points="1633,1837 2843,1829 2842,1763 1633,1807"/>
                <Baseline points="1647,1833 1706,1833 1765,1832 1824,1832 1883,1832 1942,1831 2001,1830 2060,1830 2119,1829 2178,1828 2238,1827 2297,1826 2356,1825 2415,1824 2474,1823 2533,1822 2592,1821 2651,1820 2710,1819 2769,1818 2829,1817"/>
                <TextEquiv>
                    <Unicode>man einmal eine Sache hat, dann durch! Denn es ist wie</Unicode>
                </TextEquiv>
            </TextLine>
            <TextLine id="r1l52" custom="readingOrder {index:51;}">
                <Coords points="434,1865 978,1852 1080,1883 1617,1855 1643,1816 679,1836 433,1805"/>
                <Baseline points="448,1863 510,1862 572,1861 634,1860 696,1859 758,1858 820,1857 882,1856 944,1855 1006,1854 1068,1853 1130,1852 1192,1851 1254,1849 1316,1848 1378,1847 1440,1845 1502,1844 1564,1843 1627,1841"/>
                <TextEquiv>
                    <Unicode>homme à femwe, und „Sterben“, diese melancholische!</Unicode>
                </TextEquiv>
            </TextLine>
            <TextLine id="r1l53" custom="readingOrder {index:52;}">
                <Coords points="430,1918 2848,1884 2731,1818 429,1858"/>
                <Baseline points="446,1912 565,1911 684,1910 804,1908 923,1906 1043,1903 1162,1901 1281,1898 1401,1895 1520,1893 1640,1890 1759,1886 1878,1884 1998,1881 2117,1879 2237,1876 2356,1875 2475,1873 2595,1872 2714,1871 2834,1871"/>
                <TextEquiv>
                    <Unicode>Nachdenklichkeit, sein zweites. Er hat wundervoll tiefe bei dem Astronomen, der zu lange durchs Fernrohr schaut:</Unicode>
                </TextEquiv>
            </TextLine>
            <TextLine id="r1l54" custom="readingOrder {index:53;}">
                <Coords points="1641,1959 1978,1930 2552,1943 2629,1927 2629,1879 1640,1897"/>
                <Baseline points="1657,1932 1704,1932 1752,1932 1800,1932 1848,1932 1896,1931 1943,1931 1991,1931 2039,1930 2087,1930 2135,1929 2182,1929 2230,1928 2278,1927 2326,1926 2374,1925 2421,1924 2469,1922 2517,1921 2565,1919 2613,1917"/>
                <TextEquiv>
                    <Unicode>das Firmament beginnt plötzlich zu flimmern.“</Unicode>
                </TextEquiv>
            </TextLine>
            <TextLine id="r1l55" custom="readingOrder {index:54;}">
                <Coords points="429,1975 1641,1940 1640,1907 1541,1900 428,1918"/>
                <Baseline points="444,1966 503,1965 562,1963 621,1961 680,1960 739,1959 798,1957 857,1956 916,1955 975,1954 1035,1953 1094,1952 1153,1951 1212,1950 1271,1949 1330,1948 1389,1947 1448,1946 1507,1945 1566,1944 1626,1942"/>
                <TextEquiv>
                    <Unicode>Dinge über die Liebe gesagt und erstaunlich lässige, frap¬</Unicode>
                </TextEquiv>
            </TextLine>
            <TextLine id="r1l56" custom="readingOrder {index:55;}">
                <Coords points="1714,1992 2840,2007 2839,1944 2762,1924 1714,1953"/>
                <Baseline points="1728,1992 1782,1991 1837,1990 1892,1989 1947,1988 2002,1988 2057,1987 2112,1987 2167,1987 2222,1986 2277,1986 2331,1986 2386,1985 2441,1985 2496,1984 2551,1984 2606,1983 2661,1982 2716,1980 2771,1979 2826,1977"/>
                <TextEquiv>
                    <Unicode>Und diese Arbeitsmethode mag es auch sein, die den</Unicode>
                </TextEquiv>
            </TextLine>
            <TextLine id="r1l57" custom="readingOrder {index:56;}">
                <Coords points="423,2006 1615,2009 1649,1937 422,1973"/>
                <Baseline points="438,2014 497,2013 557,2012 617,2011 677,2009 737,2008 797,2007 856,2006 916,2005 976,2004 1036,2003 1096,2001 1156,2001 1216,1999 1275,1999 1335,1998 1395,1997 1455,1996 1515,1995 1575,1995 1635,1994"/>
                <TextEquiv>
                    <Unicode>pierend vornehme, gleichsam manikurte über den Tod,</Unicode>
                </TextEquiv>
            </TextLine>
            <TextLine id="r1l58" custom="readingOrder {index:57;}">
                <Coords points="1652,2053 2852,2034 2851,1975 1651,1987"/>
                <Baseline points="1666,2043 1724,2041 1783,2039 1841,2038 1900,2037 1959,2036 2017,2036 2076,2036 2134,2035 2193,2035 2252,2035 2310,2035 2369,2035 2427,2034 2486,2034 2545,2033 2603,2032 2662,2031 2720,2029 2779,2027 2838,2025"/>
                <TextEquiv>
                    <Unicode>Werken Schnitzlers jenes Mühelose und Leichte, das Selbst¬</Unicode>
                </TextEquiv>
            </TextLine>
            <TextLine id="r1l59" custom="readingOrder {index:58;}">
                <Coords points="422,2064 1638,2051 1637,2003 1508,1997 422,2037"/>
                <Baseline points="437,2064 496,2063 555,2063 614,2062 674,2062 733,2061 792,2060 852,2058 911,2057 970,2056 1030,2055 1089,2053 1148,2052 1207,2051 1267,2049 1326,2048 1385,2046 1445,2045 1504,2043 1563,2042 1623,2040"/>
                <TextEquiv>
                    <Unicode>und er hat, ganz früh schon, im „Anatol“ bereits, jene</Unicode>
                </TextEquiv>
            </TextLine>
            <TextLine id="r1l60" custom="readingOrder {index:59;}">
                <Coords points="1648,2102 2843,2085 2821,2029 1648,2057"/>
                <Baseline points="1662,2094 1720,2093 1778,2092 1837,2090 1895,2089 1953,2089 2012,2088 2070,2088 2128,2087 2187,2087 2245,2087 2303,2086 2362,2086 2420,2085 2478,2085 2537,2084 2595,2083 2653,2082 2712,2081 2770,2079 2829,2077"/>
                <TextEquiv>
                    <Unicode>verständliche und Zwingende gibt. Die Wiener freilich sehen</Unicode>
                </TextEquiv>
            </TextLine>
            <TextLine id="r1l61" custom="readingOrder {index:60;}">
                <Coords points="424,2112 1407,2117 1639,2100 1638,2053 423,2073"/>
                <Baseline points="440,2114 499,2113 558,2112 617,2111 676,2110 735,2108 794,2107 854,2106 913,2105 972,2104 1031,2102 1090,2101 1149,2100 1208,2098 1268,2097 1327,2096 1386,2095 1445,2094 1504,2094 1563,2093 1623,2092"/>
                <TextEquiv>
                    <Unicode>Formulierung gefunden, in der uns das Märchen zeitlich</Unicode>
                </TextEquiv>
            </TextLine>
            <TextLine id="r1l62" custom="readingOrder {index:61;}">
                <Coords points="1646,2149 2763,2146 2849,2121 2849,2073 1645,2099"/>
                <Baseline points="1661,2143 1719,2143 1778,2143 1836,2143 1895,2142 1954,2142 2012,2141 2071,2140 2129,2139 2188,2139 2247,2138 2305,2137 2364,2136 2422,2135 2481,2135 2540,2134 2598,2133 2657,2133 2715,2133 2774,2132 2833,2132"/>
                <TextEquiv>
                    <Unicode>in ihm weniger den Nachspürer letzter seelischer Essenzen,</Unicode>
                </TextEquiv>
            </TextLine>
            <TextLine id="r1l63" custom="readingOrder {index:62;}">
                <Coords points="419,2161 1611,2160 1642,2096 418,2116"/>
                <Baseline points="435,2167 494,2165 554,2163 614,2161 673,2159 733,2157 793,2156 852,2155 912,2153 972,2152 1032,2151 1091,2150 1151,2149 1211,2148 1270,2147 1330,2147 1390,2146 1449,2146 1509,2145 1569,2145 1629,2145"/>
                <TextEquiv>
                    <Unicode>näher gerückt, moderner und — wenn man so sagen darf</Unicode>
                </TextEquiv>
            </TextLine>
            <TextLine id="r1l64" custom="readingOrder {index:63;}">
                <Coords points="1643,2200 2856,2196 2837,2118 1643,2156"/>
                <Baseline points="1658,2196 1717,2194 1776,2192 1835,2191 1894,2190 1953,2189 2012,2188 2071,2188 2130,2187 2189,2187 2249,2186 2308,2186 2367,2185 2426,2185 2485,2184 2544,2184 2603,2183 2662,2182 2721,2181 2780,2181 2840,2180"/>
                <TextEquiv>
                    <Unicode>als den lächelnden, tändelnden Anatol=Flaneur, sie nehmen</Unicode>
                </TextEquiv>
            </TextLine>
            <TextLine id="r1l65" custom="readingOrder {index:64;}">
                <Coords points="441,2220 1618,2212 1644,2149 440,2164"/>
                <Baseline points="456,2212 514,2210 573,2209 631,2208 690,2207 749,2206 807,2205 866,2204 925,2203 983,2203 1042,2202 1101,2201 1159,2200 1218,2199 1277,2198 1335,2197 1394,2196 1453,2194 1511,2193 1570,2191 1629,2189"/>
                <TextEquiv>
                    <Unicode>— realistischer erscheint: den Somnambulismus, die Tele¬</Unicode>
                </TextEquiv>
            </TextLine>
            <TextLine id="r1l66" custom="readingOrder {index:65;}">
                <Coords points="1642,2264 2854,2239 2853,2180 1641,2201"/>
                <Baseline points="1656,2242 1715,2242 1774,2242 1833,2242 1892,2241 1951,2241 2010,2241 2070,2240 2129,2239 2188,2239 2247,2238 2306,2237 2365,2236 2424,2235 2484,2234 2543,2233 2602,2232 2661,2231 2720,2230 2779,2229 2839,2228"/>
                <TextEquiv>
                    <Unicode>die Tragik seiner Werke nicht recht ernst, wie sein kleiner</Unicode>
                </TextEquiv>
            </TextLine>
            <TextLine id="r1l67" custom="readingOrder {index:66;}">
                <Coords points="437,2264 1641,2243 1640,2205 1508,2198 437,2225"/>
                <Baseline points="454,2268 512,2266 571,2263 629,2262 688,2260 746,2258 805,2257 863,2255 922,2254 980,2253 1039,2252 1098,2251 1156,2250 1215,2249 1273,2248 1332,2247 1390,2246 1449,2245 1507,2243 1566,2241 1625,2239"/>
                <TextEquiv>
                    <Unicode>pathie, die Suggestion, deren rätselhaftes Wesen die Ge¬</Unicode>
                </TextEquiv>
            </TextLine>
            <TextLine id="r1l68" custom="readingOrder {index:67;}">
                <Coords points="1639,2324 2845,2283 2844,2238 2489,2223 1638,2258"/>
                <Baseline points="1652,2296 1714,2295 1776,2294 1838,2293 1900,2292 1962,2291 2024,2291 2086,2290 2148,2290 2210,2289 2272,2288 2334,2287 2396,2286 2458,2285 2520,2284 2582,2282 2644,2281 2706,2279 2768,2276 2831,2273"/>
                <TextEquiv>
                    <Unicode>Bub, dem er den Inhalt von „Der Schleier der Pierette“</Unicode>
                </TextEquiv>
            </TextLine>
            <TextLine id="r1l69" custom="readingOrder {index:68;}">
                <Coords points="438,2306 1587,2308 1638,2304 1637,2244 437,2264"/>
                <Baseline points="453,2313 511,2311 570,2310 628,2309 687,2308 745,2307 804,2306 862,2306 921,2306 979,2305 1038,2305 1096,2305 1155,2304 1213,2303 1272,2303 1330,2301 1389,2300 1447,2299 1506,2297 1564,2294 1623,2292"/>
                <TextEquiv>
                    <Unicode>liebte des Herrn v. Sala auf seinem „Einsamen Weg“</Unicode>
                </TextEquiv>
            </TextLine>
            <TextLine id="r1l70" custom="readingOrder {index:69;}">
                <Coords points="1640,2353 2861,2359 2860,2302 1639,2324"/>
                <Baseline points="1655,2347 1714,2346 1774,2345 1833,2345 1893,2344 1952,2343 2012,2342 2071,2341 2131,2341 2190,2340 2250,2339 2309,2338 2369,2337 2428,2337 2488,2336 2547,2335 2607,2335 2666,2334 2726,2333 2785,2333 2845,2332"/>
                <TextEquiv>
                    <Unicode>erzählt hat und der, als er auf die Frage nach dem Schluß</Unicode>
                </TextEquiv>
            </TextLine>
            <TextLine id="r1l71" custom="readingOrder {index:70;}">
                <Coords points="428,2359 1017,2388 1638,2352 1637,2301 1508,2294 427,2308"/>
                <Baseline points="444,2365 506,2362 568,2360 630,2358 692,2356 754,2355 816,2353 878,2352 940,2351 1002,2351 1064,2350 1126,2349 1188,2349 1250,2348 1312,2348 1374,2347 1436,2346 1498,2345 1560,2344 1623,2343"/>
                <TextEquiv>
                    <Unicode>erfüllt und die ganz in samtene Dunkelheit gehüllten letz¬</Unicode>
                </TextEquiv>
            </TextLine>
            <TextLine id="r1l72" custom="readingOrder {index:71;}">
                <Coords points="1643,2399 2613,2380 2853,2412 2852,2329 1643,2360"/>
                <Baseline points="1657,2394 1716,2394 1775,2395 1834,2394 1893,2394 1952,2394 2011,2393 2070,2392 2129,2391 2188,2390 2247,2389 2306,2388 2365,2388 2424,2386 2483,2385 2542,2384 2601,2383 2660,2382 2719,2382 2778,2381 2837,2380"/>
                <TextEquiv>
                    <Unicode>die Antwort bekam, „Zum Schluß sind alle tot“ — gesagt</Unicode>
                </TextEquiv>
            </TextLine>
            <TextLine id="r1l73" custom="readingOrder {index:72;}">
                <Coords points="430,2421 493,2431 543,2409 735,2418 752,2402 776,2407 775,2374 754,2381 700,2362 599,2374 571,2363 518,2377 428,2359"/>
                <Baseline points="446,2412 472,2412 498,2412 524,2411 550,2409 576,2407 603,2406 629,2406 655,2404 681,2404 707,2404 733,2404 760,2406"/>
                <TextEquiv>
                    <Unicode>#ten Novellen.</Unicode>
                </TextEquiv>
            </TextLine>
            <TextLine id="r1l74" custom="readingOrder {index:73;}">
                <Coords points="1645,2463 2714,2455 2857,2445 2857,2412 2611,2379 1644,2398"/>
                <Baseline points="1660,2451 1719,2449 1778,2448 1837,2447 1896,2446 1955,2444 2014,2443 2073,2443 2132,2442 2191,2441 2251,2441 2310,2440 2369,2440 2428,2439 2487,2439 2546,2438 2605,2437 2664,2436 2723,2436 2782,2434 2842,2433"/>
                <TextEquiv>
                    <Unicode>hat: „Das sieht dir wieder einmal ähnlich, Papa“. Die</Unicode>
                </TextEquiv>
            </TextLine>
            <TextLine id="r1l75" custom="readingOrder {index:74;}">
                <Coords points="526,2459 1649,2445 1648,2398 1544,2381 1481,2412 1406,2380 526,2414"/>
                <Baseline points="542,2457 596,2457 651,2458 705,2458 760,2458 814,2458 869,2457 923,2457 978,2456 1032,2455 1087,2454 1142,2453 1196,2452 1251,2451 1305,2450 1360,2449 1414,2448 1469,2446 1523,2445 1578,2444 1633,2442"/>
                <TextEquiv>
                    <Unicode>Vielleicht ließe sich der Tonfall, der Rhythmus, die</Unicode>
                </TextEquiv>
            </TextLine>
            <TextLine id="r1l76" custom="readingOrder {index:75;}">
                <Coords points="1656,2507 2862,2485 2828,2438 1655,2453"/>
                <Baseline points="1670,2499 1728,2498 1787,2497 1846,2496 1905,2495 1964,2494 2023,2494 2082,2493 2141,2493 2200,2492 2259,2492 2317,2491 2376,2490 2435,2490 2494,2489 2553,2488 2612,2487 2671,2485 2730,2484 2789,2482 2848,2480"/>
                <TextEquiv>
                    <Unicode>Wiener haben sich bis auf den heutigen Tag jenen mon¬</Unicode>
                </TextEquiv>
            </TextLine>
            <TextLine id="r1l77" custom="readingOrder {index:76;}">
                <Coords points="424,2496 562,2533 1654,2492 1653,2453 1561,2446 423,2457"/>
                <Baseline points="440,2518 499,2515 559,2512 619,2510 679,2508 739,2507 799,2506 859,2504 919,2504 979,2503 1039,2503 1098,2502 1158,2502 1218,2501 1278,2501 1338,2500 1398,2499 1458,2498 1518,2497 1578,2496 1638,2494"/>
                <TextEquiv>
                    <Unicode>Melodie, in der all das auf weiche, wienerische Art gesagt</Unicode>
                </TextEquiv>
            </TextLine>
            <TextLine id="r1l78" custom="readingOrder {index:77;}">
                <Coords points="1649,2558 2817,2550 2867,2505 1648,2501"/>
                <Baseline points="1664,2548 1723,2547 1782,2547 1842,2546 1901,2546 1961,2545 2020,2544 2079,2544 2139,2543 2198,2542 2258,2541 2317,2541 2376,2540 2436,2539 2495,2538 2555,2537 2614,2537 2673,2536 2733,2536 2792,2535 2852,2535"/>
                <TextEquiv>
                    <Unicode>dänen jungen Mann nicht aus dem Gedächtnis gewöhnt,</Unicode>
                </TextEquiv>
            </TextLine>
            <TextLine id="r1l79" custom="readingOrder {index:78;}">
                <Coords points="542,2559 1575,2563 1644,2553 1643,2502 541,2518"/>
                <Baseline points="556,2558 609,2558 663,2558 716,2558 770,2558 824,2558 877,2558 931,2558 985,2558 1038,2558 1092,2557 1146,2557 1199,2556 1253,2555 1307,2554 1360,2553 1414,2552 1468,2550 1521,2548 1575,2547 1629,2544"/>
                <TextEquiv>
                    <Unicode>— vielleicht ließe sich auch über die Dichtung Schnitz¬</Unicode>
                </TextEquiv>
            </TextLine>
            <TextLine id="r1l80" custom="readingOrder {index:79;}">
                <Coords points="1650,2604 2835,2600 2867,2537 1649,2562"/>
                <Baseline points="1665,2597 1724,2596 1783,2595 1843,2595 1902,2594 1961,2593 2021,2592 2080,2591 2139,2590 2199,2589 2258,2589 2317,2588 2377,2587 2436,2586 2495,2586 2555,2585 2614,2584 2673,2584 2733,2583 2792,2582 2852,2582"/>
                <TextEquiv>
                    <Unicode>der ganze und halbe Tage lang wie andere mondäne junge</Unicode>
                </TextEquiv>
            </TextLine>
            <TextLine id="r1l81" custom="readingOrder {index:80;}">
                <Coords points="434,2614 1611,2607 1643,2550 434,2572"/>
                <Baseline points="450,2614 508,2612 567,2610 626,2609 685,2608 744,2607 803,2606 861,2605 920,2605 979,2605 1038,2604 1097,2604 1156,2604 1215,2603 1273,2603 1332,2602 1391,2601 1450,2599 1509,2597 1568,2596 1627,2593"/>
                <TextEquiv>
                    <Unicode>lers der Titel schreiben, der uns von Grillparzer her ge¬</Unicode>
                </TextEquiv>
            </TextLine>
            <TextLine id="r1l82" custom="readingOrder {index:81;}">
                <Coords points="1657,2657 2761,2631 2854,2659 2853,2594 1656,2612"/>
                <Baseline points="1670,2648 1728,2647 1786,2647 1845,2646 1903,2645 1962,2644 2020,2644 2079,2643 2137,2642 2196,2642 2254,2641 2312,2641 2371,2640 2429,2639 2488,2638 2546,2637 2605,2636 2663,2636 2722,2634 2780,2633 2839,2631"/>
                <TextEquiv>
                    <Unicode>Herren im Café Griensteidl saß, tief in die Stirn die</Unicode>
                </TextEquiv>
            </TextLine>
            <TextLine id="r1l83" custom="readingOrder {index:82;}">
                <Coords points="432,2660 1453,2666 1650,2656 1649,2599 431,2615"/>
                <Baseline points="446,2664 505,2661 564,2659 624,2658 683,2656 743,2655 802,2654 862,2653 921,2652 981,2651 1040,2651 1099,2650 1159,2649 1218,2649 1278,2648 1337,2647 1397,2646 1456,2644 1516,2642 1575,2640 1635,2638"/>
                <TextEquiv>
                    <Unicode>läufig ist: Leben und Traum; denn ein unbändiges Leben¬</Unicode>
                </TextEquiv>
            </TextLine>
            <TextLine id="r1l84" custom="readingOrder {index:83;}">
                <Coords points="1650,2697 2773,2701 2862,2676 2862,2637 1649,2656"/>
                <Baseline points="1666,2698 1725,2697 1784,2695 1843,2694 1902,2693 1961,2693 2020,2692 2079,2692 2138,2692 2197,2691 2256,2691 2315,2691 2374,2691 2433,2690 2492,2690 2551,2689 2610,2688 2669,2686 2728,2685 2787,2683 2847,2681"/>
                <TextEquiv>
                    <Unicode>Heinische Schnitzlerlocke, die beinahe so populär geworden</Unicode>
                </TextEquiv>
            </TextLine>
            <TextLine id="r1l85" custom="readingOrder {index:84;}">
                <Coords points="432,2730 623,2697 1609,2704 1650,2647 431,2661"/>
                <Baseline points="446,2711 505,2709 564,2707 624,2705 683,2704 743,2703 802,2702 862,2702 921,2701 981,2701 1040,2700 1099,2700 1159,2699 1218,2698 1278,2698 1337,2697 1397,2696 1456,2695 1516,2693 1575,2692 1635,2689"/>
                <TextEquiv>
                    <Unicode>Wollen ist in allen Gestalten Schnitzlers, eine schwelge¬</Unicode>
                </TextEquiv>
            </TextLine>
            <TextLine id="r1l86" custom="readingOrder {index:85;}">
                <Coords points="1661,2758 2775,2750 2867,2716 2867,2680 1661,2705"/>
                <Baseline points="1676,2751 1734,2749 1793,2748 1852,2746 1911,2746 1969,2745 2028,2744 2087,2744 2146,2743 2204,2743 2263,2743 2322,2742 2381,2742 2439,2741 2498,2740 2557,2739 2616,2738 2674,2737 2733,2735 2792,2733 2851,2730"/>
                <TextEquiv>
                    <Unicode>ist, wie die rote Weste Gautiers. Noch durch ein anderes</Unicode>
                </TextEquiv>
            </TextLine>
            <TextLine id="r1l87" custom="readingOrder {index:86;}">
                <Coords points="437,2757 1586,2755 1655,2745 1654,2698 436,2727"/>
                <Baseline points="451,2755 510,2754 569,2753 629,2753 688,2752 748,2751 807,2751 866,2750 926,2750 985,2749 1045,2748 1104,2748 1163,2747 1223,2746 1282,2746 1342,2745 1401,2744 1460,2743 1520,2742 1579,2740 1639,2739"/>
                <TextEquiv>
                    <Unicode>#rische Daseinsfreude und ein kennerisches Genießen des</Unicode>
                </TextEquiv>
            </TextLine>
            <TextLine id="r1l88" custom="readingOrder {index:87;}">
                <Coords points="1648,2801 2824,2799 2866,2792 2865,2724 1647,2756"/>
                <Baseline points="1663,2795 1722,2796 1781,2796 1841,2796 1900,2796 1960,2796 2019,2795 2078,2794 2138,2793 2197,2792 2257,2791 2316,2790 2375,2788 2435,2787 2494,2786 2554,2785 2613,2784 2672,2783 2732,2783 2791,2782 2851,2782"/>
                <TextEquiv>
                    <Unicode>Werk neben der Liebelei ist er hier populär und berühmt,</Unicode>
                </TextEquiv>
            </TextLine>
            <TextLine id="r1l89" custom="readingOrder {index:88;}">
                <Coords points="440,2792 539,2826 1653,2812 1652,2749 1559,2739 439,2768"/>
                <Baseline points="454,2807 513,2806 572,2805 631,2804 690,2803 749,2802 808,2801 867,2800 926,2799 985,2798 1045,2797 1104,2796 1163,2795 1222,2794 1281,2793 1340,2793 1399,2792 1458,2791 1517,2791 1576,2790 1636,2790"/>
                <TextEquiv>
                    <Unicode>Seins, wie es in den Rebengeländen rings um die Stadt</Unicode>
                </TextEquiv>
            </TextLine>
            <TextLine id="r1l90" custom="readingOrder {index:89;}">
                <Coords points="1655,2862 2443,2858 2550,2821 2793,2852 2864,2828 2864,2789 1654,2808"/>
                <Baseline points="1670,2850 1728,2849 1787,2848 1846,2847 1905,2846 1964,2846 2023,2845 2082,2845 2141,2844 2200,2844 2259,2843 2317,2843 2376,2843 2435,2842 2494,2842 2553,2841 2612,2841 2671,2841 2730,2840 2789,2839 2848,2838"/>
                <TextEquiv>
                    <Unicode>durch die Geschichte vom „Leutnant Gustl“ die ihm die</Unicode>
                </TextEquiv>
            </TextLine>
            <TextLine id="r1l91" custom="readingOrder {index:90;}">
                <Coords points="447,2857 1653,2839 1518,2793 446,2809"/>
                <Baseline points="462,2861 520,2858 579,2856 638,2854 697,2853 755,2851 814,2850 873,2850 932,2849 990,2848 1049,2847 1108,2847 1167,2846 1225,2846 1284,2845 1343,2844 1402,2843 1460,2841 1519,2839 1578,2837 1637,2835"/>
                <TextEquiv>
                    <Unicode>der Phäaken erblüht und daheim ist. Schon in dem wun¬</Unicode>
                </TextEquiv>
            </TextLine>
            <TextLine id="r1l92" custom="readingOrder {index:91;}">
                <Coords points="1649,2912 2249,2923 2443,2888 2625,2924 2790,2916 2864,2868 2863,2826 2621,2850 2561,2820 1648,2859"/>
                <Baseline points="1664,2900 1723,2899 1782,2899 1841,2898 1901,2898 1960,2897 2019,2896 2079,2896 2138,2895 2197,2895 2257,2894 2316,2893 2375,2893 2434,2892 2494,2891 2553,2890 2612,2889 2672,2888 2731,2887 2790,2886 2850,2884"/>
                <TextEquiv>
                    <Unicode>Offizierscharge gekostet und für lange den Weg ins Hof¬</Unicode>
                </TextEquiv>
            </TextLine>
            <TextLine id="r1l93" custom="readingOrder {index:92;}">
                <Coords points="441,2914 1656,2904 1655,2835 440,2857"/>
                <Baseline points="456,2908 515,2907 574,2905 633,2904 693,2903 752,2901 811,2900 870,2899 930,2898 989,2898 1048,2897 1107,2896 1167,2895 1226,2894 1285,2893 1344,2893 1404,2892 1463,2891 1522,2890 1581,2889 1641,2888"/>
                <TextEquiv>
                    <Unicode>dervollen einen Akt der „Lebendigen Stunden“, da spricht</Unicode>
                </TextEquiv>
            </TextLine>
            <TextLine id="r1l94" custom="readingOrder {index:93;}">
                <Coords points="1657,2960 1741,2968 1812,2949 1893,2964 2009,2948 2033,2962 2138,2943 2137,2917 2086,2902 1657,2909"/>
                <Baseline points="1672,2945 1697,2945 1722,2945 1747,2945 1772,2945 1797,2945 1822,2944 1847,2944 1872,2944 1898,2944 1923,2943 1948,2943 1973,2943 1998,2942 2023,2942 2048,2942 2073,2942 2098,2942 2124,2942"/>
                <TextEquiv>
                    <Unicode>theater versperrt hat.</Unicode>
                </TextEquiv>
            </TextLine>
            <TextLine id="r1l95" custom="readingOrder {index:94;}">
                <Coords points="447,2968 1648,2953 1647,2905 1578,2895 446,2908"/>
                <Baseline points="462,2955 520,2954 579,2953 637,2952 696,2951 754,2950 813,2950 871,2949 930,2948 988,2947 1047,2947 1106,2946 1164,2945 1223,2944 1281,2943 1340,2942 1398,2941 1457,2940 1515,2939 1574,2938 1633,2937"/>
                <TextEquiv>
                    <Unicode>es diese Vormärzgestalt des Anton Haushofer gegen den</Unicode>
                </TextEquiv>
            </TextLine>
            <TextLine id="r1l96" custom="readingOrder {index:95;}">
                <Coords points="446,3004 1482,3012 1637,2998 1660,2946 445,2968"/>
                <Baseline points="460,3008 519,3006 578,3004 637,3003 697,3002 756,3001 815,3000 874,2999 934,2999 993,2998 1052,2998 1111,2997 1171,2996 1230,2995 1289,2995 1348,2994 1408,2992 1467,2991 1526,2990 1585,2988 1645,2986"/>
                <TextEquiv>
                    <Unicode>Sohn, dem der Tod der Mutter zum Gedicht wird, aus:</Unicode>
                </TextEquiv>
            </TextLine>
            <TextLine id="r1l97" custom="readingOrder {index:96;}">
                <Coords points="1731,3005 2863,3019 2862,2950 2722,2933 1730,2966"/>
                <Baseline points="1747,3006 1802,3007 1857,3007 1912,3007 1967,3007 2022,3007 2077,3007 2132,3006 2187,3006 2242,3005 2298,3004 2353,3004 2408,3003 2463,3002 2518,3001 2573,3001 2628,3000 2683,3000 2738,3000 2793,3000 2849,3000"/>
                <TextEquiv>
                    <Unicode>Erst Max Burckhard legte ihn frei, und „Der junge</Unicode>
                </TextEquiv>
            </TextLine>
            <TextLine id="r1l98" custom="readingOrder {index:97;}">
                <Coords points="451,3066 1630,3054 1650,2997 450,3018"/>
                <Baseline points="465,3060 523,3058 582,3056 640,3055 699,3053 758,3052 816,3051 875,3050 933,3050 992,3049 1051,3048 1109,3048 1168,3047 1226,3046 1285,3045 1344,3045 1402,3044 1461,3043 1519,3041 1578,3040 1637,3038"/>
                <TextEquiv>
                    <Unicode>„Was ist denn deine ganze Schreiberei, und wenn du das</Unicode>
                </TextEquiv>
            </TextLine>
            <TextLine id="r1l99" custom="readingOrder {index:98;}">
                <Coords points="1657,3069 2759,3064 2860,3036 2860,3000 1657,3006"/>
                <Baseline points="1673,3059 1731,3058 1790,3057 1848,3056 1907,3055 1966,3054 2024,3054 2083,3054 2142,3054 2200,3053 2259,3053 2318,3053 2376,3053 2435,3053 2494,3052 2552,3052 2611,3051 2670,3050 2728,3049 2787,3048 2846,3047"/>
                <TextEquiv>
                    <Unicode>Medardus“: das war im vergangenen Jahre ein verblüffend</Unicode>
                </TextEquiv>
            </TextLine>
            <TextLine id="r1l100" custom="readingOrder {index:99;}">
                <Coords points="439,3128 1648,3100 1647,3052 1590,3045 438,3062"/>
                <Baseline points="454,3114 516,3111 578,3109 640,3107 702,3106 764,3104 826,3103 888,3102 950,3101 1012,3101 1074,3100 1136,3099 1198,3098 1260,3097 1322,3096 1384,3095 1446,3094 1508,3092 1570,3090 1633,3088"/>
                <TextEquiv>
                    <Unicode>größte Genie bist: was ist sie denn gegen so eine Stunde,</Unicode>
                </TextEquiv>
            </TextLine>
            <TextLine id="r1l101" custom="readingOrder {index:100;}">
                <Coords points="1663,3123 2774,3114 2860,3096 2860,3036 1662,3085"/>
                <Baseline points="1679,3111 1737,3109 1795,3108 1854,3106 1912,3105 1970,3105 2029,3104 2087,3104 2145,3104 2204,3104 2262,3104 2320,3105 2379,3105 2437,3105 2495,3105 2554,3104 2612,3104 2670,3103 2729,3102 2787,3100 2846,3098"/>
                <TextEquiv>
                    <Unicode>grandioser Beweis von dem Können des längst totgesagten</Unicode>
                </TextEquiv>
            </TextLine>
            <TextLine id="r1l102" custom="readingOrder {index:101;}">
                <Coords points="443,3162 1560,3161 1650,3154 1649,3100 442,3129"/>
                <Baseline points="457,3165 515,3162 574,3159 633,3157 692,3155 751,3154 810,3152 869,3151 928,3151 987,3150 1046,3149 1104,3149 1163,3148 1222,3148 1281,3147 1340,3146 1399,3146 1458,3145 1517,3143 1576,3142 1635,3140"/>
                <TextEquiv>
                    <Unicode>so eine lebendige Stunde, in der deine Mutter hier auf</Unicode>
                </TextEquiv>
            </TextLine>
            <TextLine id="r1l103" custom="readingOrder {index:102;}">
                <Coords points="1658,3171 2871,3151 2870,3083 1658,3126"/>
                <Baseline points="1674,3161 1733,3159 1792,3157 1851,3155 1910,3155 1969,3154 2028,3154 2087,3154 2146,3154 2205,3154 2265,3154 2324,3155 2383,3155 2442,3155 2501,3155 2560,3154 2619,3153 2678,3152 2737,3151 2796,3149 2856,3146"/>
                <TextEquiv>
                    <Unicode>Burgtheaters. Aber immer noch spielt das Deutsche Reich</Unicode>
                </TextEquiv>
            </TextLine>
            <TextLine id="r1l104" custom="readingOrder {index:103;}">
                <Coords points="1662,3215 2865,3217 2865,3151 1661,3168"/>
                <Baseline points="1676,3211 1734,3208 1793,3207 1852,3206 1910,3205 1969,3204 2028,3204 2086,3203 2145,3203 2204,3203 2263,3203 2321,3203 2380,3203 2439,3203 2497,3203 2556,3203 2615,3202 2673,3202 2732,3201 2791,3200 2850,3199"/>
                <TextEquiv>
                    <Unicode>die Dichtungen Schnitzlers den Wienern zuvor. Man hat</Unicode>
                </TextEquiv>
            </TextLine>
            <TextLine id="r1l105" custom="readingOrder {index:104;}">
                <Coords points="452,3224 1581,3211 1655,3200 1655,3162 451,3170"/>
                <Baseline points="468,3213 526,3212 585,3211 643,3210 702,3209 761,3208 819,3207 878,3206 937,3205 995,3204 1054,3203 1113,3202 1171,3201 1230,3200 1289,3199 1347,3198 1406,3197 1465,3196 1523,3195 1582,3194 1641,3193"/>
                <TextEquiv>
                    <Unicode>dem Lehnstuhl gesessen ist und zu uns geredet hat, oder</Unicode>
                </TextEquiv>
            </TextLine>
            <TextLine id="r1l106" custom="readingOrder {index:105;}">
                <Coords points="451,3266 1598,3260 1658,3256 1657,3200 450,3224"/>
                <Baseline points="466,3266 524,3263 583,3260 642,3259 701,3257 760,3256 819,3255 877,3254 936,3253 995,3253 1054,3252 1113,3252 1172,3251 1231,3251 1289,3250 1348,3249 1407,3248 1466,3247 1525,3246 1584,3244 1643,3241"/>
                <TextEquiv>
                    <Unicode>auch geschwiegen — aber da ist sie gewesen — da! Und sie</Unicode>
                </TextEquiv>
            </TextLine>
            <TextLine id="r1l107" custom="readingOrder {index:106;}">
                <Coords points="1662,3269 2877,3266 2877,3206 1661,3215"/>
                <Baseline points="1676,3262 1735,3260 1794,3259 1853,3257 1913,3256 1972,3255 2031,3254 2090,3253 2150,3253 2209,3253 2268,3253 2327,3253 2387,3252 2446,3252 2505,3252 2564,3252 2624,3252 2683,3252 2742,3251 2801,3250 2861,3249"/>
                <TextEquiv>
                    <Unicode>den „Ruf des Lebens“ in Berlin drei Jahre früher sehen</Unicode>
                </TextEquiv>
            </TextLine>
            <TextLine id="r1l108" custom="readingOrder {index:107;}">
                <Coords points="450,3342 1653,3301 1622,3248 449,3268"/>
                <Baseline points="466,3319 524,3315 583,3313 641,3310 700,3308 759,3306 817,3305 876,3303 935,3302 993,3301 1052,3300 1111,3299 1169,3299 1228,3298 1287,3297 1345,3297 1404,3296 1463,3295 1521,3294 1580,3293 1639,3292"/>
                <TextEquiv>
                    <Unicode>hat gelebt, gelebt!“ Und Schnitzler hat in diesem Kleinod</Unicode>
                </TextEquiv>
            </TextLine>
            <TextLine id="r1l109" custom="readingOrder {index:108;}">
                <Coords points="1658,3332 2808,3324 2861,3261 1658,3264"/>
                <Baseline points="1673,3309 1731,3309 1790,3308 1849,3307 1907,3306 1966,3306 2025,3305 2083,3304 2142,3303 2201,3303 2260,3302 2318,3302 2377,3301 2436,3301 2494,3301 2553,3301 2612,3301 2670,3301 2729,3301 2788,3301 2847,3302"/>
                <TextEquiv>
                    <Unicode>können als in seiner Heimat und hat den „Einsamen Weg“¬</Unicode>
                </TextEquiv>
            </TextLine>
            <TextLine id="r1l110" custom="readingOrder {index:109;}">
                <Coords points="445,3391 1651,3359 1650,3297 444,3323"/>
                <Baseline points="459,3365 517,3364 576,3363 635,3361 694,3360 753,3359 812,3359 871,3358 930,3357 989,3356 1048,3355 1106,3354 1165,3353 1224,3352 1283,3351 1342,3350 1401,3349 1460,3348 1519,3347 1578,3346 1637,3344"/>
                <TextEquiv>
                    <Unicode>seiner Kunst ein wenig gegen sich selber polemisiert, hat</Unicode>
                </TextEquiv>
            </TextLine>
            <TextLine id="r1l111" custom="readingOrder {index:110;}">
                <Coords points="1667,3368 2877,3372 2876,3289 2810,3322 1667,3324"/>
                <Baseline points="1682,3361 1741,3360 1800,3359 1859,3359 1918,3358 1977,3357 2036,3356 2095,3356 2154,3355 2213,3354 2272,3354 2331,3353 2390,3352 2449,3352 2508,3352 2567,3351 2626,3351 2685,3351 2744,3351 2803,3351 2862,3351"/>
                <TextEquiv>
                    <Unicode>nur an jenen Gastspielabenden genießen dürfen, an deuen</Unicode>
                </TextEquiv>
            </TextLine>
            <TextLine id="r1l112" custom="readingOrder {index:111;}">
                <Coords points="446,3428 1545,3414 1655,3403 1655,3356 445,3353"/>
                <Baseline points="462,3414 524,3412 586,3411 648,3410 710,3409 772,3407 834,3406 896,3405 958,3404 1020,3404 1082,3403 1144,3402 1206,3401 1268,3400 1330,3399 1392,3398 1454,3398 1516,3397 1578,3396 1641,3395"/>
                <TextEquiv>
                    <Unicode>mit der souveränen Allüre der Ganz=Großen sich seiber in</Unicode>
                </TextEquiv>
            </TextLine>
            <TextLine id="r1l113" custom="readingOrder {index:112;}">
                <Coords points="1671,3418 2734,3422 2868,3394 2868,3361 1670,3367"/>
                <Baseline points="1686,3410 1744,3410 1802,3410 1860,3410 1919,3409 1977,3409 2035,3408 2094,3407 2152,3406 2210,3405 2269,3405 2327,3404 2385,3403 2443,3402 2502,3402 2560,3401 2618,3401 2677,3401 2735,3401 2793,3401 2852,3402"/>
                <TextEquiv>
                    <Unicode>Sauer und Bassermann, die Lehmann und Reicher auf der</Unicode>
                </TextEquiv>
            </TextLine>
            <TextLine id="r1l114" custom="readingOrder {index:113;}">
                <Coords points="448,3460 1664,3454 1663,3412 1597,3398 448,3430"/>
                <Baseline points="464,3467 523,3465 582,3463 641,3462 701,3460 760,3459 819,3458 878,3457 938,3456 997,3456 1056,3455 1115,3455 1175,3454 1234,3453 1293,3452 1352,3451 1412,3450 1471,3448 1530,3446 1589,3444 1649,3442"/>
                <TextEquiv>
                    <Unicode>die Feder und über den Papierrand geschaut und hat in</Unicode>
                </TextEquiv>
            </TextLine>
            <TextLine id="r1l115" custom="readingOrder {index:114;}">
                <Coords points="1669,3467 2741,3473 2878,3448 2878,3398 1668,3416"/>
                <Baseline points="1682,3460 1741,3460 1800,3459 1859,3459 1918,3458 1977,3458 2036,3457 2095,3456 2154,3456 2213,3455 2272,3455 2331,3454 2390,3454 2449,3453 2508,3453 2567,3453 2626,3453 2685,3452 2744,3452 2803,3452 2862,3453"/>
                <TextEquiv>
                    <Unicode>Szene des Theaters an der Wien standen. Und wenn die</Unicode>
                </TextEquiv>
            </TextLine>
            <TextLine id="r1l116" custom="readingOrder {index:115;}">
                <Coords points="446,3522 1667,3517 1666,3454 445,3468"/>
                <Baseline points="460,3520 519,3517 579,3515 638,3513 698,3511 758,3510 817,3508 877,3507 937,3506 996,3505 1056,3504 1116,3503 1175,3503 1235,3502 1295,3501 1354,3500 1414,3499 1474,3498 1533,3497 1593,3495 1653,3493"/>
                <TextEquiv>
                    <Unicode>diesem Einakter zum ersten Male jene leise Heinische Selbst¬</Unicode>
                </TextEquiv>
            </TextLine>
            <TextLine id="r1l117" custom="readingOrder {index:116;}">
                <Coords points="1670,3521 2867,3514 2867,3451 1670,3468"/>
                <Baseline points="1686,3512 1744,3511 1802,3509 1861,3508 1919,3508 1977,3507 2036,3506 2094,3506 2152,3506 2211,3505 2269,3505 2327,3505 2386,3504 2444,3504 2502,3504 2561,3503 2619,3503 2677,3502 2736,3501 2794,3500 2853,3499"/>
                <TextEquiv>
                    <Unicode>Zeitungsmeldungen recht behalten, dann wird anp/15. Mail</Unicode>
                </TextEquiv>
            </TextLine>
            <TextLine id="r1l118" custom="readingOrder {index:117;}">
                <Coords points="1665,3569 2869,3578 2841,3507 1665,3527"/>
                <Baseline points="1679,3559 1737,3559 1796,3559 1855,3559 1914,3558 1972,3558 2031,3557 2090,3556 2149,3556 2207,3555 2266,3554 2325,3554 2384,3553 2442,3552 2501,3552 2560,3552 2619,3552 2677,3552 2736,3553 2795,3553 2854,3554"/>
                <TextEquiv>
                    <Unicode>Artur Schnitzler, ein Stück verkörperten Wieny auf dem</Unicode>
                </TextEquiv>
            </TextLine>
            <TextLine id="r1l119" custom="readingOrder {index:118;}">
                <Coords points="452,3576 1632,3561 1655,3501 451,3525"/>
                <Baseline points="466,3569 524,3567 583,3565 642,3563 701,3562 759,3561 818,3559 877,3559 936,3557 994,3556 1053,3556 1112,3555 1171,3554 1229,3553 1288,3552 1347,3551 1406,3550 1464,3549 1523,3548 1582,3547 1641,3546"/>
                <TextEquiv>
                    <Unicode>äronie gewonnen, die als Kontrapunkt in den meisten</Unicode>
                </TextEquiv>
            </TextLine>
            <TextLine id="r1l120" custom="readingOrder {index:119;}">
                <Coords points="1663,3614 2885,3637 2884,3580 2822,3559 1663,3578"/>
                <Baseline points="1678,3614 1737,3612 1797,3611 1856,3610 1916,3610 1976,3609 2035,3609 2095,3608 2155,3608 2214,3608 2274,3608 2334,3608 2393,3608 2453,3608 2513,3608 2572,3608 2632,3608 2692,3608 2751,3608 2811,3608 2871,3607"/>
                <TextEquiv>
                    <Unicode>letzten deutschen Provinztheater durch Auffüfrung eines</Unicode>
                </TextEquiv>
            </TextLine>
            <TextLine id="r1l121" custom="readingOrder {index:120;}">
                <Coords points="457,3627 1657,3606 1656,3570 1569,3554 456,3576"/>
                <Baseline points="472,3621 530,3618 588,3616 647,3615 705,3613 764,3612 822,3611 881,3610 939,3610 998,3609 1056,3609 1114,3608 1173,3607 1231,3607 1290,3606 1348,3605 1407,3603 1465,3602 1524,3600 1582,3597 1641,3594"/>
                <TextEquiv>
                    <Unicode>seiner späteren Werke mitschwingt und in dem letzten,</Unicode>
                </TextEquiv>
            </TextLine>
            <TextLine id="r1l122" custom="readingOrder {index:121;}">
                <Coords points="458,3676 1665,3657 1663,3601 457,3629"/>
                <Baseline points="474,3672 532,3670 591,3668 650,3665 709,3664 767,3662 826,3661 885,3659 944,3658 1002,3657 1061,3656 1120,3654 1179,3654 1237,3653 1296,3652 1355,3651 1414,3650 1472,3649 1531,3648 1590,3647 1649,3646"/>
                <TextEquiv>
                    <Unicode>dem „Weiten Land“ eine prickelnde Kontrastierung zwischen</Unicode>
                </TextEquiv>
            </TextLine>
            <TextLine id="r1l123" custom="readingOrder {index:122;}">
                <Coords points="1679,3687 2074,3670 2157,3691 2247,3662 2310,3692 2339,3668 2492,3683 2492,3618 2343,3602 2205,3626 1680,3621"/>
                <Baseline points="1694,3666 1733,3665 1772,3665 1811,3665 1850,3665 1889,3665 1928,3665 1968,3665 2007,3665 2046,3665 2085,3665 2124,3665 2163,3665 2202,3666 2242,3666 2281,3666 2320,3666 2359,3667 2398,3667 2437,3667 2477,3668"/>
                <TextEquiv>
                    <Unicode>seinerStücke gefeiert und geehrt sein.</Unicode>
                </TextEquiv>
            </TextLine>
            <TextLine id="r1l124" custom="readingOrder {index:123;}">
                <Coords points="460,3722 1490,3692 1667,3722 1666,3656 997,3674 874,3643 459,3680"/>
                <Baseline points="474,3718 532,3717 591,3716 650,3714 709,3713 768,3712 826,3711 885,3710 944,3709 1003,3708 1062,3706 1120,3705 1179,3705 1238,3703 1297,3703 1356,3702 1414,3701 1473,3700 1532,3699 1591,3698 1650,3697"/>
                <TextEquiv>
                    <Unicode>weithin hallender Bezeichnung und engbrüstigem Inhalt</Unicode>
                </TextEquiv>
            </TextLine>
            <TextLine id="r1l125" custom="readingOrder {index:124;}">
                <Coords points="450,3779 1678,3768 1676,3693 449,3719"/>
                <Baseline points="466,3771 525,3769 585,3767 645,3766 705,3764 765,3762 825,3761 884,3760 944,3758 1004,3757 1064,3756 1124,3756 1184,3755 1244,3753 1303,3753 1363,3752 1423,3751 1483,3750 1543,3749 1603,3748 1663,3747"/>
                <TextEquiv>
                    <Unicode>gibt. Auch da ist wiederum — freilich in den ungeistigsten,</Unicode>
                </TextEquiv>
            </TextLine>
            <TextLine id="r1l126" custom="readingOrder {index:125;}">
                <Coords points="463,3837 1678,3790 1650,3752 462,3774"/>
                <Baseline points="478,3822 537,3820 596,3818 655,3816 715,3815 774,3813 833,3812 892,3810 952,3809 1011,3808 1070,3807 1129,3806 1189,3805 1248,3803 1307,3802 1366,3801 1426,3800 1485,3799 1544,3797 1603,3796 1663,3794"/>
                <TextEquiv>
                    <Unicode>animalischen Formen — solch ein Stück Wille zum Leben</Unicode>
                </TextEquiv>
            </TextLine>
            <TextLine id="r1l127" custom="readingOrder {index:126;}">
                <Coords points="451,3888 1625,3861 1678,3847 1677,3791 450,3846"/>
                <Baseline points="467,3874 526,3872 586,3870 646,3868 706,3867 766,3865 825,3863 885,3862 945,3860 1005,3858 1065,3857 1124,3856 1184,3855 1244,3854 1304,3852 1364,3851 1423,3850 1483,3849 1543,3848 1603,3847 1663,3846"/>
                <TextEquiv>
                    <Unicode>gestaltet, in dem Fabrikanten Hofreiter (dünkt er euch nicht</Unicode>
                </TextEquiv>
            </TextLine>
            <TextLine id="r1l128" custom="readingOrder {index:127;}">
                <Coords points="455,3936 1679,3923 1678,3866 1597,3853 454,3874"/>
                <Baseline points="469,3920 528,3919 588,3918 648,3917 707,3916 767,3915 827,3914 886,3913 946,3912 1006,3911 1066,3909 1125,3908 1185,3907 1245,3905 1304,3904 1364,3903 1424,3901 1483,3900 1543,3898 1603,3897 1663,3895"/>
                <TextEquiv>
                    <Unicode>der minder liebenswürdige, weil ältere Bruder Ayätols</Unicode>
                </TextEquiv>
            </TextLine>
            <TextLine id="r1l129" custom="readingOrder {index:128;}">
                <Coords points="466,3988 1466,3975 1681,3956 1680,3899 465,3937"/>
                <Baseline points="480,3974 539,3971 598,3969 658,3966 717,3965 776,3963 836,3961 895,3960 954,3959 1014,3958 1073,3957 1132,3957 1192,3956 1251,3955 1310,3954 1370,3954 1429,3953 1488,3952 1548,3950 1607,3949 1667,3948"/>
                <TextEquiv>
                    <Unicode>zu sein; denn einen Flaneur mit 40 oder 45 Jahren/einen</Unicode>
                </TextEquiv>
            </TextLine>
            <TextLine id="r1l130" custom="readingOrder {index:129;}">
                <Coords points="457,4030 1652,4016 1681,3958 456,3973"/>
                <Baseline points="472,4022 531,4019 591,4017 651,4015 711,4014 770,4013 830,4012 890,4010 950,4010 1009,4009 1069,4008 1129,4007 1189,4006 1248,4006 1308,4005 1368,4004 1428,4003 1487,4002 1547,4001 1607,3999 1667,3997"/>
                <TextEquiv>
                    <Unicode>Mann jenseits der Schaffensmitte, der immer yür den</Unicode>
                </TextEquiv>
            </TextLine>
            <TextLine id="r1l131" custom="readingOrder {index:130;}">
                <Coords points="464,4072 1527,4070 1682,4061 1681,4007 463,4024"/>
                <Baseline points="478,4066 537,4065 596,4065 656,4064 715,4063 775,4062 834,4061 893,4060 953,4059 1012,4057 1072,4056 1131,4055 1190,4054 1250,4053 1309,4052 1369,4051 1428,4051 1487,4050 1547,4049 1606,4049 1666,4049"/>
                <TextEquiv>
                    <Unicode>Schürzenschleifen und Automobilschleiern nachlänft, den</Unicode>
                </TextEquiv>
            </TextLine>
            <TextLine id="r1l132" custom="readingOrder {index:131;}">
                <Coords points="469,4122 1666,4128 1680,4059 468,4077"/>
                <Baseline points="482,4119 541,4118 600,4117 659,4115 718,4114 778,4113 837,4112 896,4111 955,4110 1014,4109 1074,4108 1133,4107 1192,4106 1251,4105 1310,4104 1370,4103 1429,4102 1488,4101 1547,4099 1606,4098 1666,4097"/>
                <TextEquiv>
                    <Unicode>können wir fünf Akte hindurch nicht ertragen). Aber</Unicode>
                </TextEquiv>
            </TextLine>
            <TextLine id="r1l133" custom="readingOrder {index:132;}">
                <Coords points="470,4177 1677,4160 1676,4121 1610,4101 469,4121"/>
                <Baseline points="484,4168 542,4166 601,4165 660,4164 719,4163 778,4161 837,4161 895,4160 954,4159 1013,4158 1072,4158 1131,4157 1190,4156 1249,4155 1307,4155 1366,4154 1425,4153 1484,4152 1543,4151 1602,4150 1661,4149"/>
                <TextEquiv>
                    <Unicode>immerhin: er bleibt Repräsentant der Schnitzlerschen Welt,</Unicode>
                </TextEquiv>
            </TextLine>
            <TextLine id="r1l134" custom="readingOrder {index:133;}">
                <Coords points="1514,4202 1633,4196 1630,4161 1604,4162 1582,4155 1573,4159 1549,4154 1537,4158 1531,4153 1510,4157"/>
                <Baseline points="1527,4195 1557,4195 1587,4191 1618,4190"/>
                <TextEquiv>
                    <Unicode>CRGEL</Unicode>
                </TextEquiv>
            </TextLine>
            <TextEquiv>
                <Unicode>box 39/1
1. 50th Birthdar
hnitt Fagesbote aus Mähren und Schlosien
Brünn.
11. MAl. 1912

—*
Abendblatt
muneeenennanemt mummechen
1
S enn
Hier ist er geboren und aufgewachsen, Sohn eines
Arztes, Bruder eines Professors der Medizin und selber
Zu Artur Schnitzlers So. Geburtstag.
ein Arzt, der selber einmal von sich gesagt, er hätte ohne
Von Dr. Hans Wautoch.
diese wissenschaftliche Kenntnis nie sein „Sterben“ und nie
Ein Stück Wien ist in seine Werke versponnen. The¬
„Die letzten Masken“ dichten können. Wo die Stadt ins
resianische Zärtlichkeiten singen in seinem Blut, und von
Land verrinnt und die sanften Hügelketten des Kahlen¬
der Darstellung des modernen Lebens weicht er immer
gebirges den Menschen in die Fenster schauen, dort ist sein
mehr im „Medardus“, im „Ruf des Lebens“ in jene still
Heim, von dem ein bestrickendes Aroma Altwiener Patri¬
verrinnenden Zeiten zurück, in denen sich der Begriff
ziertums, mit einem Schuß Makartbukett und Perser¬
österreichisch und der Begriff wienerisch durch Schubert¬
teppich, ausgeht. Die ganze Längswand des Arbeitszimmers,
weisen und Grillparzer=Dichtungen am besten erfüllt hat,
dreifach hintereinandergereiht, nehmen die Bücher und Foli¬
in denen das harte, feste, kantige Dasein in Versonnen¬
anten ein, unter denen historische Werke die Üüberzahl!
heit, in Traum und Märchen vergleitet. Denn es sind
bilden; deren Geschichte ist nun die Lieblingslektüre und
immer Märchen gewesen, was Schnitzler geschrieben hat.
das intensivste Studium des Arztes von einst. Da vergehen
Auch dort, wo er den Vibrationen der allergegenwärtigsten
ihm täglich viele Stunden ernster Arbeit, die den Wienern,
Seele nachgespürt hat, im „Zwischenspiel“ etwa, da drang
die ihn immer noch als den Schöpfer des „süßen Mädels“
er so tief und so innig ins heimliche Fühlen, daß es ihm
als den Schnitzler der Liebelei, des Reigen, des Anatol
langsam und sacht ins Ungewisse, ins Unwahrscheinliche
sehen, höchst verwunderlich wären; er aber sagt mit einer
und Märchenhafte verflimmerte. Ein Märchen vom Lieben
seltsam zusammengerafften Energie: „Man muß sich zur
und vom Sterben ist sein ganzes Werk. „Anatol“ war sein
Arbeit manchmal zwingen, jeden Tag sein Pensum; wenn
erstes Buch, das Buch eines soignierten Flaneurs, eines
man einmal eine Sache hat, dann durch! Denn es ist wie
homme à femwe, und „Sterben“, diese melancholische!
Nachdenklichkeit, sein zweites. Er hat wundervoll tiefe bei dem Astronomen, der zu lange durchs Fernrohr schaut:
das Firmament beginnt plötzlich zu flimmern.“
Dinge über die Liebe gesagt und erstaunlich lässige, frap¬
Und diese Arbeitsmethode mag es auch sein, die den
pierend vornehme, gleichsam manikurte über den Tod,
Werken Schnitzlers jenes Mühelose und Leichte, das Selbst¬
und er hat, ganz früh schon, im „Anatol“ bereits, jene
verständliche und Zwingende gibt. Die Wiener freilich sehen
Formulierung gefunden, in der uns das Märchen zeitlich
in ihm weniger den Nachspürer letzter seelischer Essenzen,
näher gerückt, moderner und — wenn man so sagen darf
als den lächelnden, tändelnden Anatol=Flaneur, sie nehmen
— realistischer erscheint: den Somnambulismus, die Tele¬
die Tragik seiner Werke nicht recht ernst, wie sein kleiner
pathie, die Suggestion, deren rätselhaftes Wesen die Ge¬
Bub, dem er den Inhalt von „Der Schleier der Pierette“
liebte des Herrn v. Sala auf seinem „Einsamen Weg“
erzählt hat und der, als er auf die Frage nach dem Schluß
erfüllt und die ganz in samtene Dunkelheit gehüllten letz¬
die Antwort bekam, „Zum Schluß sind alle tot“ — gesagt
#ten Novellen.
hat: „Das sieht dir wieder einmal ähnlich, Papa“. Die
Vielleicht ließe sich der Tonfall, der Rhythmus, die
Wiener haben sich bis auf den heutigen Tag jenen mon¬
Melodie, in der all das auf weiche, wienerische Art gesagt
dänen jungen Mann nicht aus dem Gedächtnis gewöhnt,
— vielleicht ließe sich auch über die Dichtung Schnitz¬
der ganze und halbe Tage lang wie andere mondäne junge
lers der Titel schreiben, der uns von Grillparzer her ge¬
Herren im Café Griensteidl saß, tief in die Stirn die
läufig ist: Leben und Traum; denn ein unbändiges Leben¬
Heinische Schnitzlerlocke, die beinahe so populär geworden
Wollen ist in allen Gestalten Schnitzlers, eine schwelge¬
ist, wie die rote Weste Gautiers. Noch durch ein anderes
#rische Daseinsfreude und ein kennerisches Genießen des
Werk neben der Liebelei ist er hier populär und berühmt,
Seins, wie es in den Rebengeländen rings um die Stadt
durch die Geschichte vom „Leutnant Gustl“ die ihm die
der Phäaken erblüht und daheim ist. Schon in dem wun¬
Offizierscharge gekostet und für lange den Weg ins Hof¬
dervollen einen Akt der „Lebendigen Stunden“, da spricht
theater versperrt hat.
es diese Vormärzgestalt des Anton Haushofer gegen den
Sohn, dem der Tod der Mutter zum Gedicht wird, aus:
Erst Max Burckhard legte ihn frei, und „Der junge
„Was ist denn deine ganze Schreiberei, und wenn du das
Medardus“: das war im vergangenen Jahre ein verblüffend
größte Genie bist: was ist sie denn gegen so eine Stunde,
grandioser Beweis von dem Können des längst totgesagten
so eine lebendige Stunde, in der deine Mutter hier auf
Burgtheaters. Aber immer noch spielt das Deutsche Reich
die Dichtungen Schnitzlers den Wienern zuvor. Man hat
dem Lehnstuhl gesessen ist und zu uns geredet hat, oder
auch geschwiegen — aber da ist sie gewesen — da! Und sie
den „Ruf des Lebens“ in Berlin drei Jahre früher sehen
hat gelebt, gelebt!“ Und Schnitzler hat in diesem Kleinod
können als in seiner Heimat und hat den „Einsamen Weg“¬
seiner Kunst ein wenig gegen sich selber polemisiert, hat
nur an jenen Gastspielabenden genießen dürfen, an deuen
mit der souveränen Allüre der Ganz=Großen sich seiber in
Sauer und Bassermann, die Lehmann und Reicher auf der
die Feder und über den Papierrand geschaut und hat in
Szene des Theaters an der Wien standen. Und wenn die
diesem Einakter zum ersten Male jene leise Heinische Selbst¬
Zeitungsmeldungen recht behalten, dann wird anp/15. Mail
Artur Schnitzler, ein Stück verkörperten Wieny auf dem
äronie gewonnen, die als Kontrapunkt in den meisten
letzten deutschen Provinztheater durch Auffüfrung eines
seiner späteren Werke mitschwingt und in dem letzten,
dem „Weiten Land“ eine prickelnde Kontrastierung zwischen
seinerStücke gefeiert und geehrt sein.
weithin hallender Bezeichnung und engbrüstigem Inhalt
gibt. Auch da ist wiederum — freilich in den ungeistigsten,
animalischen Formen — solch ein Stück Wille zum Leben
gestaltet, in dem Fabrikanten Hofreiter (dünkt er euch nicht
der minder liebenswürdige, weil ältere Bruder Ayätols
zu sein; denn einen Flaneur mit 40 oder 45 Jahren/einen
Mann jenseits der Schaffensmitte, der immer yür den
Schürzenschleifen und Automobilschleiern nachlänft, den
können wir fünf Akte hindurch nicht ertragen). Aber
immerhin: er bleibt Repräsentant der Schnitzlerschen Welt,
CRGEL</Unicode>
            </TextEquiv>
        </TextRegion>
        <TextRegion orientation="0.0" id="r2" custom="readingOrder {index:1;}">
            <Coords points="2978,4045 2978,4210 3341,4210 3341,4045"/>
            <TextLine id="r2l1" custom="readingOrder {index:0;}">
                <Coords points="2964,4157 3011,4146 3313,4161 3334,4139 3355,4145 3353,4085 3212,4077 3148,4118 3102,4099 3046,4110 3028,4092 2995,4108 2962,4103"/>
                <Baseline points="2978,4160 3003,4158 3029,4156 3055,4156 3081,4155 3107,4154 3133,4154 3159,4154 3185,4153 3211,4153 3237,4152 3263,4151 3289,4149 3315,4147 3341,4145"/>
                <TextEquiv>
                    <Unicode></Unicode>
                </TextEquiv>
            </TextLine>
            <TextEquiv>
                <Unicode></Unicode>
            </TextEquiv>
        </TextRegion>
    </Page>
</PcGts>
