3296 4320
154 144 1618 253 1. 50th Birthdag box 39/1
1640 1265 3310 1355 andere herausgreifen und wird auf jeder Seite für seinseinen Figuren nur
1645 1305 3302 1371 inneres Bekenntnis einen Anhaltspunkt finden und den Sinn, und des hingebung
685 1226 1423 1423 Feuilleton.
1659 1342 3312 1430 den er dem Leben unterschjebt, aus einem Satz heraus= was ursprünglich n
1637 1414 3297 1487 holen. Er ist ein Bejaher, aber zugleich unfrei. Vermögens aussah,
1642 1440 3299 1523 Einer, der den großen Glauben an den Menschen hat Freilich in anderem
710 1448 1354 1557 Artur Scmitzler.
1287 1487 1532 1583 See
421 1474 535 1573 P
1645 1510 3305 1573 und dabei ein Zweifler bleibt. Man lese einmal jene Anatols, aber sie
981 1513 1110 1602 von
2124 1550 3313 1625 Roman „Der Weg ins Freie“ allmählich auch i
1959 1563 2091 1631 dem
414 1556 502 1632 1
1638 1562 1827 1634 Stelle
783 1578 1301 1679 Leopold Jacobson.
2122 1601 3307 1671 der Formel gelangt: „Jeder muß von früher auch nut
2008 1603 2124 1679 zu
1660 1601 2032 1678 nach, wo er
1666 1645 3305 1721 selber zusehen, wie er herausfindet aus seinem Aerger, aus seiner porträt gegen eine
508 1654 1679 1725 Die Jungen halten schon bei den Fünfzigern. Es ist ein
1674 1704 3312 1763 Verzweiflung, oder aus seinem Ekel, irgendwohin, wo er wieder deckt noch bestimmte
371 1705 1671 1783 sseltsames Zusammentreffen: Gerhart Hauptmann, Dehmel,
1673 1742 3305 1822 frei aufatmen kann. Solche Wanderungen ins Freie lassen sich ist es ein anderer 2#
393 1753 1675 1857 Bahr und Schnitzler. Ihre Geburtstage liegen nicht weit von
1670 1791 3312 1866 nicht gemeinsam unternehmen, denn die Straßen laufen ja Anatol liebt aber
404 1807 1672 1882 einander, und wer einen Augenblick lang den Zusammenhängen
1668 1844 3303 1911 nicht im Lande draußen, sondern in uns selbst. Es kommt nur sondern nur noch in
406 1852 1681 1922 nachsinnt, wird wieder der Auffassung Emmersons zuneigen, daß
1670 1889 3312 1967 für jeden darauf an, seinen inneren Weg zu finden. Dazu ist mondaine Damen g
394 1904 1679 1975 die gebundenen Kräfte einer Allgemeinheit sich immer in be¬
2918 1932 3310 2001 süßen Mädeln ist
1661 1937 2925 2009 es notwendig, möglichst klar in sich zu sehen, den Mut seiner
411 1948 1683 2025 stimmten Persönlichkeiten zusammenfassen, die dann mit einem
2917 1975 3311 2045 Schnitzler ist in die
1676 1986 2925 2058 eigenen Natur zu haben, sich nicht beirren zu lassen.“ Und
405 2003 1672 2067 plötzlichen Ruck die Welt vorwärtsschieben. Das gilt auch von der
2908 2025 3302 2100 schließlich mit intell
1676 2027 2922 2105 Schnitzler preßt dies alles in das Wort „Unbeirrtheit“ hinein.
402 2038 1698 2121 Kunst. Die Gratulanten drängen sich jetzt um Arlur Schnitzler, der
2921 2082 3310 2143 Wenn er sie einma
411 2080 2931 2162 als erster unter den vieren die Fünfzig erreicht hat. Nichts scheint Unbeirrtheit müßte das tägliche Gebet jedes Menschen sein.
412 2115 3303 2208 bezeichnender für ihre Wertung als der Umsrand, daß sie noch Schnitzlers dichterisches Schaffen geht nun diesen einsamen Weg oder sonst in eine
2921 2157 3300 2257 Wiener und Wiene
412 2178 2922 2266 immer nicht zu den Alten gehören, kein überholter Literatur= im Kreise. Immer wieder weist man darauf hin, daß er eigentlich
3012 2218 3312 2301 Die Begriffe
412 2228 2936 2305 begriff sind, sondern Jugend, lebendigste Gegenwart, Ausdruck der Arzt sei. Für banale Gleichnisse ist es nicht unwichtig: er be¬
1679 2265 3310 2353 horcht und beklopft die Menschen, hört ihnen den Herzschlag ab, Hauptinventar von
408 2292 1675 2364 Zeit darstellen. Sie sind das Heute und das Morgen. Jeder in
1672 2337 3310 2407 prüft ihr Blut und ihr seelisches Befinden. Aber in jedem darüber lächeln. Nu
411 2328 1682 2400 seiner Art haben sie einer Mission gedient: der herbe Naturalist,
1678 2368 3274 2450 wirklichen Dichter steckt auch etwas von einem guten Arzt, der höret nimmer auf;
415 2381 1690 2464 der leidenschaftliche Lyriker, der zornige Agitator und der
1667 2408 3312 2498 ein guter Mensch sein muß. Es ist bei Schnitzler schon ein erschöpft sich schlie
420 2452 674 2526 Seelenarzt.
534 2460 3312 2561 Es braucht kein Pathos, um Artur Schnitzler die Geburts=bißchen Koketterie geworden, daß er in seinen Stücker und Ro= in so gedankenrei
416 2519 3286 2623 tagsrede zu halten. Es paßt nicht zu ihm. Dort, wo er selber manen immer einen solchen Arzt vorführt, der eine Art Selbstporträt gibt. Schnitzler. Jede
421 2546 3312 2680 je in die Pathetik geriet, klingt auch sein Ton ganz fremd. Es ist, Güte hat Schnitzler in unendlichem Maße. Sie leuchtet ihm von Liebe eine neue
423 2600 3309 2716 als hätte er sich da erst gewaltsam aufrecken, auf die Zehenspitzen der Stirn, leuchtet aus seinen Augen, quillt ihm aus dem Schicksal. Seine
422 2705 3313 2759 stellen müssen, um seine Absicht kundzutun. Ihm fehlt die große Herzen in die Feder. Er ist mitleidig, und wenn er der Narrheit Aber es ist mei
423 2708 3310 2802 Gebärde. Er ist ein Philosoph des Lebens. Sein Weg führt ihn begegnet, lacht er nicht derb und laut, sondern lächelt nur nach= seine Menschen meis
2187 2758 3302 2822 hat er auch das Wort von der und in der Novelle
422 2770 2207 2862 „von Irrenden zu Leidenden, von Leidenden zu Sterbenden“. sichtig. Irgend einmal
1685 2810 3302 2877 Sentimentalität gesprochen, die nichts anderes sei als ein unter zwei Dinge, die in
432 2825 1700 2910 Es ist das hervorstechendste Kennzeichen seines Schaffens. Im Bücher¬
1686 2850 3310 2930 dem Einkaufspreis erstandenes Gefühl. Das Wort gehört hieher, trägt den Merkspruc
430 2876 1702 2965 kasten stehen schon an die fünsundzwanzig Bände, die den Namen
426 2905 3303 3001 Schnitzlers tragen. Sie umfassen seine große Lebensarbeit und weil es den Unterschied zwischen wahrem Gemüt und der Weiner= Schnitzler glaubt a
2927 2948 3303 3016 bestimmt, mit den
429 2968 1993 3051 dennoch will es immer scheinen, als hätte er erst einen Teil lichkeit festhält.
1789 2993 3299 3067 Anatol und das süße Mädel haben Schnitzler verfolgt. gleichfalls mit den
427 3018 1698 3101 dessen gesagt, was er denkt und was er fühlt. Jedes seiner Bücher
425 3036 3314 3147 enthält ihn scheinbar hanz. Man kann wahllos das eine oder Man glaubte ihm lange nichts anderes mehr. Man sah in allen in wunderliche Bez
