<?xml version="1.0" encoding="UTF-8" standalone="yes"?>
<PcGts xmlns="http://schema.primaresearch.org/PAGE/gts/pagecontent/2013-07-15" xmlns:xsi="http://www.w3.org/2001/XMLSchema-instance" xsi:schemaLocation="http://schema.primaresearch.org/PAGE/gts/pagecontent/2013-07-15 http://schema.primaresearch.org/PAGE/gts/pagecontent/2013-07-15/pagecontent.xsd">
    <Metadata>
        <Creator>prov=University of Rostock/Institute of Mathematics/CITlab/Gundram Leifert/gundram.leifert@uni-rostock.de:name=ONB_Newseye_GT_M1+(htr_id=10810)::::v=2.4.2
prov=University of Rostock/Institute of Mathematics/CITlab/Tobias Gruening/tobias.gruening@uni-rostock.de:name=de.uros.citlab.module.baseline2polygon.B2PSeamMultiOriented:v=2.4.2
prov=University of Rostock/Institute of Mathematics/CITlab/Tobias Gruening/tobias.gruening@uni-rostock.de:name=/mnt/transkribus/LA/DEA/URO/LA_news_onb_att.pb:de.uros.citlab.segmentation.CITlab_LA_ML:v=2.4.2
Transkribus</Creator>
        <Created>2019-10-07T20:31:12.603+02:00</Created>
        <LastChange>2019-10-09T02:29:55.857+02:00</LastChange>
        <TranskribusMetadata docId="224436" pageId="9574303" pageNr="9" tsid="16619686" status="IN_PROGRESS" userId="40391" imgUrl="https://files.transkribus.eu/Get?id=STMGMYIXKHMWAKIGGQSAYQJQ&amp;fileType=view" xmlUrl="https://files.transkribus.eu/Get?id=RVQDOZHNXORXRBSOWLYBIEXJ" imageId="6206570"/>
    </Metadata>
    <Page imageFilename="224436_0009.jpeg" imageWidth="3392" imageHeight="4352">
        <ReadingOrder>
            <OrderedGroup id="ro_1711442884108" caption="Regions reading order">
                <RegionRefIndexed index="0" regionRef="r1"/>
            </OrderedGroup>
        </ReadingOrder>
        <TextRegion orientation="0.0" id="r1" custom="readingOrder {index:0;}">
            <Coords points="170,328 170,3212 3321,3212 3321,328"/>
            <TextLine id="r1l1" custom="readingOrder {index:0;}">
                <Coords points="1143,372 1202,365 1280,384 1340,358 1369,381 1454,366 1499,385 1595,386 1617,382 1618,319 1592,319 1544,278 1507,296 1451,285 1433,303 1348,280 1303,299 1207,294 1192,279 1143,297"/>
                <Baseline points="1162,351 1187,351 1213,351 1239,352 1265,352 1290,353 1316,353 1342,354 1368,354 1393,355 1419,355 1445,355 1471,355 1496,355 1522,354 1548,354 1574,353 1600,352"/>
                <TextEquiv>
                    <Unicode>box 39/1</Unicode>
                </TextEquiv>
            </TextLine>
            <TextLine id="r1l2" custom="readingOrder {index:1;}">
                <Coords points="153,394 234,373 716,384 787,410 861,377 1013,393 1013,323 888,288 153,313"/>
                <Baseline points="170,353 211,357 252,361 293,364 335,367 376,369 417,371 459,372 500,373 541,373 583,374 624,373 665,373 706,372 748,371 789,371 830,369 872,368 913,366 954,365 996,363"/>
                <TextEquiv>
                    <Unicode>1. 50th Birthday</Unicode>
                </TextEquiv>
            </TextLine>
            <TextLine id="r1l3" custom="readingOrder {index:2;}">
                <Coords points="353,1689 3334,1730 3167,1647 353,1637"/>
                <Baseline points="370,1679 517,1681 664,1682 811,1683 958,1683 1106,1684 1253,1684 1400,1684 1547,1685 1694,1685 1842,1685 1989,1685 2136,1686 2283,1687 2430,1688 2578,1690 2725,1692 2872,1694 3019,1697 3166,1700 3314,1704"/>
                <TextEquiv>
                    <Unicode>nd unbekümmerte Lebensfreude sich zu zerstören: sucht zu ihrer Idee erst die Menschen, während ihn Künstler über Episoden des Liebeslebrus hinau</Unicode>
                </TextEquiv>
            </TextLine>
            <TextLine id="r1l4" custom="readingOrder {index:3;}">
                <Coords points="335,1734 1388,1746 1381,1690 335,1678"/>
                <Baseline points="355,1734 405,1733 456,1733 507,1733 558,1733 609,1733 659,1734 710,1734 761,1735 812,1735 863,1736 913,1737 964,1737 1015,1738 1066,1738 1117,1739 1167,1739 1218,1739 1269,1739 1320,1739 1371,1739"/>
                <TextEquiv>
                    <Unicode>wie wenig sie dem Geliebten bedeutet hat, macht sie</Unicode>
                </TextEquiv>
            </TextLine>
            <TextLine id="r1l5" custom="readingOrder {index:4;}">
                <Coords points="1386,1743 3322,1756 3322,1708 3126,1699 1387,1688"/>
                <Baseline points="1406,1740 1500,1740 1595,1740 1690,1740 1785,1740 1880,1740 1975,1741 2069,1741 2164,1742 2259,1742 2354,1743 2449,1744 2544,1745 2639,1746 2733,1747 2828,1748 2923,1750 3018,1751 3113,1753 3208,1755 3303,1757"/>
                <TextEquiv>
                    <Unicode>gleich eine seiner ersten Erzählungen, „Sterben“ in ließ. Jetzt drängt sein Drama nicht zum vorbe</Unicode>
                </TextEquiv>
            </TextLine>
            <TextLine id="r1l6" custom="readingOrder {index:5;}">
                <Coords points="330,1781 1405,1789 1376,1744 330,1736"/>
                <Baseline points="348,1784 399,1784 451,1784 503,1784 555,1784 607,1785 659,1785 711,1786 763,1787 815,1787 867,1788 918,1789 970,1789 1022,1789 1074,1789 1126,1789 1178,1789 1230,1788 1282,1787 1334,1785 1386,1784"/>
                <TextEquiv>
                    <Unicode>sich in bittersten Vorwürfen klar, aus denen heraus</Unicode>
                </TextEquiv>
            </TextLine>
            <TextLine id="r1l7" custom="readingOrder {index:6;}">
                <Coords points="1386,1795 3303,1819 3337,1760 1386,1743"/>
                <Baseline points="1404,1789 1499,1789 1595,1788 1690,1788 1786,1789 1882,1789 1977,1789 2073,1790 2169,1791 2264,1792 2360,1793 2456,1794 2551,1795 2647,1797 2743,1798 2838,1800 2934,1802 3030,1803 3125,1805 3221,1806 3317,1808"/>
                <TextEquiv>
                    <Unicode>der Arzt und Dichter einen so wunderbaren Bund Ausgange hin, sondern versucht mit kom</Unicode>
                </TextEquiv>
            </TextLine>
            <TextLine id="r1l8" custom="readingOrder {index:7;}">
                <Coords points="342,1840 1154,1858 1387,1844 1388,1792 342,1788"/>
                <Baseline points="359,1834 409,1834 460,1834 510,1835 561,1835 611,1836 662,1836 712,1836 763,1837 813,1837 864,1837 914,1838 965,1838 1015,1838 1066,1838 1116,1838 1167,1838 1217,1837 1268,1837 1318,1837 1369,1836"/>
                <TextEquiv>
                    <Unicode>sich das Werk, nicht ohne Zwang, ins Tragische wendet.</Unicode>
                </TextEquiv>
            </TextLine>
            <TextLine id="r1l9" custom="readingOrder {index:8;}">
                <Coords points="1395,1857 3334,1872 3312,1801 1395,1794"/>
                <Baseline points="1414,1838 1509,1838 1604,1838 1699,1838 1794,1838 1889,1838 1984,1839 2079,1839 2174,1840 2269,1840 2364,1841 2459,1842 2554,1843 2649,1844 2744,1845 2839,1846 2934,1847 3029,1848 3124,1849 3219,1851 3315,1852"/>
                <TextEquiv>
                    <Unicode>schließen, schon auf der Höhe seiner epischen Kunst zeigt. Menschen ein naturwissenschaftliches Experime#</Unicode>
                </TextEquiv>
            </TextLine>
            <TextLine id="r1l10" custom="readingOrder {index:9;}">
                <Coords points="332,1887 1400,1897 1378,1841 332,1831"/>
                <Baseline points="350,1883 401,1885 453,1886 504,1887 556,1887 607,1888 659,1888 710,1888 762,1888 813,1888 865,1888 916,1887 968,1887 1019,1887 1071,1886 1122,1886 1174,1886 1225,1885 1277,1885 1328,1885 1380,1885"/>
                <TextEquiv>
                    <Unicode>Sie wird zur Hero, so wie durch das ganze Stück</Unicode>
                </TextEquiv>
            </TextLine>
            <TextLine id="r1l11" custom="readingOrder {index:10;}">
                <Coords points="1426,1895 3332,1904 3332,1848 1427,1855"/>
                <Baseline points="1446,1885 1539,1886 1632,1887 1726,1888 1819,1888 1913,1889 2006,1889 2100,1890 2193,1890 2287,1891 2380,1891 2473,1892 2567,1892 2660,1893 2754,1894 2847,1895 2941,1896 3034,1898 3128,1900 3221,1902 3315,1904"/>
                <TextEquiv>
                    <Unicode>In seiner zweiten Periode tritt Schnitzler Ibsen wird aus Amandus und seiner Gattin, wen</Unicode>
                </TextEquiv>
            </TextLine>
            <TextLine id="r1l12" custom="readingOrder {index:11;}">
                <Coords points="337,1938 1390,1944 1390,1892 337,1887"/>
                <Baseline points="357,1935 407,1935 458,1935 509,1935 559,1936 610,1936 661,1936 711,1935 762,1935 813,1935 864,1935 914,1935 965,1935 1016,1934 1066,1934 1117,1934 1168,1934 1218,1934 1269,1934 1320,1934 1371,1934"/>
                <TextEquiv>
                    <Unicode>das Rauschen von „Des Meeres und der Liebe</Unicode>
                </TextEquiv>
            </TextLine>
            <TextLine id="r1l13" custom="readingOrder {index:12;}">
                <Coords points="1384,1947 2437,1965 2437,1895 2315,1872 2174,1909 1384,1884"/>
                <Baseline points="1402,1935 1452,1936 1503,1937 1554,1939 1605,1939 1656,1939 1707,1939 1757,1939 1808,1939 1859,1939 1910,1939 1961,1938 2012,1938 2063,1938 2113,1938 2164,1938 2215,1939 2266,1939 2317,1940 2368,1942 2419,1944"/>
                <TextEquiv>
                    <Unicode>viel näher und schreitet von äußerlicher Nachahmung</Unicode>
                </TextEquiv>
            </TextLine>
            <TextLine id="r1l14" custom="readingOrder {index:13;}">
                <Coords points="2437,1946 3331,1962 3332,1906 2439,1898"/>
                <Baseline points="2458,1937 2500,1938 2543,1939 2586,1940 2628,1940 2671,1941 2714,1942 2756,1943 2799,1944 2842,1945 2885,1945 2927,1946 2970,1947 3013,1949 3055,1950 3098,1951 3141,1952 3183,1953 3226,1954 3269,1955 3312,1956"/>
                <TextEquiv>
                    <Unicode>ihrer Ehe herumzuklügeln beginnen? Ein „H</Unicode>
                </TextEquiv>
            </TextLine>
            <TextLine id="r1l15" custom="readingOrder {index:14;}">
                <Coords points="1387,2002 2444,2005 2444,1953 2381,1946 1387,1946"/>
                <Baseline points="1406,1989 1456,1988 1507,1988 1558,1988 1609,1987 1660,1987 1711,1986 1762,1986 1813,1986 1864,1985 1915,1985 1965,1985 2016,1985 2067,1985 2118,1986 2169,1986 2220,1986 2271,1987 2322,1988 2373,1989 2424,1990"/>
                <TextEquiv>
                    <Unicode>zu innerlicher Verarbeitung. Er antwortet nicht mehr,</Unicode>
                </TextEquiv>
            </TextLine>
            <TextLine id="r1l16" custom="readingOrder {index:15;}">
                <Coords points="331,1978 1395,1998 1395,1958 1269,1935 331,1937"/>
                <Baseline points="350,1983 401,1984 452,1985 503,1986 555,1986 606,1987 657,1987 708,1988 760,1988 811,1988 862,1988 913,1988 965,1988 1016,1989 1067,1989 1118,1989 1170,1989 1221,1989 1272,1989 1323,1990 1375,1990"/>
                <TextEquiv>
                    <Unicode>Wellen“ herüberklingt, so wie selbst die urwüchsige</Unicode>
                </TextEquiv>
            </TextLine>
            <TextLine id="r1l17" custom="readingOrder {index:16;}">
                <Coords points="2428,2001 3225,2016 3325,2010 3326,1954 2428,1946"/>
                <Baseline points="2448,1992 2490,1992 2533,1992 2576,1992 2619,1993 2662,1993 2705,1994 2748,1995 2791,1995 2834,1996 2877,1997 2919,1998 2962,1999 3005,1999 3048,2000 3091,2000 3134,2001 3177,2001 3220,2001 3263,2001 3306,2000"/>
                <TextEquiv>
                    <Unicode>spiel“ für beide, an dessen Abschlusse, der </Unicode>
                </TextEquiv>
            </TextLine>
            <TextLine id="r1l18" custom="readingOrder {index:17;}">
                <Coords points="326,2044 1394,2055 1394,2000 1327,1992 326,1977"/>
                <Baseline points="345,2034 396,2034 447,2033 499,2033 550,2033 602,2033 653,2033 705,2033 756,2033 808,2033 859,2034 910,2034 962,2034 1013,2034 1065,2035 1116,2035 1168,2036 1219,2036 1271,2036 1322,2037 1374,2037"/>
                <TextEquiv>
                    <Unicode>Schlager=Mitzi in der Jauthe eine antike Schwester</Unicode>
                </TextEquiv>
            </TextLine>
            <TextLine id="r1l19" custom="readingOrder {index:18;}">
                <Coords points="1393,2045 2405,2056 2439,1989 1393,2004"/>
                <Baseline points="1412,2035 1462,2035 1513,2035 1563,2035 1614,2035 1664,2035 1715,2036 1765,2036 1816,2036 1866,2036 1917,2037 1967,2037 2018,2037 2068,2037 2119,2038 2169,2038 2220,2038 2270,2038 2321,2038 2371,2038 2422,2038"/>
                <TextEquiv>
                    <Unicode>er fragt. Sein Anatol trägt graues Haar, und das</Unicode>
                </TextEquiv>
            </TextLine>
            <TextLine id="r1l20" custom="readingOrder {index:19;}">
                <Coords points="2429,2046 3207,2071 3230,2050 3330,2074 3331,1996 2430,1998"/>
                <Baseline points="2446,2041 2489,2040 2532,2039 2575,2039 2619,2039 2662,2040 2705,2041 2749,2041 2792,2043 2835,2044 2879,2045 2922,2047 2965,2048 3008,2049 3052,2050 3095,2051 3138,2052 3182,2052 3225,2051 3268,2050 3312,2049"/>
                <TextEquiv>
                    <Unicode>im echten Drama, der einzig mögliche ist, son</Unicode>
                </TextEquiv>
            </TextLine>
            <TextLine id="r1l21" custom="readingOrder {index:20;}">
                <Coords points="335,2102 380,2109 405,2093 461,2089 521,2103 531,2092 569,2099 613,2076 646,2072 646,2038 505,2040 494,2048 334,2042"/>
                <Baseline points="355,2085 382,2085 409,2086 437,2086 464,2086 492,2085 519,2084 546,2083 574,2083 601,2083 629,2083"/>
                <TextEquiv>
                    <Unicode>grüßen darf.</Unicode>
                </TextEquiv>
            </TextLine>
            <TextLine id="r1l22" custom="readingOrder {index:21;}">
                <Coords points="1384,2095 2429,2106 2429,2047 1384,2047"/>
                <Baseline points="1404,2086 1454,2086 1504,2086 1555,2087 1605,2086 1656,2086 1706,2086 1756,2086 1807,2086 1857,2086 1908,2086 1958,2086 2008,2086 2059,2086 2109,2086 2160,2087 2210,2087 2260,2088 2311,2089 2361,2090 2412,2092"/>
                <TextEquiv>
                    <Unicode>traurige Fazit seines Liebeslebens ist die Einsamkeit,</Unicode>
                </TextEquiv>
            </TextLine>
            <TextLine id="r1l23" custom="readingOrder {index:22;}">
                <Coords points="2427,2094 3331,2108 3332,2056 2428,2046"/>
                <Baseline points="2444,2090 2487,2090 2530,2091 2574,2091 2617,2092 2661,2092 2704,2093 2748,2094 2791,2094 2835,2095 2878,2096 2921,2097 2965,2098 3008,2098 3052,2099 3095,2100 3139,2100 3182,2101 3226,2101 3269,2101 3313,2101"/>
                <TextEquiv>
                    <Unicode>einer von vielen, der Dichter selbst sagt:</Unicode>
                </TextEquiv>
            </TextLine>
            <TextLine id="r1l24" custom="readingOrder {index:23;}">
                <Coords points="381,2147 1393,2149 1394,2060 919,2060 815,2093 660,2059 582,2096 381,2092"/>
                <Baseline points="398,2131 446,2132 495,2133 544,2134 593,2134 642,2135 690,2135 739,2136 788,2136 837,2136 886,2136 934,2136 983,2136 1032,2136 1081,2136 1130,2135 1178,2135 1227,2135 1276,2135 1325,2134 1374,2134"/>
                <TextEquiv>
                    <Unicode>Also: selbst hinter der jugendlichen Sicherheit der</Unicode>
                </TextEquiv>
            </TextLine>
            <TextLine id="r1l25" custom="readingOrder {index:24;}">
                <Coords points="1396,2145 2434,2153 2434,2098 1396,2093"/>
                <Baseline points="1413,2138 1463,2138 1513,2137 1563,2137 1613,2137 1664,2137 1714,2137 1764,2137 1814,2137 1864,2137 1915,2138 1965,2138 2015,2138 2065,2139 2115,2139 2166,2139 2216,2140 2266,2140 2316,2141 2366,2141 2417,2142"/>
                <TextEquiv>
                    <Unicode>seine unbefriedigte Sehnsucht wird zuweilen zur Re¬</Unicode>
                </TextEquiv>
            </TextLine>
            <TextLine id="r1l26" custom="readingOrder {index:25;}">
                <Coords points="2430,2151 3320,2163 3321,2111 2431,2095"/>
                <Baseline points="2450,2136 2492,2137 2535,2139 2577,2140 2620,2142 2663,2142 2705,2143 2748,2144 2791,2144 2833,2145 2876,2145 2919,2146 2961,2146 3004,2147 3047,2148 3089,2149 3132,2149 3175,2150 3217,2152 3260,2153 3303,2155"/>
                <TextEquiv>
                    <Unicode>Versuch ist mißglückt.“ Was wird aus </Unicode>
                </TextEquiv>
            </TextLine>
            <TextLine id="r1l27" custom="readingOrder {index:26;}">
                <Coords points="330,2195 1253,2182 1397,2209 1398,2145 330,2147"/>
                <Baseline points="347,2186 398,2185 450,2185 501,2184 553,2184 604,2183 656,2183 707,2183 759,2182 810,2182 862,2182 914,2182 965,2182 1017,2183 1068,2183 1120,2184 1171,2184 1223,2185 1274,2186 1326,2188 1378,2189"/>
                <TextEquiv>
                    <Unicode>Zweifel, zunächst als leiser Unterton. Genau so ergeht</Unicode>
                </TextEquiv>
            </TextLine>
            <TextLine id="r1l28" custom="readingOrder {index:27;}">
                <Coords points="1388,2199 2429,2202 2429,2154 2396,2146 2070,2127 1388,2143"/>
                <Baseline points="1405,2187 1455,2187 1505,2187 1556,2187 1606,2187 1656,2187 1707,2187 1757,2187 1807,2187 1858,2187 1908,2187 1958,2188 2009,2188 2059,2188 2109,2188 2160,2188 2210,2189 2260,2189 2311,2189 2361,2190 2412,2190"/>
                <TextEquiv>
                    <Unicode>signation und Weisheit der Ergebung, öfter aber zur</Unicode>
                </TextEquiv>
            </TextLine>
            <TextLine id="r1l29" custom="readingOrder {index:28;}">
                <Coords points="2424,2200 3325,2214 3315,2150 2425,2151"/>
                <Baseline points="2442,2188 2485,2190 2528,2191 2571,2192 2615,2193 2658,2195 2701,2196 2745,2196 2788,2197 2831,2198 2875,2199 2918,2199 2961,2200 3004,2200 3048,2201 3091,2201 3134,2201 3178,2202 3221,2202 3264,2202 3308,2202"/>
                <TextEquiv>
                    <Unicode>und Frau Gina, die das inquisitorisch</Unicode>
                </TextEquiv>
            </TextLine>
            <TextLine id="r1l30" custom="readingOrder {index:29;}">
                <Coords points="332,2245 1392,2247 1392,2207 1259,2187 332,2186"/>
                <Baseline points="350,2232 401,2233 452,2233 503,2234 555,2235 606,2235 657,2236 708,2237 760,2237 811,2238 862,2238 913,2239 965,2239 1016,2239 1067,2239 1118,2239 1170,2239 1221,2239 1272,2238 1323,2237 1375,2236"/>
                <TextEquiv>
                    <Unicode>es Schnitzler, wo er sich der Problemdramatik zu¬</Unicode>
                </TextEquiv>
            </TextLine>
            <TextLine id="r1l31" custom="readingOrder {index:30;}">
                <Coords points="1375,2253 2402,2251 2436,2195 1375,2205"/>
                <Baseline points="1394,2235 1445,2236 1496,2238 1547,2239 1598,2239 1650,2240 1701,2240 1752,2240 1803,2240 1854,2240 1906,2239 1957,2239 2008,2239 2059,2239 2110,2239 2162,2239 2213,2239 2264,2239 2315,2239 2366,2240 2418,2241"/>
                <TextEquiv>
                    <Unicode>Erbitterung gegen das Schicksal, das nunmehr als</Unicode>
                </TextEquiv>
            </TextLine>
            <TextLine id="r1l32" custom="readingOrder {index:31;}">
                <Coords points="2429,2252 2640,2258 2685,2225 2718,2259 2933,2243 2966,2277 2996,2251 3326,2262 3327,2207 2430,2197"/>
                <Baseline points="2448,2241 2491,2240 2534,2240 2577,2240 2620,2240 2663,2241 2706,2242 2749,2243 2792,2245 2835,2245 2878,2246 2921,2248 2964,2249 3007,2249 3050,2249 3093,2249 3136,2249 3179,2248 3222,2247 3265,2246 3308,2243"/>
                <TextEquiv>
                    <Unicode>fahren des Gatten in die Arme eines</Unicode>
                </TextEquiv>
            </TextLine>
            <TextLine id="r1l33" custom="readingOrder {index:32;}">
                <Coords points="328,2274 576,2304 1388,2299 1388,2243 328,2237"/>
                <Baseline points="345,2286 396,2286 447,2285 498,2285 550,2285 601,2286 652,2286 703,2286 755,2287 806,2287 857,2288 908,2288 960,2289 1011,2289 1062,2289 1113,2289 1165,2288 1216,2288 1267,2287 1318,2286 1370,2285"/>
                <TextEquiv>
                    <Unicode>wendet. Er will sich gegen das Duell, gegen die Herab¬</Unicode>
                </TextEquiv>
            </TextLine>
            <TextLine id="r1l34" custom="readingOrder {index:33;}">
                <Coords points="1379,2305 2428,2292 2428,2244 2332,2236 1379,2242"/>
                <Baseline points="1396,2284 1446,2285 1497,2285 1547,2286 1598,2286 1649,2287 1699,2287 1750,2287 1800,2287 1851,2287 1902,2287 1952,2287 2003,2286 2053,2286 2104,2286 2155,2286 2205,2287 2256,2287 2306,2287 2357,2288 2408,2288"/>
                <TextEquiv>
                    <Unicode>unerbittliche Göttin über Schnitzlers ganzer Gedanken¬</Unicode>
                </TextEquiv>
            </TextLine>
            <TextLine id="r1l35" custom="readingOrder {index:34;}">
                <Coords points="2420,2302 3324,2312 3325,2264 2421,2239"/>
                <Baseline points="2440,2289 2483,2289 2526,2289 2570,2289 2613,2289 2656,2289 2700,2290 2743,2291 2786,2291 2830,2293 2873,2294 2916,2295 2960,2296 3003,2296 3046,2297 3090,2298 3133,2298 3176,2299 3220,2299 3263,2299 3307,2298"/>
                <TextEquiv>
                    <Unicode>treibt, was wird aus dem armen w#</Unicode>
                </TextEquiv>
            </TextLine>
            <TextLine id="r1l36" custom="readingOrder {index:35;}">
                <Coords points="334,2339 1391,2347 1391,2284 1268,2276 334,2287"/>
                <Baseline points="351,2335 402,2335 453,2336 504,2336 555,2336 606,2336 657,2336 708,2336 759,2335 810,2335 861,2335 912,2335 963,2335 1014,2335 1065,2335 1116,2335 1167,2335 1218,2335 1269,2336 1320,2336 1371,2337"/>
                <TextEquiv>
                    <Unicode>würdigung gefallener Mädchen erklären, er will die</Unicode>
                </TextEquiv>
            </TextLine>
            <TextLine id="r1l37" custom="readingOrder {index:36;}">
                <Coords points="1389,2342 2431,2356 2431,2289 1389,2298"/>
                <Baseline points="1409,2334 1459,2334 1509,2335 1559,2335 1610,2336 1660,2336 1710,2336 1760,2336 1811,2336 1861,2336 1911,2336 1961,2336 2012,2336 2062,2336 2112,2336 2162,2336 2213,2336 2263,2336 2313,2337 2363,2337 2414,2338"/>
                <TextEquiv>
                    <Unicode>welt thront. Die unheimliche Zwangsvorstellung des</Unicode>
                </TextEquiv>
            </TextLine>
            <TextLine id="r1l38" custom="readingOrder {index:37;}">
                <Coords points="2427,2342 3331,2359 3332,2300 2427,2298"/>
                <Baseline points="2446,2334 2489,2335 2532,2336 2576,2337 2619,2337 2663,2338 2706,2338 2749,2339 2793,2340 2836,2340 2880,2341 2923,2341 2966,2341 3010,2342 3053,2342 3097,2342 3140,2343 3183,2343 3227,2343 3270,2343 3314,2343"/>
                <TextEquiv>
                    <Unicode>Wesen, das in der „Hirtenflöte“ ins wilde L#</Unicode>
                </TextEquiv>
            </TextLine>
            <TextLine id="r1l39" custom="readingOrder {index:38;}">
                <Coords points="334,2384 1391,2401 1391,2341 1124,2315 890,2352 334,2340"/>
                <Baseline points="351,2384 402,2384 453,2384 504,2385 555,2385 606,2385 657,2385 708,2385 759,2385 810,2385 861,2385 912,2385 963,2385 1014,2385 1065,2385 1116,2385 1167,2385 1218,2385 1269,2386 1320,2386 1372,2386"/>
                <TextEquiv>
                    <Unicode>Geliebte des Sohnes als Witwe in dessen väterliches Haus</Unicode>
                </TextEquiv>
            </TextLine>
            <TextLine id="r1l40" custom="readingOrder {index:39;}">
                <Coords points="1394,2393 2436,2402 2436,2354 2354,2343 1394,2342"/>
                <Baseline points="1412,2383 1462,2384 1512,2385 1562,2386 1612,2387 1663,2387 1713,2387 1763,2387 1813,2387 1863,2387 1914,2387 1964,2387 2014,2387 2064,2387 2114,2387 2165,2386 2215,2386 2265,2386 2315,2387 2365,2387 2416,2387"/>
                <TextEquiv>
                    <Unicode>Todes, die ihn selbst in seinen frohesten Stunden</Unicode>
                </TextEquiv>
            </TextLine>
            <TextLine id="r1l41" custom="readingOrder {index:40;}">
                <Coords points="2428,2396 3340,2400 3340,2340 3029,2338 2958,2363 2428,2340"/>
                <Baseline points="2445,2390 2488,2389 2532,2388 2576,2387 2620,2386 2663,2386 2707,2386 2751,2387 2795,2387 2838,2388 2882,2388 2926,2389 2970,2390 3013,2390 3057,2391 3101,2392 3145,2392 3188,2393 3232,2393 3276,2393 3320,2393"/>
                <TextEquiv>
                    <Unicode>stoßen wird? Der Dichter, die Lupe vor den</Unicode>
                </TextEquiv>
            </TextLine>
            <TextLine id="r1l42" custom="readingOrder {index:41;}">
                <Coords points="324,2440 1388,2444 1388,2393 324,2388"/>
                <Baseline points="343,2434 394,2434 445,2434 496,2434 548,2434 599,2434 650,2434 701,2435 753,2435 804,2435 855,2435 906,2435 958,2435 1009,2435 1060,2435 1111,2435 1163,2435 1214,2435 1265,2435 1316,2434 1368,2434"/>
                <TextEquiv>
                    <Unicode>führen: in der Arbeit erscheint ihm Für und Wider,</Unicode>
                </TextEquiv>
            </TextLine>
            <TextLine id="r1l43" custom="readingOrder {index:42;}">
                <Coords points="1377,2439 3313,2440 3242,2392 1377,2391"/>
                <Baseline points="1396,2433 1495,2435 1595,2436 1695,2437 1795,2437 1895,2438 1995,2438 2095,2438 2195,2438 2295,2437 2395,2437 2495,2437 2595,2437 2695,2437 2795,2437 2895,2438 2995,2439 3095,2440 3195,2441 3295,2443"/>
                <TextEquiv>
                    <Unicode>nicht verließ, hat ihn zum Fatalismus geführt, und beobachtet. Derartig subtile Analysen haben</Unicode>
                </TextEquiv>
            </TextLine>
            <TextLine id="r1l44" custom="readingOrder {index:43;}">
                <Coords points="326,2484 1390,2506 1390,2447 1227,2436 326,2447"/>
                <Baseline points="345,2484 396,2485 447,2485 498,2485 550,2485 601,2485 652,2485 704,2485 755,2485 806,2485 858,2484 909,2484 960,2484 1011,2484 1063,2484 1114,2484 1165,2484 1217,2485 1268,2485 1319,2486 1371,2487"/>
                <TextEquiv>
                    <Unicode>der Fall wird dialektisch erörtert, darüber entschwindet</Unicode>
                </TextEquiv>
            </TextLine>
            <TextLine id="r1l45" custom="readingOrder {index:44;}">
                <Coords points="1385,2489 3320,2518 3321,2444 1385,2441"/>
                <Baseline points="1402,2485 1501,2486 1601,2486 1701,2486 1801,2486 1901,2486 2001,2486 2101,2486 2201,2486 2301,2486 2401,2486 2501,2486 2601,2487 2701,2487 2801,2488 2901,2489 3001,2490 3101,2491 3201,2493 3301,2495"/>
                <TextEquiv>
                    <Unicode>dieser wieder läßt ihn auf das Leben, dessen dürfen eine gewisse Kälte, sie bedingen h</Unicode>
                </TextEquiv>
            </TextLine>
            <TextLine id="r1l46" custom="readingOrder {index:45;}">
                <Coords points="322,2532 578,2562 1393,2536 1393,2492 322,2492"/>
                <Baseline points="339,2537 390,2536 442,2536 494,2535 546,2535 597,2535 649,2535 701,2534 753,2534 804,2534 856,2534 908,2534 960,2534 1011,2535 1063,2535 1115,2535 1167,2535 1218,2536 1270,2536 1322,2536 1374,2537"/>
                <TextEquiv>
                    <Unicode>ihm nicht nur seine Thesis, auch seine Menschen werden</Unicode>
                </TextEquiv>
            </TextLine>
            <TextLine id="r1l47" custom="readingOrder {index:46;}">
                <Coords points="1390,2542 1846,2561 2243,2528 2439,2562 2440,2499 1390,2490"/>
                <Baseline points="1409,2536 1459,2536 1510,2536 1560,2536 1611,2536 1661,2536 1712,2536 1762,2536 1813,2536 1863,2536 1914,2537 1965,2537 2015,2537 2066,2537 2116,2537 2167,2537 2217,2537 2268,2537 2318,2537 2369,2537 2420,2537"/>
                <TextEquiv>
                    <Unicode>Anfang er ebensowenig erfaßt wie sein brutales</Unicode>
                </TextEquiv>
            </TextLine>
            <TextLine id="r1l48" custom="readingOrder {index:47;}">
                <Coords points="2431,2543 2594,2560 2802,2529 2924,2556 2977,2531 3106,2562 3214,2534 3321,2558 3322,2498 3281,2487 2432,2495"/>
                <Baseline points="2449,2536 2491,2536 2534,2536 2576,2536 2619,2536 2662,2537 2704,2537 2747,2538 2789,2538 2832,2539 2875,2540 2917,2540 2960,2541 3002,2542 3045,2542 3088,2543 3130,2543 3173,2544 3215,2544 3258,2544 3301,2544"/>
                <TextEquiv>
                    <Unicode>Subjektivität die schärfste Erwägung von</Unicode>
                </TextEquiv>
            </TextLine>
            <TextLine id="r1l49" custom="readingOrder {index:48;}">
                <Coords points="323,2588 1365,2601 1391,2541 323,2547"/>
                <Baseline points="342,2584 393,2585 445,2585 496,2586 548,2586 600,2587 651,2587 703,2587 754,2587 806,2587 858,2587 909,2587 961,2587 1012,2587 1064,2587 1116,2586 1167,2586 1219,2586 1270,2587 1322,2587 1374,2587"/>
                <TextEquiv>
                    <Unicode>Theoretiker. Im „Weg ins Freie“ hat er sich</Unicode>
                </TextEquiv>
            </TextLine>
            <TextLine id="r1l50" custom="readingOrder {index:49;}">
                <Coords points="1381,2594 2427,2593 2427,2545 2245,2530 1381,2538"/>
                <Baseline points="1399,2586 1449,2587 1499,2587 1550,2588 1600,2588 1651,2587 1701,2587 1752,2587 1802,2586 1853,2586 1903,2585 1953,2585 2004,2585 2054,2585 2105,2585 2155,2585 2206,2585 2256,2586 2307,2587 2357,2588 2408,2590"/>
                <TextEquiv>
                    <Unicode>Ende, herabblicken wie auf ein Spiel, die Menschen,</Unicode>
                </TextEquiv>
            </TextLine>
            <TextLine id="r1l51" custom="readingOrder {index:50;}">
                <Coords points="2413,2605 3288,2603 3329,2599 3330,2555 2974,2529 2933,2551 2414,2542"/>
                <Baseline points="2433,2589 2479,2588 2525,2587 2571,2586 2618,2586 2664,2586 2710,2587 2756,2587 2803,2588 2849,2589 2895,2590 2941,2591 2988,2591 3034,2592 3080,2593 3126,2593 3173,2594 3219,2594 3265,2593 3312,2593"/>
                <TextEquiv>
                    <Unicode>dadurch entsteht leicht der Eindruck von Tempe</Unicode>
                </TextEquiv>
            </TextLine>
            <TextLine id="r1l52" custom="readingOrder {index:51;}">
                <Coords points="1376,2634 3341,2642 3104,2590 1376,2590"/>
                <Baseline points="1395,2637 1491,2637 1587,2636 1683,2636 1780,2636 1876,2636 1972,2636 2069,2636 2165,2636 2261,2636 2358,2637 2454,2637 2550,2637 2646,2638 2743,2639 2839,2640 2935,2641 3032,2641 3128,2643 3224,2644 3321,2645"/>
                <TextEquiv>
                    <Unicode>die da agieren, tanzen auf Drähten, und der Dichter, losigkeit und Härte, er stellt sich bei Schnitz###</Unicode>
                </TextEquiv>
            </TextLine>
            <TextLine id="r1l53" custom="readingOrder {index:52;}">
                <Coords points="326,2699 1398,2699 1398,2621 1175,2655 326,2647"/>
                <Baseline points="344,2688 395,2688 447,2687 499,2687 551,2686 603,2686 654,2686 706,2686 758,2686 810,2686 862,2686 913,2686 965,2686 1017,2686 1069,2686 1121,2687 1172,2687 1224,2687 1276,2687 1328,2687 1380,2688"/>
                <TextEquiv>
                    <Unicode>„Gerecht . .. überall mag man es sein, nur nicht im</Unicode>
                </TextEquiv>
            </TextLine>
            <TextLine id="r1l54" custom="readingOrder {index:53;}">
                <Coords points="1390,2700 3314,2702 3158,2642 1390,2640"/>
                <Baseline points="1409,2684 1503,2685 1597,2686 1692,2686 1786,2687 1880,2687 1975,2687 2069,2687 2163,2687 2258,2687 2352,2687 2446,2687 2541,2687 2635,2687 2729,2688 2824,2688 2918,2689 3012,2690 3107,2690 3201,2692 3296,2693"/>
                <TextEquiv>
                    <Unicode>der sie zu leiten glaubte, fällt selbst durch einen zuweilen ein; aber der Dichter siegt durch</Unicode>
                </TextEquiv>
            </TextLine>
            <TextLine id="r1l55" custom="readingOrder {index:54;}">
                <Coords points="329,2740 1270,2753 1393,2742 1393,2698 329,2703"/>
                <Baseline points="348,2735 399,2735 450,2735 501,2735 553,2735 604,2735 655,2735 707,2735 758,2735 809,2735 861,2735 912,2735 963,2735 1014,2736 1066,2736 1117,2736 1168,2736 1220,2736 1271,2736 1322,2737 1374,2737"/>
                <TextEquiv>
                    <Unicode>Drama. Es muß scheinbar erledigt werden, und das</Unicode>
                </TextEquiv>
            </TextLine>
            <TextLine id="r1l56" custom="readingOrder {index:55;}">
                <Coords points="1388,2741 3319,2752 3297,2689 1388,2697"/>
                <Baseline points="1406,2732 1500,2733 1595,2734 1690,2735 1785,2736 1879,2736 1974,2737 2069,2737 2164,2737 2258,2737 2353,2737 2448,2737 2543,2738 2637,2738 2732,2738 2827,2738 2922,2739 3016,2739 3111,2740 3206,2741 3301,2742"/>
                <TextEquiv>
                    <Unicode>raschen Schnitt der Schere entseelt zu Boden. Wer vergleichliche Innigkeit des Vortrages der,</Unicode>
                </TextEquiv>
            </TextLine>
            <TextLine id="r1l57" custom="readingOrder {index:56;}">
                <Coords points="318,2780 1190,2813 1393,2790 1393,2742 318,2743"/>
                <Baseline points="335,2783 387,2785 439,2786 491,2787 543,2787 595,2787 647,2787 699,2787 751,2787 803,2787 855,2786 907,2786 959,2785 1011,2785 1063,2785 1115,2785 1167,2785 1219,2785 1271,2785 1323,2786 1376,2786"/>
                <TextEquiv>
                    <Unicode>kann nur Einer, der den Mut der Einfalt oder das</Unicode>
                </TextEquiv>
            </TextLine>
            <TextLine id="r1l58" custom="readingOrder {index:57;}">
                <Coords points="1382,2790 3329,2798 3329,2746 3177,2735 1383,2742"/>
                <Baseline points="1402,2782 1497,2783 1592,2785 1688,2785 1783,2786 1879,2787 1974,2787 2070,2788 2165,2788 2261,2788 2356,2788 2451,2789 2547,2789 2642,2789 2738,2789 2833,2789 2929,2790 3024,2790 3120,2791 3215,2792 3311,2793"/>
                <TextEquiv>
                    <Unicode>die Chronologie der Schnitzlerschen Schriften nicht auf künstlerischer Höhe, sich stark dem Goe</Unicode>
                </TextEquiv>
            </TextLine>
            <TextLine id="r1l59" custom="readingOrder {index:58;}">
                <Coords points="1381,2841 2437,2852 2438,2792 1381,2793"/>
                <Baseline points="1398,2836 1449,2835 1500,2835 1551,2834 1602,2834 1653,2834 1704,2834 1755,2835 1806,2835 1857,2835 1908,2836 1959,2836 2010,2836 2061,2837 2112,2837 2163,2837 2214,2837 2265,2837 2316,2837 2367,2837 2419,2837"/>
                <TextEquiv>
                    <Unicode>kennt, müßte ein Werk wie „Der einsame</Unicode>
                </TextEquiv>
            </TextLine>
            <TextLine id="r1l60" custom="readingOrder {index:59;}">
                <Coords points="323,2844 1395,2843 1395,2791 323,2784"/>
                <Baseline points="342,2833 393,2835 445,2836 496,2837 548,2837 600,2837 651,2837 703,2837 755,2837 806,2836 858,2836 910,2836 961,2835 1013,2835 1065,2835 1116,2835 1168,2835 1220,2835 1271,2836 1323,2837 1375,2839"/>
                <TextEquiv>
                    <Unicode>Temperament besitzt, Partei zu ergreifen.“ So sind</Unicode>
                </TextEquiv>
            </TextLine>
            <TextLine id="r1l61" custom="readingOrder {index:60;}">
                <Coords points="2417,2849 3340,2851 3340,2799 3040,2797 3014,2771 2962,2800 2417,2793"/>
                <Baseline points="2437,2838 2481,2838 2525,2838 2569,2837 2613,2837 2658,2837 2702,2837 2746,2837 2790,2838 2834,2838 2879,2838 2923,2839 2967,2839 3011,2840 3055,2840 3100,2841 3144,2841 3188,2842 3232,2842 3276,2842 3321,2843"/>
                <TextEquiv>
                    <Unicode>Altersstile annähert, ein musikalischer Wohlkla</Unicode>
                </TextEquiv>
            </TextLine>
            <TextLine id="r1l62" custom="readingOrder {index:61;}">
                <Coords points="1377,2895 1877,2900 1933,2870 2007,2904 2430,2893 2430,2853 2374,2845 1377,2836"/>
                <Baseline points="1395,2884 1445,2884 1496,2884 1547,2885 1598,2885 1649,2885 1700,2885 1750,2886 1801,2886 1852,2887 1903,2887 1954,2887 2005,2887 2056,2887 2106,2887 2157,2887 2208,2887 2259,2887 2310,2886 2361,2885 2412,2884"/>
                <TextEquiv>
                    <Unicode>Weg“ gerade in seinen tiefen, unverarbeiteten</Unicode>
                </TextEquiv>
            </TextLine>
            <TextLine id="r1l63" custom="readingOrder {index:62;}">
                <Coords points="322,2892 1382,2890 1382,2842 322,2840"/>
                <Baseline points="341,2885 392,2885 443,2886 494,2886 545,2887 596,2887 647,2887 698,2887 749,2887 800,2887 852,2886 903,2886 954,2886 1005,2886 1056,2886 1107,2886 1158,2885 1209,2885 1260,2885 1311,2885 1363,2886"/>
                <TextEquiv>
                    <Unicode>die größeren dramatischen Jugendwerke, wie „Das</Unicode>
                </TextEquiv>
            </TextLine>
            <TextLine id="r1l64" custom="readingOrder {index:63;}">
                <Coords points="2417,2891 3221,2915 3333,2894 3333,2849 2418,2846"/>
                <Baseline points="2434,2885 2480,2885 2526,2884 2572,2884 2619,2884 2665,2885 2711,2885 2757,2885 2804,2886 2850,2886 2896,2887 2942,2888 2989,2888 3035,2889 3081,2890 3127,2891 3174,2892 3220,2892 3266,2893 3313,2894"/>
                <TextEquiv>
                    <Unicode>Reinheit und Güte bestrickt unser Ohr. Imme</Unicode>
                </TextEquiv>
            </TextLine>
            <TextLine id="r1l65" custom="readingOrder {index:64;}">
                <Coords points="326,2946 1379,2952 1379,2893 326,2890"/>
                <Baseline points="346,2939 396,2938 447,2938 498,2938 548,2937 599,2937 650,2936 700,2936 751,2935 802,2935 853,2935 903,2934 954,2934 1005,2934 1055,2934 1106,2934 1157,2934 1207,2934 1258,2934 1309,2934 1360,2935"/>
                <TextEquiv>
                    <Unicode>Märchen", „Freiwild", „Das Vermächtsnis“, reizvoll</Unicode>
                </TextEquiv>
            </TextLine>
            <TextLine id="r1l66" custom="readingOrder {index:65;}">
                <Coords points="1382,2946 3255,2956 3336,2949 3336,2889 1382,2894"/>
                <Baseline points="1400,2938 1501,2938 1602,2938 1703,2938 1804,2938 1905,2938 2006,2938 2107,2938 2208,2938 2309,2938 2410,2938 2511,2938 2612,2938 2713,2938 2814,2939 2915,2939 3016,2940 3117,2940 3218,2941 3319,2942"/>
                <TextEquiv>
                    <Unicode>Intentionen für das Produkt eines hohen, lebensmüden gelingt es ihm, das Gespräch zum Drama zu ##</Unicode>
                </TextEquiv>
            </TextLine>
            <TextLine id="r1l67" custom="readingOrder {index:66;}">
                <Coords points="325,2983 1378,2999 1355,2947 325,2935"/>
                <Baseline points="345,2985 395,2986 446,2986 496,2987 547,2987 598,2986 648,2986 699,2986 750,2985 800,2985 851,2984 902,2984 952,2984 1003,2983 1054,2983 1104,2983 1155,2983 1206,2983 1256,2984 1307,2985 1358,2986"/>
                <TextEquiv>
                    <Unicode>in ihrem Milieu, in ihren prächtigen Genreszenen,</Unicode>
                </TextEquiv>
            </TextLine>
            <TextLine id="r1l68" custom="readingOrder {index:67;}">
                <Coords points="1376,2993 3341,3011 3289,2944 1376,2945"/>
                <Baseline points="1395,2982 1491,2984 1587,2985 1683,2986 1780,2987 1876,2988 1972,2988 2069,2989 2165,2989 2261,2989 2358,2989 2454,2989 2550,2989 2646,2989 2743,2990 2839,2990 2935,2990 3032,2990 3128,2991 3224,2991 3321,2992"/>
                <TextEquiv>
                    <Unicode>Greisenalters ansehen; wie Schnitzler dieses Stück und immer weniger will äußerliche Theatrali#</Unicode>
                </TextEquiv>
            </TextLine>
            <TextLine id="r1l69" custom="readingOrder {index:68;}">
                <Coords points="320,3044 1387,3055 1387,2992 320,2981"/>
                <Baseline points="337,3036 388,3036 440,3037 491,3037 543,3037 594,3037 646,3037 697,3037 749,3037 800,3036 852,3036 903,3036 955,3036 1006,3036 1058,3036 1109,3036 1161,3036 1212,3036 1264,3037 1315,3037 1367,3038"/>
                <TextEquiv>
                    <Unicode>die namentlich die Welt des Theaters schon mit</Unicode>
                </TextEquiv>
            </TextLine>
            <TextLine id="r1l70" custom="readingOrder {index:69;}">
                <Coords points="1372,3051 2425,3053 2425,2998 2299,2986 1372,2991"/>
                <Baseline points="1392,3035 1442,3035 1493,3036 1544,3036 1595,3037 1646,3037 1696,3038 1747,3038 1798,3038 1849,3038 1900,3038 1950,3038 2001,3038 2052,3038 2103,3038 2154,3038 2204,3038 2255,3038 2306,3038 2357,3038 2408,3037"/>
                <TextEquiv>
                    <Unicode>schrieb, ist er viel älter gewesen als heute, viel älter</Unicode>
                </TextEquiv>
            </TextLine>
            <TextLine id="r1l71" custom="readingOrder {index:70;}">
                <Coords points="2413,3053 3333,3056 3333,3001 3289,2997 2414,2990"/>
                <Baseline points="2432,3041 2476,3041 2520,3040 2564,3040 2608,3040 2652,3039 2696,3039 2741,3039 2785,3039 2829,3040 2873,3040 2917,3040 2961,3040 3005,3041 3050,3041 3094,3041 3138,3042 3182,3042 3226,3043 3270,3043 3315,3044"/>
                <TextEquiv>
                    <Unicode>sie z. B. „Der Ruf des Lebens“ bringt, in das</Unicode>
                </TextEquiv>
            </TextLine>
            <TextLine id="r1l72" custom="readingOrder {index:71;}">
                <Coords points="1380,3094 2363,3103 2426,3092 2426,3040 1380,3042"/>
                <Baseline points="1399,3087 1449,3087 1500,3087 1550,3086 1601,3086 1651,3086 1702,3086 1752,3085 1803,3085 1853,3085 1904,3085 1954,3085 2005,3085 2055,3085 2106,3085 2156,3085 2207,3085 2257,3085 2308,3085 2358,3086 2409,3086"/>
                <TextEquiv>
                    <Unicode>schon als in seinen folgenden Werken, in denen er an</Unicode>
                </TextEquiv>
            </TextLine>
            <TextLine id="r1l73" custom="readingOrder {index:72;}">
                <Coords points="330,3100 1394,3095 1394,3040 1287,3032 1087,3058 330,3037"/>
                <Baseline points="348,3085 399,3086 450,3086 502,3086 553,3086 605,3086 656,3087 707,3087 759,3087 810,3087 862,3088 913,3088 964,3088 1016,3088 1067,3088 1119,3088 1170,3088 1221,3088 1273,3088 1324,3087 1376,3087"/>
                <TextEquiv>
                    <Unicode>feinstem Humor auf die Szene stellen, aber gerade in</Unicode>
                </TextEquiv>
            </TextLine>
            <TextLine id="r1l74" custom="readingOrder {index:73;}">
                <Coords points="2416,3093 3073,3108 3199,3079 3332,3113 3332,3046 3181,3023 2417,3052"/>
                <Baseline points="2434,3085 2480,3086 2526,3086 2572,3086 2619,3087 2665,3087 2711,3087 2757,3087 2804,3087 2850,3087 2896,3087 2942,3088 2989,3088 3035,3088 3081,3088 3127,3089 3174,3089 3220,3090 3266,3090 3313,3091"/>
                <TextEquiv>
                    <Unicode>verästelte Gefüge seiner Seelenstudien passen</Unicode>
                </TextEquiv>
            </TextLine>
            <TextLine id="r1l75" custom="readingOrder {index:74;}">
                <Coords points="328,3140 3327,3146 328,3081"/>
                <Baseline points="345,3134 493,3136 641,3137 789,3138 937,3139 1085,3140 1233,3140 1381,3141 1529,3141 1677,3141 1826,3140 1974,3140 2122,3140 2270,3140 2418,3139 2566,3139 2714,3139 2862,3139 3010,3139 3158,3140 3307,3140"/>
                <TextEquiv>
                    <Unicode>ihrem Streben, abschließen zu wollen, unfertig; auch das Ohr eines müde gehetzten Mädchens verheißungs= seiner Frühzeit gaben sich die Menschen</Unicode>
                </TextEquiv>
            </TextLine>
            <TextLine id="r1l76" custom="readingOrder {index:75;}">
                <Coords points="317,3229 3320,3235 3320,3149 3002,3134 317,3137"/>
                <Baseline points="335,3189 483,3191 631,3192 779,3193 928,3193 1076,3193 1224,3193 1372,3192 1521,3191 1669,3191 1817,3190 1965,3189 2114,3189 2262,3188 2410,3189 2558,3189 2707,3190 2855,3192 3003,3194 3151,3197 3300,3201"/>
                <TextEquiv>
                    <Unicode>die ausgesponnene Novelle „Frau Bertha Garlan“ voll den Ruf des Lebens dringen oder einen jungen! Dramen durchwegs in Selbstdarstellung</Unicode>
                </TextEquiv>
            </TextLine>
            <TextEquiv>
                <Unicode>box 39/1
1. 50th Birthday
nd unbekümmerte Lebensfreude sich zu zerstören: sucht zu ihrer Idee erst die Menschen, während ihn Künstler über Episoden des Liebeslebrus hinau
wie wenig sie dem Geliebten bedeutet hat, macht sie
gleich eine seiner ersten Erzählungen, „Sterben“ in ließ. Jetzt drängt sein Drama nicht zum vorbe
sich in bittersten Vorwürfen klar, aus denen heraus
der Arzt und Dichter einen so wunderbaren Bund Ausgange hin, sondern versucht mit kom
sich das Werk, nicht ohne Zwang, ins Tragische wendet.
schließen, schon auf der Höhe seiner epischen Kunst zeigt. Menschen ein naturwissenschaftliches Experime#
Sie wird zur Hero, so wie durch das ganze Stück
In seiner zweiten Periode tritt Schnitzler Ibsen wird aus Amandus und seiner Gattin, wen
das Rauschen von „Des Meeres und der Liebe
viel näher und schreitet von äußerlicher Nachahmung
ihrer Ehe herumzuklügeln beginnen? Ein „H
zu innerlicher Verarbeitung. Er antwortet nicht mehr,
Wellen“ herüberklingt, so wie selbst die urwüchsige
spiel“ für beide, an dessen Abschlusse, der 
Schlager=Mitzi in der Jauthe eine antike Schwester
er fragt. Sein Anatol trägt graues Haar, und das
im echten Drama, der einzig mögliche ist, son
grüßen darf.
traurige Fazit seines Liebeslebens ist die Einsamkeit,
einer von vielen, der Dichter selbst sagt:
Also: selbst hinter der jugendlichen Sicherheit der
seine unbefriedigte Sehnsucht wird zuweilen zur Re¬
Versuch ist mißglückt.“ Was wird aus 
Zweifel, zunächst als leiser Unterton. Genau so ergeht
signation und Weisheit der Ergebung, öfter aber zur
und Frau Gina, die das inquisitorisch
es Schnitzler, wo er sich der Problemdramatik zu¬
Erbitterung gegen das Schicksal, das nunmehr als
fahren des Gatten in die Arme eines
wendet. Er will sich gegen das Duell, gegen die Herab¬
unerbittliche Göttin über Schnitzlers ganzer Gedanken¬
treibt, was wird aus dem armen w#
würdigung gefallener Mädchen erklären, er will die
welt thront. Die unheimliche Zwangsvorstellung des
Wesen, das in der „Hirtenflöte“ ins wilde L#
Geliebte des Sohnes als Witwe in dessen väterliches Haus
Todes, die ihn selbst in seinen frohesten Stunden
stoßen wird? Der Dichter, die Lupe vor den
führen: in der Arbeit erscheint ihm Für und Wider,
nicht verließ, hat ihn zum Fatalismus geführt, und beobachtet. Derartig subtile Analysen haben
der Fall wird dialektisch erörtert, darüber entschwindet
dieser wieder läßt ihn auf das Leben, dessen dürfen eine gewisse Kälte, sie bedingen h
ihm nicht nur seine Thesis, auch seine Menschen werden
Anfang er ebensowenig erfaßt wie sein brutales
Subjektivität die schärfste Erwägung von
Theoretiker. Im „Weg ins Freie“ hat er sich
Ende, herabblicken wie auf ein Spiel, die Menschen,
dadurch entsteht leicht der Eindruck von Tempe
die da agieren, tanzen auf Drähten, und der Dichter, losigkeit und Härte, er stellt sich bei Schnitz###
„Gerecht . .. überall mag man es sein, nur nicht im
der sie zu leiten glaubte, fällt selbst durch einen zuweilen ein; aber der Dichter siegt durch
Drama. Es muß scheinbar erledigt werden, und das
raschen Schnitt der Schere entseelt zu Boden. Wer vergleichliche Innigkeit des Vortrages der,
kann nur Einer, der den Mut der Einfalt oder das
die Chronologie der Schnitzlerschen Schriften nicht auf künstlerischer Höhe, sich stark dem Goe
kennt, müßte ein Werk wie „Der einsame
Temperament besitzt, Partei zu ergreifen.“ So sind
Altersstile annähert, ein musikalischer Wohlkla
Weg“ gerade in seinen tiefen, unverarbeiteten
die größeren dramatischen Jugendwerke, wie „Das
Reinheit und Güte bestrickt unser Ohr. Imme
Märchen", „Freiwild", „Das Vermächtsnis“, reizvoll
Intentionen für das Produkt eines hohen, lebensmüden gelingt es ihm, das Gespräch zum Drama zu ##
in ihrem Milieu, in ihren prächtigen Genreszenen,
Greisenalters ansehen; wie Schnitzler dieses Stück und immer weniger will äußerliche Theatrali#
die namentlich die Welt des Theaters schon mit
schrieb, ist er viel älter gewesen als heute, viel älter
sie z. B. „Der Ruf des Lebens“ bringt, in das
schon als in seinen folgenden Werken, in denen er an
feinstem Humor auf die Szene stellen, aber gerade in
verästelte Gefüge seiner Seelenstudien passen
ihrem Streben, abschließen zu wollen, unfertig; auch das Ohr eines müde gehetzten Mädchens verheißungs= seiner Frühzeit gaben sich die Menschen
die ausgesponnene Novelle „Frau Bertha Garlan“ voll den Ruf des Lebens dringen oder einen jungen! Dramen durchwegs in Selbstdarstellung</Unicode>
            </TextEquiv>
        </TextRegion>
    </Page>
</PcGts>
