3392 4320
1149 162 1641 244 box 39/1
197 171 1029 275 1. 5oth Birthday
771 336 1178 405 Gcz u
856 357 1582 457 iner Rren Ceunier, Borlin
553 396 808 488 hnitt aus:
953 435 1408 524 Mergenausgabe
594 479 638 533 *
730 495 1063 569 „
561 539 1184 658 —1912
890 680 1419 777 Hier und dork.
925 761 1354 828 Sechs Fünfziger.
890 816 1374 874 Von Awrum Halbert.
937 862 1609 923 Arthur Schnitzler: 15, Mai 1912.
940 898 1595 955 Johannes Schlaf: 22. Juni 1912.
946 943 1454 982 Ludwig Fulda: 15. Juli.
940 962 1536 1023 Max Dreyer: 25. September.
946 1007 1425 1054 Otto Ernst: 7. Oktober.
937 1033 1642 1090 Gerhart Hauptmann: 15. November.
682 1080 1635 1141 Man ist erstaunt, verblüfft, irritiert: Die Jugend
638 1126 1635 1192 der achtziger Jahre wird alt. Wahr und wahrhaftig,
581 1145 625 1202 9
628 1165 1633 1240 sie wird alt und ehrwürdig. Sie feiert Jubiläum.
634 1204 1645 1268 Das ist immer ein Zeichen von Stabilität. Sie
642 1261 1637 1317 schaut zurück. Das ist immer ein Symbol von Er¬
638 1307 835 1365 mattung.
691 1311 1646 1384 Die Kämpfer von einst reinigen die Waffen. Das
636 1387 1092 1450 ist Altvater=Stimmung.
698 1404 1639 1479 Im Grunde genommen sind es nur zwei Kämpfer.
644 1453 1648 1536 Ein offener, wilder, loser Draufgänger: Johannes
645 1505 788 1567 Schlaf.
686 1527 1652 1592 Und einer, der zwar im Vordergrunde des Gefechts
641 1578 1644 1645 stand, dessen Kunst umstritten wurde, der aber selbst
557 1619 622 1665 ele
631 1615 1642 1670 mehr auf dem Aussichtshügel stand und ins Gewimmel
559 1660 626 1707 ·0:
642 1667 1647 1722 hineinschaute. Für ihn wurde gekämpft, um ihn. Er
559 1708 1219 1777 ste selbst blieb in kühler Reserve.
703 1734 1662 1803 Johannes Schlaf, der redlichste und ehrlichste
648 1788 1655 1848 Wortführer des Naturalismus, sah als erste und
554 1818 629 1857 age
646 1822 1516 1909 tiefste Aufgabe der Kunst und des Schaffens:
552 1853 635 1891 nde
703 1867 1649 1934 „Etwas Ganzes, Rundes herauszuschaffen aus
554 1884 640 1931 iche
649 1909 1647 1965 einem gesunden, kräftigen Empfinden, aus einer um¬
544 1926 627 1966 mee
545 1962 635 2003 tan¬
648 1947 1647 2023 fassenden, sicheren Stimmung heraus gestalten, die
548 1998 631 2042 gen,
654 1991 1647 2055 einen trägt von Beginn bis zu Ende. Die Welt
537 2032 629 2072 tär¬
644 2025 1653 2097 wiederzugeben, wie sie Empfindung und treibendes
545 2066 630 2112 #ts
650 2075 1657 2137 quellendes Leben in einem geworden, ohne zu denteln
532 2104 624 2150 sen
646 2120 1545 2172 und zu urteilen, zu verdammen und zu preisen.
535 2140 637 2188 rial¬
703 2146 1659 2210 Als ob Schlaf Gerhart Hauptmanns Kunstschaffen
550 2176 640 2224 nach
658 2198 1664 2262 charakterisieren wollte, hört sich sein Programm¬
551 2213 626 2269 chen
656 2253 857 2306 wort an:
702 2275 1661 2343 „Kein kluges, kaltes Beobachten: mit seinem
656 2310 1660 2381 Empfinden aufgehen im Leben, es selbst werden.
650 2361 1662 2423 Farbe sein, Ton, Licht, eigener und fremder Schmerz,
656 2399 1663 2459 eigene und fremde Lust, jede Leidenschaft, wie sie in
648 2428 1678 2510 schlichter, natürlicher Kraft sich äußert.“ So ist Gerhart
551 2489 633 2541 nd¬
651 2496 1278 2556 Hauptmanns Kunst geworden:
705 2508 1665 2585 „Ganz selbst und doch seiner selbst entledigt“, wie
556 2575 633 2624 der
647 2567 1667 2622 Friedrich Nietzsche das Pathos der antimoralischen
661 2606 1664 2667 Moral bezeichnet — das Pathos, das dem Viertel¬
563 2617 638 2666 los
647 2659 1550 2719 jahrhundert dieser Fünfziger das Gepräge gab.
566 2661 640 2708 ern
704 2676 1669 2746 Hat ein anderer Führer des Naturalismus das
655 2723 1674 2787 Wort gesprochen: „Subjektivität ist Wahrheit“ (Carl,
659 2766 1691 2831 Bleibtreu), so hat die Entwickelung der modernen
568 2816 640 2868 ute
651 2817 1676 2857 Literatur das Wort umgemodelt, umgedreht: Wahrheit
656 2838 1681 2912 ist Subjektivität. Oder auch: Wahrheit ist Wirklichkeit.
583 2860 654 2917 m.
652 2890 1673 2942 Keinen Finger breit von der Wirklichkeit abweichen,
662 2942 1675 2990 nichts schön färben, nichts heucheln, was die Sonne
662 2967 1680 3024 nicht sieht — und doch wahr bleiben, doch Kunst
655 3006 1685 3094 schaffen, das ist es, was uns der Naturalismus lehrte.
712 3050 1683 3108 Kunst ist nicht ein Idyll, wo gute Kinder mit ihren
586 3060 661 3116 r¬
663 3091 1687 3154 Gefühlen tändeln und schlechte die Gefühlchen miß¬
590 3110 646 3162 ds
660 3137 1682 3200 achten; Kunst nicht ein Spiel hinter verwachsenen
581 3158 646 3206 n
670 3176 1675 3232 Hecken, wo Liebe schmollt und Stolz heuchelt und
670 3210 1676 3272 Hoheit markiert. — Kunst ist leidenschaftliches Leben.
607 3233 643 3284 es
668 3255 1681 3314 Wie Gerhard Hauptmann sagt: Läuternde Erschütte¬
661 3313 784 3366 rung.
700 3336 1696 3392 Durch Friedrich Nietzsche haben es die Jungen ge¬
669 3391 1696 3439 lernt, daß Liebe kein träger, verspielter Paradies¬
583 3393 659 3462 uf
663 3416 1680 3475 Zustand ist, kein Paradies, das böse Tanten und harte
667 3470 1666 3521 Mütter mit dem Schwert in Händen bewachen —
588 3473 644 3532 ng
664 3497 1694 3565 sondern daß Liebe ein Kampf der Geschlechter und des
669 3553 966 3617 Geschlechts ist.
713 3578 1700 3636 Man kann ruhig sagen: Der Writte, der ahnen¬
1370 3616 1700 3690 sie wurden aus¬
665 3626 1370 3691 stolze Vater, die verbohrte Mutter —
670 3657 1697 3733 geschaltet. Die zwei Menschen blieben, die miteinander
666 3704 1679 3769 zu kämpfen, fertig zu werden hatten... so oder so...
675 3750 1714 3807 lachend oder weinend .. lebend oder tot. Die starke
591 3767 654 3819 eit
675 3788 1697 3846 Andacht des Lebens ist an Stelle der matten, lenden¬
671 3840 1196 3896 lahmen Sehnsucht getreten.
719 3860 1718 3925 Gewiß, sie verliebten sich in das Leben. Hoffmanns=#
666 3911 1706 3968 thal sagt einmal von Peter Altenberg: „Er ist allzu
673 3950 1681 4010 verliebt in das schöne Leben“ und will damit die
671 3992 1671 4052 Ueberschätzung des Lebens, das sich in dieser Epoche
666 4035 1676 4087 breit macht, charakterisien. Aber Hoffmannsthal ist
661 4073 1603 4124 bereits über den Naturalismus hinausgewachsen.
1690 4017 1737 4067 i
1630 658 2675 713 verarbeiten, ihn beleuchten. Die gewohnheitsmäßige
1649 699 2672 756 Gedankenlosigkeit schafft Unglück. Das sehen wir am
1632 740 2672 819 besten bei unseren Kindern. Wir nehmen sie hin. Wir
1645 779 2684 851 erziehen sie sozusagen. Wir wollen ihnen unsere
1642 818 2682 895 eigenen bösen Erfahrungen ersparen. Sie sollen die
1650 878 2676 919 Dummheiten, die wir machten, an denen wir litten,
1794 896 2691 965 Sie sollen da anfangen, wo wir aufgehört
1658 916 1788 969 lassen.
1659 959 1785 1016 haben.
1700 992 2685 1040 Leben kann aber nicht angelernt werden. Jeder
1661 1021 2683 1086 muß seine Dummheiten machen. Dann erst kann
1661 1049 2683 1134 er seine Klugheiten vollbringen. Man ist nicht Mensch,
1663 1103 2684 1166 man wird es erst. Wie jeder es wird, das ist seine
1662 1164 2688 1208 Kunst. Otto Ernst hat sein Lieblingskind: Asmus
1666 1187 2684 1248 Semper. Gewiß, es ist immer noch viel zu viel
1662 1242 2679 1290 Gemut in dem Jungen. Viel zu viel „Instinkt“. Die
1645 1274 2684 1330 Moral des Kopfes, wie der große Friedrich sie nennt,
1656 1304 2691 1380 fehlt. Aber die kleinen Konflikte und die großen
1659 1345 2694 1416 Heiterkeiten der Kindesseele hat Otto Ernst gefunden
1661 1390 2689 1454 und aufgedeckt. Und was von Max Dreyers
1667 1428 2695 1495 Kunst bleiben wird — ist die Seele der „Siebzehn¬
1659 1463 2696 1541 jährigen“ oder besser die Seelen. Die Seelen mit
1658 1508 2687 1583 Frühlingsfieber im Blut. Die da lachen, wenn sie
1671 1549 2703 1617 weinen müssen. Die da weinen, wenn ihnen große
1659 1593 2683 1664 Freude begegnet. Die Halbkinder, die Liebe zu
1661 1630 2697 1704 Menschen macht. Die Schmetterlinge, die trunken
1658 1688 2150 1755 werden vom vielen Licht
1723 1707 2695 1786 Ludwig Fulda ist einer von den Fünfzigern, der
1665 1762 2693 1824 am wenigsten ins „Programm“ hineinpaßt. Er stand
1660 1815 2702 1866 zuviel im Vordergrund der Gesellschaft. Man möchte
1668 1838 2704 1908 sagen; er hat zuviel Vereine geleitet. Er war immer
1665 1870 2699 1948 da. Er hat oft charaktervoll protestiert. Er hat viel
1673 1917 2695 1989 geschrieben. Er hat viel und sehr schöne Reden ge¬
1669 1960 2713 2034 halten. Eine große Persönlichkeit war er nicht, aber
1673 2002 2698 2073 eine vielseitige und gewinnende. Er hat auch den
1672 2039 2705 2109 „Dummkopf“ geschrieben, etwas, das sich wie die
1671 2081 2711 2152 Tragödie einer Zeit ausnahm. Allzutief gings ihm
1672 2122 2707 2202 nicht. Er hat mit Geist und Geschick alle Fragen auf¬
1678 2167 2701 2243 gefaßt, die in der Lust lagen. Aber er hat es immer
1668 2206 2702 2286 fast vergessen, daß die Luft mitgenommen werden muß
1736 2249 2707 2310 mit dem Problem. „Die Sklavin“ die moderne
1687 2277 2714 2357 Frau hat ihn interessiert. Aber ihre Umgebung, ihre
1676 2341 2710 2395 Existenzbedingungen, ihre gewordene Art, ihre inneren
1684 2376 2480 2441 Keime hat er nicht mit der Wurzel gefaßt.
1727 2398 2713 2477 Diese Zeilen sollen keine Wertung sein. Sonst
1681 2452 2715 2524 müßte man konstatieren, wo die Dichter angefangen
1681 2494 2712 2563 haben und wo sie jetzt stehen. Gerhart Hauptmann
2497 2536 2704 2591 Johannes
1684 2547 2429 2609 schreibt Romane für Tageszeitungen
1681 2571 2713 2649 Schlaf ist religiös —— nein, diese Betrachtung sollte
1680 2624 2714 2674 #nur eine knappe Entwickelung dieser sechs Fünfziger
1684 2656 2714 2732 geben. Möge das sechste Jahrzehnt tiefere und
1692 2714 2196 2765 stärkere Kunst gebären.—
