3344 4320
208 209 1521 317 5oth Birthdag box 39/1
1896 90 2685 156 the mountalns, is feund bg the nemnphelit
1896 127 2688 167 sprite Rautendelein, tended to lise und hap¬
1890 168 2691 221 piness again, and inspired with new creative
1894 208 2688 258 energy. He now determines to tound jor¬
1896 234 2697 295 bells, not church beils. But his forsaken
1897 275 2699 331 children wander up into his retreat, hearing
1890 308 2697 369 in an urn the tears of their mother, who lnd
1891 357 2695 410 cast herself into the lake. Her dead hand
1885 400 2694 442 touches and sounds Die versunkene
1890 436 2700 472 Glocke, and Heinrich awakes from bis
1884 463 2688 530 dream, and endeavours, too late, to cast off
1896 504 2697 561 Rautendelein. He dies, and the dream of
1889 537 2704 600 bringing joy and beauty into the world dies
1894 580 2706 636 with him. The versc of this Märchen drama
1887 617 2694 664 has been variously estimated by native
1897 663 2699 714 critics. Certain it is that poetry is Haupt¬
1889 698 2683 746 mann's native element. He is Dichter,
1891 726 2689 788 whlich indicates a temperament more than
1882 769 2698 828 an achievement. Another quasi-aliegorical
1890 808 2689 865 fairy tale,“ Und Pippa tanzt.“ and a blank¬
1900 848 2690 909 verse play, Kaiser Karls Geisel,“ contain
1892 881 2695 953 the same central idea as" The Sunken
1882 917 2703 977 Bell. The haunting Idea of. Beauty,
1894 966 2695 1022 typified as a maiden of non-mortal charm,
1893 1005 2698 1047 who destroys while she enchants, comes to#
1882 1037 2689 1102 men in Hauptmann's view from the woods
1890 1086 2698 1136 and wild places.“ Pippa is, as it were,
1888 1113 2688 1173 an earth bubble, who dances at the bidding
1894 1168 2688 1215 of Huhn, the artificer, even as the glass
1889 1193 2693 1257 bubbles dance under the hands of the
1888 1231 2682 1297 blower. Gersuind, the scourge (Geisel) of
1885 1273 2691 1330 the Emperor Charlemagne, is of witch-like
1888 1316 2697 1369 primeval charm. These two, with Rauten¬
1890 1348 2691 1407 delein, are forms of the same essential
1875 1376 2690 1459 impression of life that Hauptmann delights
1889 1428 2079 1480 to depict.
1911 1450 2696 1522 Though his work has been so far tinged
1893 1517 2685 1568 with melancholy, it is not of the Byronie
1895 1549 2684 1593 type. He loves his kind, and in the years
1880 1591 2689 1644 of creation that remain his versatile genius
1879 1629 2683 1674 may perhaps be occupied with brighter
1878 1668 2688 1721 themes, and may ultimately produce some
1891 1683 2814 1759 such gift of serene beauty as" The "
1885 1734 2086 1790 Tempest.“
2120 1733 2694 1800 He has found able exponents
1880 1785 2713 1844 for his work on the stage, a proof that actors
1876 1829 2699 1875 at least accept him as the possessor of a
1881 1868 2688 1916 sense of character upen whose foundations
1874 1890 2690 1939 they may, as they say,“ create.“ Want of
1890 1924 2852 1998 space forbids more than the briefest men. W(S
1893 1972 2682 2029 tion of the peasant pieces,“ Fuhrmann
1889 2008 2108 2074 Henschel,
2142 2010 2679 2076 Rose Berndt,? and the
1886 2029 2830 2112 popuiar“ Hannele, of which an English Vg
1878 2093 2683 2145 version has been given in London, or of the
1875 2116 2881 2209 two painter-plars, Michael Kramer“ and NKo
1901 2157 2274 2217 College Crampton.
2318 2170 2677 2218 Suffice it that bis
1875 2197 2689 2260 present high reputation is firmly founded
1873 2247 2683 2312 on achievement and not likely to be
1877 2280 2276 2341 permanently shaken.
1871 2324 2104 2378 Schnitzler.
1914 2359 2680 2415 Arthur Schnitzler, born just six months
1882 2406 2681 2459 earlier than Hauptmann, belongs to Ger¬
1869 2444 2678 2504 man literature, but is of Austrian Jewish
1880 2487 2680 2536 origin, and first caught the public ear by an
1874 2513 2681 2570 experiment of the most opposite kind from
1873 2550 2684 2601 Hauptmann’s social drama. The witty
1882 2597 2674 2653 dialogues in which Anatol figures are
1879 2631 2686 2685 known to the British public through the
1879 2681 2679 2729 stage and printed versions of Mr Granville
1878 2710 2679 2759 Barker. This Viennese Don Juan (if he
1881 2749 2686 2807 even deserves the comparative dignity of
1872 2788 2689 2846 such a title) struck a note which has been
1870 2819 2695 2890 constantly repeated in Schnitzler’s work,
1881 2866 2680 2926 and the merits and limitations of his pre¬
1865 2882 2680 2963 sentment are at once clearly scen. It is
1876 2939 2679 2995 not the modern way to represent man as
1869 2972 2684 3037 master of his fate, and in that respect bot'i
1880 3009 2680 3069 our dramatists are children of theage. But.
1878 3056 2672 3119 whereas Hauptmann'’s characters succumb
1873 3086 2664 3147 for the most part to oppression from wita
1879 3134 2674 3180 eut, Schnitzler’s fascmating youths, for
1876 3172 2670 3229 fascinating they remain, are infected with
1869 3209 2666 3270 an incurable weakness of spirit. Anatoi
1876 3256 2673 3306 may regret the entanglements of his
1872 3296 2669 3338 various amours, but he has no sense
1876 3324 2337 3382 of sin or of duty.
2336 3326 2672 3386 In Schnitzler
1866 3371 2671 3412 remarkabiv fine novel,“ Der Weg ins
1862 3395 2672 3462 Freie“ (1908), Georg von Wergenthin.
1872 3448 2660 3497 though deeper, is almost as irrespon
1874 3486 2669 3525 sible as Anatel. Fatalism, a delicate per¬
1870 3514 2661 3575 ception of character, and a fine sympath,
1869 3555 2666 3611 are this author’s most notable qualities¬
1873 3593 2672 3644 Love and death are his topics, the lover¬
1877 3635 2672 3674 being for the most part, according to the
1868 3666 2660 3717 French tradition, married persons, whese
1866 3712 2659 3762 entanglements and recouplings sccm almos:
1875 3752 2662 3798 incredible to a healthy taste. His latest
1868 3800 2666 3842 plav, Das weite Land, might be de¬
1864 3834 2657 3881 scribed as a study in conjugal infidelite
1865 3865 2654 3914 But, incidentally, he touches in a bach¬
1868 3908 2658 3955 ground of all sorts and conditions of men
1876 3945 2642 3982 Thus. in“ Freiwild“ (1896), whose subje¬
1870 3974 2664 4033 is the duel problem, a complete impressicn
1858 4008 2649 4073 is given of the oflicer class (Offizierstand
1860 4052 2618 4104 Das Märchen! treats various views
1860 4097 2639 4136 female honour unon a background of musier
