3344 4352
1178 123 1605 236 box 39/1
174 136 1013 263 1. 50thBirthday
176 1383 1181 1443 industrie geworden ist, geht heute noch wie einst Loris
1189 1385 2186 1446 typisch seien, zwingt uns der Dichter gar nicht auf.
176 1435 1176 1502 mit Kostbarkeiten der Sprache, seltsamen Bildern als
1188 1440 2186 1504 Was wir aus dem feinen, ironischen Zug, der die
176 1498 1170 1560 Mißverständnis der Antike und Herold der Renaissance
1192 1492 2189 1551 Anatol=Episoden umspielt, nicht erraten oder nicht er¬
177 1538 1181 1603 neben dem Leben einher. Das Verhältnis seiner Kunst
1196 1546 2196 1600 raten wollen, bleibt eben in der Schwebe. Es ist immer
173 1595 1175 1658 zu der Artur Schnitzlers, die höher und höher aus
1200 1595 2205 1664 nur das halbe Empfinden, das nicht auf den Grund
1197 1651 2194 1719 geht, ein Hingleiten, das im Gemüte keine Furchen
178 1645 1183 1711 dem Wiener Boden wächst, hat sich seit der Jugendzeit
173 1700 512 1773 nicht verändert.
1199 1697 2200 1754 läßt; kein Erhitzen, keine Wärme, kein schneidender
1196 1750 2190 1810 Ton, aber ein reizvolles Stakkato des Gefühles,
274 1741 1175 1826 So bringe uns der Aufsatz vom 2. Jänner 1893
1191 1805 2206 1877 Bogenführung aus leichtem Handgelenk. Die Tonart
173 1818 1175 1889 die Gefühle, die Schnitzlers Anfänge erweckten, am
1204 1861 2198 1920 ist nicht ausgesprochen. Man könnte aber die Stücke
172 1862 652 1940 Tage der Feier zurück:
1197 1912 2199 1966 aus einem höheren Gesellschaftston spielen, und „der
262 1913 1183 1984 Soll uns heute Artur Schnitzler zu seinem Anatol
1193 1961 2193 2028 bösen Dinge hübsche Formel“ behielte ihre Geltung.
167 1980 1181 2038 geleiten, so lassen wir die Moral zu Hause. Oder sie
1199 2017 2188 2074 Die vornehme Gabriele, welche den Anatol bei den
180 2029 1177 2091 verhüllt weise ihr Haupt, dann mag sie mit hinaus in
1194 2059 2196 2126 Weihnachtseinkäufen für sein „süßes Mädel“ begleitet,
172 2079 1169 2140 das Heim kleinweltlicher Vorstedtliebe, mag mit uns
1195 2113 2135 2189 deutet selbst auf das Transponieren nach oben hin.
169 2119 1179 2199 von Zirkusepisoden nippen, zu schlüpfrigen „Abschieds¬
1299 2184 2193 2235 Gabriele: Ich kenne ja Ihren Geschmack ....
170 2170 1185 2242 soupers“ sich laden lassen oder der zweifelhaften
1187 2212 2189 2294 Wird wohl wieder irgend ’was von der Linie sein — dünn
180 2233 1169 2296 Cora die „Frage an das Schicksal“ stellen. Sie darf
1195 2266 1439 2323 und blond!
173 2280 1185 2352 die „Denksteine“ der schönen Emilie bewundern, den
1286 2281 1985 2367 Anatol: Blond — gebe ich zu ...!
166 2352 1181 2413 Rubin der ersten und den kostbaren schwarzen Diamanten
1290 2347 2190 2409 Gabriele: . Ja, ja ... blond ... es ist merk¬
1197 2397 2198 2456 würdig, daß Sie immer mit solchen Vorstadtdamen zu tun
168 2387 1170 2457 der keineswegs letzten „Liebe“. Sie macht schließlich
1190 2436 1599 2512 haben — aber immer!
177 2437 1136 2508 den originellen „Hochzeitsmorgen“ Anatols mit -
1292 2449 2191 2556 Anatol: Gnädige Frau — meine Schuld ist
176 2506 1183 2559 also Anatol heiratet, und die Moral ist gerettet, wenn
1200 2520 1344 2577 es nicht.
177 2543 1179 2626 wir sie auch in ein Dämmerlicht der Sitte, wo wir
1294 2540 2193 2617 Gabriele: Lassen Sie das! — Oh, es ist auch
164 2606 1185 2665 nach wahren Gefühlen nur tappen, in ein Halbdunkel
1189 2602 2194 2664 ganz gut, daß Sie bei Ihrem Genre bleiben ... es wäre ein
1200 2654 2184 2714 großes Unrecht, wenn Sie die Stätte Ihrer Triumphe ver¬
180 2653 1179 2711 von Empfindungen führen, in denen es kaum mehr
1196 2687 1406 2752 ließen.
173 2709 1184 2774 licht werden kann. Ja, die Moral wird den Schleier
1301 2732 2189 2782 Anatol: Aber was soll ich denn tun — man
168 2764 1182 2829 fester zusammenzieher, wo sie sich mit und am besten
1188 2757 1676 2831 liebt mich nur da draußen.
164 2812 1178 2873 amüsiert, und wird gestehen, daß man gerade auf
1305 2802 2194 2877 Gabriele: Versteht man Sie denn . .. da
1196 2856 1396 2926 draußen?
166 2854 1186 2912 hein.schen Wegen an so straffen Dialog, so spitze
1300 2882 2197 2945 Anatol: Keine Idee! Aber sehen Sie... in der
181 2909 1177 2975 Pointen, so funkelnden Witz gerät — freilich, wenn
1194 2926 2200 3008 kleinen Welt werd' ich nur geliebt; in der großen — nur
177 2961 1170 3034 Artur Schnitzler, der feine Beobachter, der geistreiche
1189 2978 1799 3048 verstanden — Sie wissen ja. ...
172 3017 1189 3077 Causeur, die Führung hat. In den „Anatol“=Szenen
1285 3019 2194 3095 Und nun soll Anatol der stolzen Gabriele „die
169 3062 1145 3130 zerfasert Schnitzler einige Stückchen Frauenseele,
1201 3089 2188 3148 ganze Geschichte“ erzählen. „Es ist gar keine Ge¬
173 3116 1174 3177 leichthin spielend, wie sie mit uns zu spielen pflegen
1190 3137 1390 3214 schichte!“
173 3161 1189 3243 Er verbeißt sich nicht in einen jämmerlichen
1302 3169 2151 3242 Gabriele: Wie lernten Sie sie kennen?...
178 3221 1187 3286 Pessimismus, sondern streift die Dinge mit welt¬
1295 3224 2204 3302 Anatol: Gott — wie man eben jemand kennen
1197 3281 2209 3340 lernt! Auf der Straße — beim Tanz — in einem
174 3279 1169 3344 männischer Eleganz wie einen Handschuh von sich. Daß
1195 3325 1883 3383 Omnibus — unter einem Regenschirm —
177 3327 1170 3395 es nur ein Stück ihrer Seele ist, wird den Frauen,
1291 3354 2191 3411 Gabriele: Sie wissen ja — der spezielle
179 3387 1179 3451 welche das andre Stück zu retten suchen, als Trost
1191 3415 2204 3477 Fall interessiert mich. Wir wollen ja dem speziellen Fall
186 3431 1458 3525 dienen. Anatol hat mit Fällen zu schaffen. Daß sie etwas kaufen!
2648 1327 2719 1394 MNEAN
2300 1381 3227 1452 Anatol: Dort, in der . .. „kleinen Welt“ gibt's
2199 1427 3219 1477 keine speziellen Fälle — eigentlich auch in der großen nicht ...
2204 1473 2763 1541 Ihr seid ja alle so typisch!...
2284 1524 2756 1603 Gabriele dringt weiter:
2297 1596 2765 1662 Wie empfängt Sie denn?
2305 1630 3095 1710 Anatol: Ach — wie man eben empfängt.
2313 1684 3211 1758 Gabriele: Sie hört Ihre Schritte schon auf der
2205 1735 2638 1796 Treppe . .. nicht wahr?
2309 1754 2907 1824 Anatol: Ja . .. zuweilen
2295 1810 3050 1887 Gabriele: Und steht bei der Tür?...
2303 1858 2598 1913 Anatol: Ja!
2314 1889 3228 1954 Gabriele: Und fällt Ihnen um den Hals — und
2210 1921 3031 1992 küßt Sie . .. und sagt ... Was sagt sie denn?
2311 1962 3232 2051 Anatol: Was man eben in solchen Fällen
2213 2024 2302 2093 sagt
2312 2042 3003 2124 Gabriele: Nun ... Zum Beispiel.
2307 2122 2920 2160 Anatol: Ich weiß kein Beispiel.
2299 2146 2996 2212 Gabriele: Was sagte sie gestern?
2304 2167 3207 2269 Anatol: Nichts Besonderes ... Das klingt st
2209 2235 3218 2290 einfältig, wenn man nicht den Ton der Stimme daze
2210 2289 2328 2355 hört!
2299 2291 3215 2406 Gabriele: Ich will mir ihn schon dazu denken
2206 2369 2577 2431 Nun, was sagte sie?
2304 2396 3220 2495 Anatol: „Ich bin so froh, daß ich dich wiedet
2204 2440 2305 2521 hab'.
2308 2488 3061 2554 Gabriele: Ich bin so froh! — wie?!
2315 2525 2967 2596 Anatol: Daß ich dich wieder hab'!
2321 2571 3232 2651 Gabriele: Das ist eigentlich hübsch — sehr
2215 2623 2349 2688 hübsch!
2304 2643 3047 2706 Anatol: Ja, es ist herzlich und wahe!
2304 2661 3231 2763 Gabriele: Und sie ist . . . immer allein? Ihl
2208 2743 2715 2798 könnt' euch ungestört sehen!?
2314 2745 3208 2843 Anatol: Nun ja — sie lebt so für sich — sie siek
2212 2811 3240 2905 ganz allein — keinen Vater, keine Mutter . . . nicht einmel#
2207 2867 2442 2930 eine Tante!
2304 2892 3052 2972 Gabriele: Und Sie ... sind ihr alles.
2302 2920 3243 3022 Anatol: ... Möglich .. Heute (Schweigenün
2291 2978 3224 3074 Gabriele kommt auf das Geschenk . . . Sie reicht“
2214 3047 3233 3131 Anatol ein paar Blumen, die sie in der Hand hält.
2209 3105 3232 3173 Er soll diese als Gruß in die Vorstadt tragen. „Aber...
2211 3169 2840 3246 Sie müssen was dazu ausrichten.“
2309 3212 3196 3290 Anatol: Gnädige Frau — Sie sind so lieb —
2306 3259 3227 3328 Gabriele: Versprechen Sie mir, ihr's zu be¬
2214 3309 3223 3392 stellen . . . und mit den Worten, die ich Ihnen mit¬
2206 3360 2415 3424 geben will.
2317 3387 2679 3455 Anatol: Gewiß!
2291 3436 3029 3521 Gahriele: Versprechen Sie '4 mirk
