3392 4352
1044 300 1503 389 box 39/1
188 292 898 417 50th Birthdar
119 1361 468 1448 Nachrichten
1138 1556 3020 1613 wollen, aber er bewunderte und beneidete alle Begleitmusik. Schnitzler ist heiterer geworden,
211 1561 1142 1609 ich den damals erschienenen „Schleier der
100 1571 186 1655 er
200 1606 1131 1657 Beatrice“ bewundernd las und besonders
1138 1601 3013 1658 starken schönen Menschen, die nicht von des Ge= weil ja reife Menschen meist froher sind als junge,
2077 1638 3018 1696 voll unerfüllter Sehnsucht und voll Konflikte.
203 1649 1135 1697 schöne Stellen angestrichen hatte, nahm er mir den
1140 1640 2073 1684 dankens Blässe angekränkelt, nicht die tausend
1139 1682 3021 1743 Stimmungen und Zweifel des Schaffenden kennen. Herr seiner Kunst, kennt er auch ihre Grenzen.
208 1683 1134 1732 Band aus der Hand und blätterte in ihm. Da
2078 1719 3010 1767 In heiliger Scheu, fern jedem Dilettantismus
1181 1723 2076 1770 Mittelgroß, eher zur Fülle neigend, mit einem
215 1723 1144 1775 lächelte er zustimmend und fortan plauderten wir
2068 1757 3012 1800 und dem Schein, schafft er nicht überhastete, wohl¬
199 1758 1130 1811 über seine Arbeiten, wie es ihm und mir beliebte.
1145 1748 2062 1818 etwas weichen Gesicht, gütigen Augen und nach¬
2071 1787 3015 1852 durchbildete, abgerundet reife Werke. Und lächelnd
248 1808 1133 1852 Die Familie Schnitzler ist eine Aerziedynastie.
1142 1806 2066 1854 denklich liebenswürdigem Lächeln leicht feminin,
2073 1823 3016 1889 kann er an seinem fünfzigsten Geburtstag wie¬
208 1823 1129 1895 Der Vater war eine bekannte Kapazität, der ältere
1136 1845 2064 1889 ist Schnitzler durch und durch Wiener und in
2079 1858 3027 1931 derholen, was er vor zehn Jahren gesagt: „Ich
213 1876 1137 1940 Sohn zählt zu den berühmtesten Chirurgen Wiens.
1134 1879 2077 1933 seinen Lebensgewohnheiten der etwas verwöhnte
2070 1916 2707 1973 fühle meine beste Zeit vor mir!“
208 1916 1136 1963 die einzige Schwester vermählte sich mit einem
1137 1919 2073 1971 Mann aus gutem Haus. Nur in Wien fühlt er
208 1946 1132 2011 Arzt. Auch Artur Schnitzler wählte die medi¬
1136 1959 2072 2012 sich dauernd heimisch, wenn er auch gern in Berlin
1146 2000 2080 2054 weilt, wo er vielfache interessante Beziehungen
209 1998 1140 2045 zinische Laufbahn, doch ist er wohl immer mehr
2353 2004 2826 2091 sler
204 2041 1140 2081 Künstler gewesen, und das viele Traurige, Häß¬
1139 2033 2075 2096 hat und in dem anregenden Kreise seines Ver¬
1133 2073 2076 2129 legers „Fischer“ verkehrt. Oesterreicher und
208 2071 1132 2127 liche und Krankhafte, das er kennen lernte, hat
205 2117 1136 2156 ihn bedrückt. Er sagte, der Einblick in mensch¬
1139 2110 2085 2169 Jude, von jener feinen, alten Kultur, wie man sie
203 2153 1131 2204 liches Elend habe ihm viel Lebensfreude geraubt
1133 2158 2091 2212 unter Oesterreichs Juden zuweilen findet, ist er
202 2196 1135 2248 und er müsse nun bei allen Leuten etwas Krankes
1141 2197 2082 2256 vielleicht gerade seiner Abstammung wegen dop¬
211 2234 1133 2288 suchen; anderseits hat gewiß sein Arztberuf seinen
1150 2241 2086 2287 pelt empfindsam und zurückhaltend, mit Unrecht
86 2243 169 2300 ieh
211 2278 1135 2325 Blick für die Tiefen geschärft. An seine Künstler¬
1135 2274 2081 2340 wurde ihm seine Exklusivität manchmal für Hoch¬
110 2282 205 2340 rohe
1138 2317 1460 2373 mut ausgelegt.
202 2315 1140 2369 mission glaubend, hat er schon vor dem Erfolg die
1178 2330 2078 2417 Als „Lentnant Gustl“ unliebsames Auf¬
205 2357 1139 2403 Karriere vernachlässigt, nur einige Privatgratis¬
1133 2380 2087 2431 sehen erregte und im „Freiwild“ das Duell
209 2398 1135 2447 patienten behandelt und sich der Dichtkunst hinge¬
201 2437 353 2492 geben.
1133 2427 2086 2493 der Offiziere getadelt wurde, da hat man dem
248 2453 1133 2529 Neben seiner täglichen, angestrengten, schrift¬
1141 2464 2079 2525 Dichter, der nur ein Problem künstlerisch ohne
1151 2509 2084 2562 Tendenz gestalten wollte, mit Unrecht vorgewor¬
206 2500 1142 2566 stellerischen Arbeit bildet er sich weiter, liest viel
1150 2547 2081 2595 fen, er sei antimilitärisch gesinnt. Dieses Urteil
204 2554 1142 2616 und lernt immer wieder an Goethe, Keller und
1136 2588 2086 2644 hat ihn gekränkt, weil er stets eine starke Sym¬
213 2592 1137 2645 anderen Meistern des Stils. Mit Vorliebe be¬
1134 2623 2089 2688 pathie für die frische, unmittelbare Art des Sol¬
199 2627 1127 2684 trieb er damals in der Jahrhundertwende histo¬
1137 2665 2091 2724 datenstandes gehegt und mit Vorliebe des eigenen
206 2671 1135 2719 rische Studien, vertiefte sich in die Zeit der italie¬
1138 2718 2091 2762 Militärjohres gedachte. Die teils dummen Ur¬
203 2712 1139 2759 nischen Renaissance, als er den „Schleier der
1138 2750 2084 2797 teile über seinen vielumstrittenen „Reigen“, die
216 2752 1137 2807 Beatrice“ schuf, und planie an einem großen ge¬
1139 2795 2089 2839 erotischen Skizzen, waren ihm auch unlieb — nur
207 2792 1136 2845 schichtlichen Werke, vielleicht unbewußt, schon an
1139 2819 2080 2880 dem Drängen seiner Freunde whr er gefolgt, als
208 2828 1131 2879 dem „Jungen Medardus“ der im Jahre
100 2821 158 2887 B
211 2864 1137 2912 1910 das Burgtheater, das die „Beatrice“ abge¬
1139 2852 2095 2928 er das in kleiner numerierter Zahl erschienene
107 2877 195 2931 wie
1146 2894 2077 2947 Bändchen. der Oeffentlichkeit übergab: ich be¬
206 2905 1130 2956 lehnt, erobern sollte. Er wollte nicht nur als der
214 2947 1135 3004 Dichter der Liebe und des Süßen Mädels gelten,
1139 2945 2092 3000 sitze noch ein solches Widmungsexemplar dieser
1142 2980 2087 3036 Skizzen, die gewiß nicht freier sind, als eine große
203 2979 1141 3037 und, vierzig Jahre alt, sagte er: „Ich fühle meine
197 3028 1143 3082 beste Zeit vor mir, ich wage mich jetzt auf weites,
1143 3021 2081 3082 Zahl gern gelesener, französischer Arbeiten dieser
1142 3049 1260 3114 Art.
204 3066 1142 3115 historisches Gebiet!“ Der in der französischen
102 3077 152 3126 der
1178 3078 2089 3154 Ein echter Wiener ist Schnitzler auch in seiner
212 3100 1138 3156 Revolution spielende Einakter „Der grüne
106 3114 168 3160 bad
199 3146 1130 3195 Kakadu“ gehört zu seinen Lieblingsschöpfungen,
1143 3132 2081 3193 Begabung für Musik. Er hat als Junggeselle
206 3185 1138 3237 ein genialer Einfall, in drei Tagen beinahe ohne
1139 3180 2072 3233 viele Jahre auf derselben Etage mit seiner Mut¬
207 3223 1140 3277 Korrektur vollendet — wie schade, daß er so selten
1144 3211 2095 3279 ter eine behagliche Gargonwohnung innegehabt
203 3265 881 3333 mehr auf dem Spielplan erscheint!
1145 3254 2079 3310 und jeden Tag mit der von ihm verehrten, alten
1128 3300 2086 3351 Dame vierhändig musiziert. In Konzerten ist er
246 3303 1141 3356 Schnitzler wäre kein Künstler, kein Sehnsüch¬
1143 3337 2076 3384 ein oft gesehener Gast und als er Anfang der
207 3341 1131 3388 tiger, Unbefriedigter, wenn er nicht das ersehnte,
97 3321 214 3396 Ge¬
1140 3379 2096 3429 Vierziger heiratete, da führte er eine Frau heim,
203 3387 1135 3430 was er nicht besitzt, und so sprach er oft davon, daß
112 3382 213 3437 all¬
1145 3419 2083 3480 die eine schöne Stimme hat. So singt und klingt;
210 3426 1139 3468 er lieber ein eleganter, schneidiger Herrnreiter
113 3419 214 3485 nte
207 3460 1141 3510 sein möchte, mit viel Muskelkraft und wenig Denk¬
1136 3457 2077 3510 es in dem hübschen Heim, das er draußen im
109 3467 208 3514 ab¬
1132 3479 2088 3548 gartengrünen Cottageviertel, fern vom Großstadt¬
105 3503 201 3553 hein
206 3528 2085 3589 dem schöner Frauen Gunst holder lächelt, als dem getriebe, bewohnt und seine Kinder, ein kleiner
112 3547 214 3603 und
108 3577 2080 3643 und Dichter. Gewiß würde er nicht ernstlich tauschen! Junge und ein Mädchen, zwitschern die fröhliche
