<?xml version="1.0" encoding="UTF-8" standalone="yes"?>
<PcGts xmlns="http://schema.primaresearch.org/PAGE/gts/pagecontent/2013-07-15" xmlns:xsi="http://www.w3.org/2001/XMLSchema-instance" xsi:schemaLocation="http://schema.primaresearch.org/PAGE/gts/pagecontent/2013-07-15 http://schema.primaresearch.org/PAGE/gts/pagecontent/2013-07-15/pagecontent.xsd">
    <Metadata>
        <Creator>prov=University of Rostock/Institute of Mathematics/CITlab/Gundram Leifert/gundram.leifert@uni-rostock.de:name=ONB_Newseye_GT_M1+(htr_id=10810)::::v=2.4.2
prov=University of Rostock/Institute of Mathematics/CITlab/Tobias Gruening/tobias.gruening@uni-rostock.de:name=de.uros.citlab.module.baseline2polygon.B2PSeamMultiOriented:v=2.4.2
prov=University of Rostock/Institute of Mathematics/CITlab/Tobias Gruening/tobias.gruening@uni-rostock.de:name=/mnt/transkribus/LA/DEA/URO/LA_news_onb_att.pb:de.uros.citlab.segmentation.CITlab_LA_ML:v=2.4.2
Transkribus</Creator>
        <Created>2019-10-07T20:31:28.168+02:00</Created>
        <LastChange>2019-10-09T03:09:46.964+02:00</LastChange>
        <TranskribusMetadata docId="224436" pageId="9574953" pageNr="61" tsid="16620029" status="IN_PROGRESS" userId="40391" imgUrl="https://files.transkribus.eu/Get?id=OAODIKGLBNCCWEFNYTNKWFDK&amp;fileType=view" xmlUrl="https://files.transkribus.eu/Get?id=PJHKZIPHREBKMWLQAFBPMKLC" imageId="6206860"/>
    </Metadata>
    <Page imageFilename="224436_0061.jpeg" imageWidth="3344" imageHeight="4320">
        <ReadingOrder>
            <OrderedGroup id="ro_1711442909546" caption="Regions reading order">
                <RegionRefIndexed index="0" regionRef="r1"/>
            </OrderedGroup>
        </ReadingOrder>
        <TextRegion orientation="0.0" id="r1" custom="readingOrder {index:0;}">
            <Coords points="86,343 86,3725 3311,3725 3311,343"/>
            <TextLine id="r1l1" custom="readingOrder {index:0;}">
                <Coords points="1024,377 1180,390 1224,369 1336,401 1396,374 1475,401 1475,303 1450,297 1431,314 1338,319 1281,297 1215,347 1183,325 1136,333 1090,298 1024,314"/>
                <Baseline points="1039,369 1065,369 1091,368 1118,368 1144,368 1170,369 1197,369 1223,369 1250,369 1276,370 1302,370 1329,370 1355,370 1381,369 1408,369 1434,367 1461,366"/>
                <TextEquiv>
                    <Unicode>box 39/1</Unicode>
                </TextEquiv>
            </TextLine>
            <TextLine id="r1l2" custom="readingOrder {index:1;}">
                <Coords points="160,422 853,416 897,404 896,309 459,321 410,351 347,311 301,333 159,324"/>
                <Baseline points="174,397 209,396 245,395 280,394 316,394 351,394 387,394 422,394 458,394 493,394 529,394 564,394 600,394 635,393 671,393 706,392 742,392 777,391 813,390 848,388 884,386"/>
                <TextEquiv>
                    <Unicode>5oth Birthdar</Unicode>
                </TextEquiv>
            </TextLine>
            <TextLine id="r1l3" custom="readingOrder {index:2;}">
                <Coords points="1022,1530 3234,1523 3190,1446 1022,1445"/>
                <Baseline points="1037,1520 1146,1519 1255,1518 1364,1518 1473,1518 1583,1517 1692,1517 1801,1517 1910,1517 2019,1517 2129,1518 2238,1518 2347,1518 2456,1517 2565,1517 2675,1517 2784,1516 2893,1515 3002,1514 3111,1513 3221,1512"/>
                <TextEquiv>
                    <Unicode>des nationalen assimilationsplonessee ir veranlaßt, in einem Communique zu Tertaren im Laus. v</Unicode>
                </TextEquiv>
            </TextLine>
            <TextLine id="r1l4" custom="readingOrder {index:3;}">
                <Coords points="1997,1563 3245,1561 3203,1510 1996,1524"/>
                <Baseline points="2011,1565 2075,1566 2139,1565 2203,1565 2267,1564 2331,1564 2395,1563 2460,1562 2524,1561 2588,1560 2652,1559 2716,1557 2780,1556 2845,1556 2909,1555 2973,1554 3037,1554 3101,1554 3165,1554 3230,1554"/>
                <TextEquiv>
                    <Unicode>daß wegen der Kürze der zur Verfügung stehen= durch ander</Unicode>
                </TextEquiv>
            </TextLine>
            <TextLine id="r1l5" custom="readingOrder {index:4;}">
                <Coords points="1026,1584 1375,1584 1413,1559 1463,1584 1993,1577 1992,1522 1929,1512 1656,1541 1025,1532"/>
                <Baseline points="1040,1566 1089,1566 1138,1566 1188,1566 1237,1566 1287,1566 1336,1566 1385,1566 1435,1565 1484,1565 1534,1565 1583,1564 1633,1563 1682,1563 1731,1562 1781,1562 1830,1561 1880,1560 1929,1560 1979,1559"/>
                <TextEquiv>
                    <Unicode>Elsaß=Lothringen und wird in Frankreich</Unicode>
                </TextEquiv>
            </TextLine>
            <TextLine id="r1l6" custom="readingOrder {index:5;}">
                <Coords points="2953,1594 3060,1613 3079,1602 3125,1626 3172,1610 3196,1621 3254,1596 3254,1563 3235,1560 3117,1561 3095,1547 3073,1566 3035,1566 2953,1553"/>
                <Baseline points="2967,1597 2994,1599 3021,1600 3048,1601 3075,1601 3103,1601 3130,1601 3157,1600 3184,1599 3211,1599 3239,1597"/>
                <TextEquiv>
                    <Unicode>war, sich mit</Unicode>
                </TextEquiv>
            </TextLine>
            <TextLine id="r1l7" custom="readingOrder {index:6;}">
                <Coords points="1994,1613 2890,1610 2955,1599 2955,1558 1993,1558"/>
                <Baseline points="2007,1611 2053,1610 2100,1610 2147,1609 2194,1609 2240,1609 2287,1608 2334,1608 2381,1608 2427,1608 2474,1607 2521,1607 2568,1606 2614,1606 2661,1605 2708,1604 2755,1603 2801,1602 2848,1601 2895,1599 2942,1598"/>
                <TextEquiv>
                    <Unicode>den Zeit die einzelnen Detailfragen einer Er¬</Unicode>
                </TextEquiv>
            </TextLine>
            <TextLine id="r1l8" custom="readingOrder {index:7;}">
                <Coords points="1030,1636 1365,1607 1404,1631 1994,1618 1993,1563 1029,1581"/>
                <Baseline points="1043,1621 1089,1619 1136,1618 1183,1617 1230,1616 1277,1616 1324,1615 1370,1614 1417,1614 1464,1613 1511,1613 1558,1612 1605,1612 1652,1611 1698,1611 1745,1610 1792,1609 1839,1609 1886,1608 1933,1607 1980,1606"/>
                <TextEquiv>
                    <Unicode>geradezu als Heransforderung empfunden</Unicode>
                </TextEquiv>
            </TextLine>
            <TextLine id="r1l9" custom="readingOrder {index:8;}">
                <Coords points="2954,1652 3107,1650 3108,1607 3094,1606 3077,1617 3069,1611 3050,1611 3045,1605 2979,1604 2969,1595 2955,1595"/>
                <Baseline points="2968,1641 2993,1642 3018,1643 3043,1643 3068,1643 3094,1645"/>
                <TextEquiv>
                    <Unicode>setzen.</Unicode>
                </TextEquiv>
            </TextLine>
            <TextLine id="r1l10" custom="readingOrder {index:9;}">
                <Coords points="1999,1660 2957,1643 2956,1597 1998,1613"/>
                <Baseline points="2012,1652 2058,1653 2105,1653 2151,1654 2198,1654 2245,1654 2291,1653 2338,1653 2384,1652 2431,1651 2478,1650 2524,1650 2571,1649 2617,1648 2664,1646 2711,1646 2757,1645 2804,1644 2850,1643 2897,1642 2944,1642"/>
                <TextEquiv>
                    <Unicode>örterung nicht unterzogen werden können, und</Unicode>
                </TextEquiv>
            </TextLine>
            <TextLine id="r1l11" custom="readingOrder {index:10;}">
                <Coords points="1037,1674 1969,1669 1990,1617 1037,1627"/>
                <Baseline points="1051,1665 1097,1665 1143,1665 1190,1665 1236,1664 1282,1664 1329,1664 1375,1664 1421,1663 1468,1663 1514,1662 1560,1662 1607,1661 1653,1661 1699,1660 1746,1659 1792,1658 1838,1657 1885,1657 1931,1656 1978,1655"/>
                <TextEquiv>
                    <Unicode>werden. Die Franzosen kennen das deutsche</Unicode>
                </TextEquiv>
            </TextLine>
            <TextLine id="r1l12" custom="readingOrder {index:11;}">
                <Coords points="2955,1736 2998,1748 3058,1740 3108,1749 3201,1735 3255,1749 3256,1705 3229,1694 3193,1704 3177,1688 3070,1702 2983,1687 2955,1698"/>
                <Baseline points="2969,1732 2996,1730 3023,1730 3050,1729 3077,1730 3105,1731 3132,1731 3159,1732 3186,1733 3213,1734 3241,1734"/>
                <TextEquiv>
                    <Unicode>Nun wohl, </Unicode>
                </TextEquiv>
            </TextLine>
            <TextLine id="r1l13" custom="readingOrder {index:12;}">
                <Coords points="1066,1755 2954,1755 2896,1688 1066,1717"/>
                <Baseline points="1080,1755 1173,1755 1266,1754 1359,1753 1452,1752 1545,1751 1638,1750 1731,1749 1824,1748 1917,1747 2010,1746 2103,1745 2196,1744 2289,1743 2382,1742 2475,1741 2568,1739 2661,1738 2754,1737 2847,1735 2940,1734"/>
                <TextEquiv>
                    <Unicode>Nun klänge es sehr hübsch, wenn man er= salen, wie es Dionysias sonderbarer Mann ist,</Unicode>
                </TextEquiv>
            </TextLine>
            <TextLine id="r1l14" custom="readingOrder {index:13;}">
                <Coords points="763,1781 780,1778 800,1753 814,1751 795,1635 771,1641 762,1634 755,1641 741,1643"/>
                <Baseline points="774,1755 800,1751"/>
                <TextEquiv>
                    <Unicode>—</Unicode>
                </TextEquiv>
            </TextLine>
            <TextLine id="r1l15" custom="readingOrder {index:14;}">
                <Coords points="2964,1788 3005,1798 3051,1781 3092,1794 3163,1779 3210,1795 3259,1780 3258,1748 3201,1735 3146,1749 3130,1739 3108,1750 3100,1742 2963,1741"/>
                <Baseline points="2976,1786 3003,1784 3030,1784 3057,1784 3084,1783 3111,1783 3138,1783 3165,1783 3192,1782 3219,1781 3246,1780"/>
                <TextEquiv>
                    <Unicode>zen aus der</Unicode>
                </TextEquiv>
            </TextLine>
            <TextLine id="r1l16" custom="readingOrder {index:15;}">
                <Coords points="1997,1797 2841,1799 2958,1783 2958,1740 1997,1750"/>
                <Baseline points="2011,1793 2057,1793 2104,1793 2151,1793 2198,1793 2244,1792 2291,1792 2338,1791 2385,1791 2431,1790 2478,1789 2525,1788 2572,1788 2618,1787 2665,1786 2712,1785 2759,1784 2805,1784 2852,1783 2899,1782 2946,1781"/>
                <TextEquiv>
                    <Unicode>keinen, der uns gebietet, allen Gelüsten, Launen</Unicode>
                </TextEquiv>
            </TextLine>
            <TextLine id="r1l17" custom="readingOrder {index:16;}">
                <Coords points="1018,1803 2007,1823 1987,1750 1119,1769 1017,1729"/>
                <Baseline points="1033,1806 1083,1804 1133,1803 1184,1802 1234,1801 1285,1801 1335,1800 1386,1800 1436,1800 1487,1799 1537,1799 1588,1799 1638,1799 1689,1798 1739,1798 1790,1797 1840,1796 1891,1795 1941,1794 1992,1792"/>
                <TextEquiv>
                    <Unicode>klärte, daß auch der neue ältere Schnitzler der</Unicode>
                </TextEquiv>
            </TextLine>
            <TextLine id="r1l18" custom="readingOrder {index:17;}">
                <Coords points="802,1839 816,1839 824,1830 851,1837 867,1823 884,1825 915,1851 920,1845 950,1849 945,1723 926,1727 914,1717 899,1734 884,1723 874,1735 857,1730 842,1742 819,1721 797,1719"/>
                <Baseline points="816,1822 845,1819 875,1818 904,1817 934,1816"/>
                <TextEquiv>
                    <Unicode></Unicode>
                </TextEquiv>
            </TextLine>
            <TextLine id="r1l19" custom="readingOrder {index:18;}">
                <Coords points="2956,1837 3016,1835 3059,1846 3122,1832 3155,1841 3196,1833 3248,1844 3248,1781 3114,1794 3051,1783 2983,1794 2956,1782"/>
                <Baseline points="2969,1830 2995,1829 3022,1829 3048,1829 3075,1829 3102,1829 3128,1829 3155,1829 3181,1830 3208,1830 3235,1831"/>
                <TextEquiv>
                    <Unicode>wissen, wie z</Unicode>
                </TextEquiv>
            </TextLine>
            <TextLine id="r1l20" custom="readingOrder {index:19;}">
                <Coords points="2009,1848 2957,1843 2956,1783 2009,1799"/>
                <Baseline points="2022,1840 2068,1839 2114,1839 2160,1839 2206,1838 2252,1838 2298,1838 2344,1837 2390,1837 2436,1836 2483,1836 2529,1835 2575,1834 2621,1834 2667,1833 2713,1833 2759,1832 2805,1831 2851,1831 2897,1830 2944,1830"/>
                <TextEquiv>
                    <Unicode>und Wünschen zu folgen. Die kleine Sicherheit</Unicode>
                </TextEquiv>
            </TextLine>
            <TextLine id="r1l21" custom="readingOrder {index:20;}">
                <Coords points="1028,1854 1987,1852 1959,1800 1028,1802"/>
                <Baseline points="1043,1853 1089,1853 1136,1852 1182,1852 1229,1851 1275,1851 1322,1850 1368,1850 1415,1849 1461,1849 1508,1849 1554,1848 1601,1848 1647,1847 1694,1846 1740,1846 1787,1845 1833,1845 1880,1844 1926,1843 1973,1843"/>
                <TextEquiv>
                    <Unicode>alte jüngere Schnitzler sei. Und es wäre sogar</Unicode>
                </TextEquiv>
            </TextLine>
            <TextLine id="r1l22" custom="readingOrder {index:21;}">
                <Coords points="280,1882 368,1889 400,1863 540,1872 589,1854 679,1885 767,1886 845,1855 844,1792 803,1809 764,1774 579,1792 396,1781 337,1821 279,1819"/>
                <Baseline points="293,1858 319,1857 346,1857 373,1856 400,1855 427,1854 454,1853 481,1852 508,1851 535,1850 562,1849 588,1848 615,1848 642,1847 669,1847 696,1847 723,1847 750,1848 777,1849 804,1849 831,1851"/>
                <TextEquiv>
                    <Unicode>Beuilleton.“</Unicode>
                </TextEquiv>
            </TextLine>
            <TextLine id="r1l23" custom="readingOrder {index:22;}">
                <Coords points="2967,1887 3024,1894 3089,1882 3109,1893 3128,1882 3199,1895 3259,1886 3258,1825 3228,1840 3201,1829 3160,1843 3146,1835 3051,1845 2966,1835"/>
                <Baseline points="2980,1875 3006,1878 3033,1879 3059,1879 3086,1879 3113,1878 3139,1877 3166,1876 3192,1876 3219,1875 3246,1875"/>
                <TextEquiv>
                    <Unicode>ihre plaude</Unicode>
                </TextEquiv>
            </TextLine>
            <TextLine id="r1l24" custom="readingOrder {index:23;}">
                <Coords points="2007,1901 2955,1889 2954,1853 2905,1835 2006,1849"/>
                <Baseline points="2021,1885 2069,1886 2117,1886 2166,1886 2214,1886 2262,1886 2311,1885 2359,1885 2407,1884 2456,1884 2504,1883 2553,1882 2601,1881 2649,1881 2698,1880 2746,1880 2794,1879 2843,1879 2891,1879 2940,1880"/>
                <TextEquiv>
                    <Unicode>des Seins schwankt unter unseren Füßen,</Unicode>
                </TextEquiv>
            </TextLine>
            <TextLine id="r1l25" custom="readingOrder {index:24;}">
                <Coords points="1030,1923 1994,1908 1993,1848 1029,1866"/>
                <Baseline points="1043,1903 1089,1902 1136,1901 1183,1901 1230,1900 1277,1899 1323,1898 1370,1897 1417,1897 1464,1896 1511,1895 1557,1895 1604,1894 1651,1893 1698,1893 1745,1892 1791,1892 1838,1892 1885,1892 1932,1892 1979,1892"/>
                <TextEquiv>
                    <Unicode>ein wenig wahr — aber doch nur halb, relativ,</Unicode>
                </TextEquiv>
            </TextLine>
            <TextLine id="r1l26" custom="readingOrder {index:25;}">
                <Coords points="850,1972 910,1949 937,1950 964,1926 982,1932 1000,1924 968,1721 949,1719 939,1731 915,1718 889,1742 859,1730 832,1748 815,1748"/>
                <Baseline points="857,1932 882,1933 908,1930 933,1924 959,1919 985,1916"/>
                <TextEquiv>
                    <Unicode></Unicode>
                </TextEquiv>
            </TextLine>
            <TextLine id="r1l27" custom="readingOrder {index:26;}">
                <Coords points="2963,1939 3050,1932 3069,1940 3110,1929 3146,1942 3184,1925 3206,1935 3236,1932 3260,1926 3260,1885 3208,1892 3197,1884 3060,1883 3022,1894 2962,1884"/>
                <Baseline points="2977,1927 3003,1928 3030,1929 3057,1929 3084,1929 3111,1929 3138,1928 3165,1927 3192,1926 3219,1925 3246,1924"/>
                <TextEquiv>
                    <Unicode>wenig sie un</Unicode>
                </TextEquiv>
            </TextLine>
            <TextLine id="r1l28" custom="readingOrder {index:27;}">
                <Coords points="1998,1937 2957,1946 2940,1883 1998,1888"/>
                <Baseline points="2011,1934 2057,1934 2104,1934 2150,1934 2197,1934 2244,1934 2290,1933 2337,1933 2384,1932 2430,1932 2477,1931 2524,1930 2570,1929 2617,1929 2664,1928 2710,1928 2757,1927 2804,1927 2850,1926 2897,1926 2944,1926"/>
                <TextEquiv>
                    <Unicode>nichts ist gewiß, fest, und mit flackernder Lampe</Unicode>
                </TextEquiv>
            </TextLine>
            <TextLine id="r1l29" custom="readingOrder {index:28;}">
                <Coords points="1018,1971 1991,1956 1990,1901 1938,1897 1064,1913 1017,1883"/>
                <Baseline points="1033,1949 1080,1948 1127,1947 1174,1947 1221,1947 1269,1947 1316,1946 1363,1946 1410,1946 1457,1946 1505,1946 1552,1945 1599,1945 1646,1944 1693,1943 1741,1942 1788,1941 1835,1940 1882,1938 1929,1936 1977,1934"/>
                <TextEquiv>
                    <Unicode>Pumgedeutet, wie es sich eben für eine Wahr¬</Unicode>
                </TextEquiv>
            </TextLine>
            <TextLine id="r1l30" custom="readingOrder {index:29;}">
                <Coords points="358,1972 413,1971 448,1991 478,1978 596,1982 606,1993 642,1975 656,1984 701,1941 733,1948 734,1909 709,1920 637,1887 582,1894 538,1882 521,1898 445,1885 390,1905 360,1899"/>
                <Baseline points="372,1947 398,1951 425,1955 451,1957 478,1960 505,1961 531,1963 558,1963 584,1964 611,1964 638,1962 664,1961 691,1960 718,1958"/>
                <TextEquiv>
                    <Unicode>Schnitzler.</Unicode>
                </TextEquiv>
            </TextLine>
            <TextLine id="r1l31" custom="readingOrder {index:30;}">
                <Coords points="2958,1968 2974,1965 3008,1989 3090,1981 3101,1992 3123,1986 3136,1994 3245,1974 3244,1933 3189,1929 3138,1942 3110,1929 3091,1937 2957,1938"/>
                <Baseline points="2973,1976 2998,1976 3024,1977 3050,1976 3076,1976 3102,1975 3127,1975 3153,1973 3179,1972 3205,1971 3231,1969"/>
                <TextEquiv>
                    <Unicode>Schnitzler so</Unicode>
                </TextEquiv>
            </TextLine>
            <TextLine id="r1l32" custom="readingOrder {index:31;}">
                <Coords points="2010,1997 2638,1976 2906,2000 2966,1989 2966,1931 2010,1942"/>
                <Baseline points="2023,1979 2069,1980 2116,1981 2162,1982 2209,1982 2255,1982 2302,1982 2348,1981 2395,1981 2441,1980 2488,1979 2534,1978 2581,1977 2627,1976 2674,1976 2720,1975 2767,1974 2813,1974 2860,1973 2906,1973 2953,1974"/>
                <TextEquiv>
                    <Unicode>führt uns der Dichter in das unausdenkbare,</Unicode>
                </TextEquiv>
            </TextLine>
            <TextLine id="r1l33" custom="readingOrder {index:32;}">
                <Coords points="1040,2010 1994,2005 1993,1956 1916,1943 1040,1953"/>
                <Baseline points="1053,1995 1099,1995 1145,1996 1192,1996 1238,1996 1285,1996 1331,1996 1377,1996 1424,1996 1470,1996 1517,1996 1563,1995 1609,1994 1656,1994 1702,1993 1749,1991 1795,1990 1841,1989 1888,1988 1934,1986 1981,1984"/>
                <TextEquiv>
                    <Unicode>heit bei diesem scharmantesten Skeptiker schickt.</Unicode>
                </TextEquiv>
            </TextLine>
            <TextLine id="r1l34" custom="readingOrder {index:33;}">
                <Coords points="116,2031 996,2030 1026,2025 1025,1965 962,1946 842,1978 702,1941 656,1983 115,1976"/>
                <Baseline points="130,2021 174,2021 218,2022 262,2022 306,2022 350,2022 394,2022 438,2022 482,2021 526,2021 570,2021 614,2020 658,2019 702,2019 746,2018 790,2017 834,2015 878,2014 922,2013 966,2011 1011,2009"/>
                <TextEquiv>
                    <Unicode>Er ist eine Ehre unserer Stadt, und so scheint</Unicode>
                </TextEquiv>
            </TextLine>
            <TextLine id="r1l35" custom="readingOrder {index:34;}">
                <Coords points="2962,2025 3055,2041 3112,2027 3134,2041 3189,2040 3205,2024 3252,2032 3251,1977 3172,1980 3139,1994 3126,1986 3101,1992 3090,1981 3027,1992 2962,1965"/>
                <Baseline points="2977,2022 3003,2023 3029,2024 3055,2024 3081,2025 3108,2025 3134,2024 3160,2024 3186,2023 3212,2022 3239,2020"/>
                <TextEquiv>
                    <Unicode>den jungen</Unicode>
                </TextEquiv>
            </TextLine>
            <TextLine id="r1l36" custom="readingOrder {index:35;}">
                <Coords points="2004,2050 2736,2037 2735,1999 2634,1975 2003,1993"/>
                <Baseline points="2017,2027 2052,2028 2087,2029 2122,2030 2158,2030 2193,2030 2228,2030 2264,2030 2299,2030 2334,2029 2370,2029 2405,2029 2440,2028 2475,2027 2511,2027 2546,2026 2581,2026 2617,2026 2652,2026 2687,2026 2723,2026"/>
                <TextEquiv>
                    <Unicode>unerhellte Reich der Möglichkeiten.</Unicode>
                </TextEquiv>
            </TextLine>
            <TextLine id="r1l37" custom="readingOrder {index:36;}">
                <Coords points="1043,2054 1825,2058 1969,2050 2004,2003 1043,2010"/>
                <Baseline points="1058,2049 1104,2050 1151,2050 1197,2050 1244,2050 1291,2050 1337,2049 1384,2048 1430,2048 1477,2047 1524,2046 1570,2045 1617,2044 1663,2043 1710,2042 1757,2041 1803,2040 1850,2039 1896,2038 1943,2038 1990,2038"/>
                <TextEquiv>
                    <Unicode>Gewiß, seine Züge bleiben uns vertraut, aber</Unicode>
                </TextEquiv>
            </TextLine>
            <TextLine id="r1l38" custom="readingOrder {index:37;}">
                <Coords points="73,2083 1035,2069 1034,2031 960,2018 73,2020"/>
                <Baseline points="86,2073 132,2073 179,2073 226,2073 273,2072 320,2072 366,2072 413,2072 460,2072 507,2071 554,2071 600,2071 647,2070 694,2069 741,2069 788,2068 834,2067 881,2065 928,2064 975,2062 1022,2061"/>
                <TextEquiv>
                    <Unicode>wohl jeder Anlaß willkommen, der uns zu ihm</Unicode>
                </TextEquiv>
            </TextLine>
            <TextLine id="r1l39" custom="readingOrder {index:38;}">
                <Coords points="2972,2077 3007,2074 3035,2085 3065,2069 3087,2085 3122,2077 3130,2085 3185,2082 3198,2074 3245,2082 3245,2052 3204,2038 3149,2039 3114,2028 3070,2039 2972,2031"/>
                <Baseline points="2986,2068 3013,2071 3040,2073 3068,2073 3095,2073 3122,2072 3150,2071 3177,2070 3204,2071 3232,2072"/>
                <TextEquiv>
                    <Unicode>der seinen „</Unicode>
                </TextEquiv>
            </TextLine>
            <TextLine id="r1l40" custom="readingOrder {index:39;}">
                <Coords points="2038,2086 2926,2091 2967,2085 2967,2020 2038,2045"/>
                <Baseline points="2052,2082 2097,2082 2142,2082 2187,2081 2232,2081 2277,2081 2322,2081 2367,2081 2412,2081 2457,2080 2502,2080 2547,2080 2592,2079 2637,2079 2682,2079 2727,2078 2772,2078 2817,2077 2862,2077 2907,2076 2953,2075"/>
                <TextEquiv>
                    <Unicode>Die anderen Dichter, die halten sich hübsch</Unicode>
                </TextEquiv>
            </TextLine>
            <TextLine id="r1l41" custom="readingOrder {index:40;}">
                <Coords points="1035,2105 1974,2104 1998,2038 1034,2054"/>
                <Baseline points="1049,2102 1095,2101 1142,2100 1189,2099 1236,2099 1283,2098 1330,2098 1376,2097 1423,2097 1470,2096 1517,2096 1564,2095 1611,2094 1658,2093 1704,2092 1751,2091 1798,2089 1845,2088 1892,2085 1939,2083 1986,2081"/>
                <TextEquiv>
                    <Unicode>sie scheinen doch entschlossener und ausdrucks¬</Unicode>
                </TextEquiv>
            </TextLine>
            <TextLine id="r1l42" custom="readingOrder {index:41;}">
                <Coords points="76,2132 1038,2124 1037,2070 76,2078"/>
                <Baseline points="89,2122 135,2122 182,2122 229,2122 276,2121 323,2121 369,2121 416,2121 463,2121 510,2121 557,2121 603,2120 650,2120 697,2119 744,2118 791,2117 837,2116 884,2115 931,2113 978,2111 1025,2109"/>
                <TextEquiv>
                    <Unicode>führt. Jeder — nur nicht gerade sein fünfzigster</Unicode>
                </TextEquiv>
            </TextLine>
            <TextLine id="r1l43" custom="readingOrder {index:42;}">
                <Coords points="2972,2129 3081,2134 3100,2126 3152,2136 3187,2114 3226,2133 3256,2122 3255,2076 3100,2079 3089,2087 3059,2074 3037,2085 2971,2074"/>
                <Baseline points="2985,2117 3010,2119 3036,2121 3062,2121 3087,2122 3113,2121 3139,2121 3164,2120 3190,2119 3216,2118 3242,2118"/>
                <TextEquiv>
                    <Unicode>verbindet un</Unicode>
                </TextEquiv>
            </TextLine>
            <TextLine id="r1l44" custom="readingOrder {index:43;}">
                <Coords points="1999,2149 2452,2147 2545,2119 2892,2140 2968,2126 2968,2087 1998,2111"/>
                <Baseline points="2013,2136 2060,2134 2107,2133 2154,2132 2201,2131 2248,2130 2295,2130 2342,2130 2389,2129 2436,2129 2483,2129 2530,2129 2577,2129 2624,2129 2671,2128 2718,2128 2765,2127 2812,2126 2859,2125 2906,2124 2954,2122"/>
                <TextEquiv>
                    <Unicode>an das Tatsächliche und ziehen daraus ihre</Unicode>
                </TextEquiv>
            </TextLine>
            <TextLine id="r1l45" custom="readingOrder {index:44;}">
                <Coords points="1040,2162 1985,2158 2003,2095 1039,2107"/>
                <Baseline points="1053,2146 1099,2146 1146,2147 1193,2147 1240,2147 1287,2146 1333,2146 1380,2146 1427,2145 1474,2145 1521,2144 1567,2143 1614,2142 1661,2141 1708,2140 1755,2139 1801,2138 1848,2137 1895,2136 1942,2134 1989,2133"/>
                <TextEquiv>
                    <Unicode>voller geworden. Gleich diese erste merkwürdige</Unicode>
                </TextEquiv>
            </TextLine>
            <TextLine id="r1l46" custom="readingOrder {index:45;}">
                <Coords points="81,2179 1034,2180 1033,2128 979,2117 80,2135"/>
                <Baseline points="95,2168 141,2170 187,2171 233,2171 280,2172 326,2172 372,2172 419,2172 465,2171 511,2170 558,2169 604,2169 650,2168 696,2167 743,2166 789,2165 835,2164 882,2164 928,2163 974,2163 1021,2163"/>
                <TextEquiv>
                    <Unicode>Geburtstag, der heute überall gefeiert wird,</Unicode>
                </TextEquiv>
            </TextLine>
            <TextLine id="r1l47" custom="readingOrder {index:46;}">
                <Coords points="2968,2180 3025,2186 3075,2169 3085,2180 3197,2175 3216,2194 3255,2184 3252,2123 3225,2134 3187,2115 3157,2134 3094,2126 3047,2137 2968,2125"/>
                <Baseline points="2981,2168 3007,2169 3033,2170 3059,2170 3085,2170 3111,2170 3137,2170 3163,2170 3189,2170 3215,2170 3241,2169"/>
                <TextEquiv>
                    <Unicode>nun den Ru</Unicode>
                </TextEquiv>
            </TextLine>
            <TextLine id="r1l48" custom="readingOrder {index:47;}">
                <Coords points="2014,2198 2707,2175 2861,2198 2959,2188 2958,2126 2013,2143"/>
                <Baseline points="2026,2186 2072,2185 2118,2184 2164,2183 2210,2182 2256,2181 2302,2180 2348,2180 2394,2179 2440,2178 2486,2178 2532,2177 2578,2177 2624,2176 2670,2176 2716,2175 2762,2175 2808,2175 2854,2175 2900,2174 2946,2174"/>
                <TextEquiv>
                    <Unicode>poetischen Folgerungen. Schnitzler aber glaubt</Unicode>
                </TextEquiv>
            </TextLine>
            <TextLine id="r1l49" custom="readingOrder {index:48;}">
                <Coords points="1048,2203 2001,2197 2000,2151 1855,2142 1047,2159"/>
                <Baseline points="1062,2198 1108,2197 1154,2197 1200,2196 1247,2196 1293,2195 1339,2195 1386,2194 1432,2194 1478,2193 1525,2192 1571,2192 1617,2191 1663,2190 1710,2189 1756,2189 1802,2188 1849,2187 1895,2186 1941,2185 1988,2185"/>
                <TextEquiv>
                    <Unicode>Erzählung „Die Hirtenflöte“ hätte kein junger</Unicode>
                </TextEquiv>
            </TextLine>
            <TextLine id="r1l50" custom="readingOrder {index:49;}">
                <Coords points="82,2228 1000,2226 1038,2212 1038,2173 82,2179"/>
                <Baseline points="97,2218 143,2218 189,2218 236,2218 282,2218 329,2218 375,2218 421,2218 468,2218 514,2217 561,2217 607,2217 653,2216 700,2215 746,2214 793,2214 839,2212 885,2211 932,2210 978,2208 1025,2206"/>
                <TextEquiv>
                    <Unicode>soweit man Dichter liebt. Denn in der feier¬</Unicode>
                </TextEquiv>
            </TextLine>
            <TextLine id="r1l51" custom="readingOrder {index:50;}">
                <Coords points="2975,2222 3016,2233 3054,2221 3144,2231 3174,2222 3202,2232 3232,2224 3231,2194 3215,2194 3195,2175 3165,2181 3127,2173 3108,2182 3072,2166 3059,2177 2974,2179"/>
                <Baseline points="2987,2219 3012,2220 3038,2220 3063,2220 3089,2219 3114,2219 3140,2218 3165,2218 3191,2217 3217,2216"/>
                <TextEquiv>
                    <Unicode>weite Land</Unicode>
                </TextEquiv>
            </TextLine>
            <TextLine id="r1l52" custom="readingOrder {index:51;}">
                <Coords points="2005,2231 2928,2236 2963,2189 2005,2198"/>
                <Baseline points="2018,2234 2064,2232 2111,2230 2157,2229 2204,2228 2251,2227 2297,2226 2344,2225 2390,2225 2437,2225 2484,2225 2530,2224 2577,2224 2623,2224 2670,2224 2717,2224 2763,2224 2810,2223 2856,2223 2903,2222 2950,2221"/>
                <TextEquiv>
                    <Unicode>nicht an diese Tatsachen, nur an Launen, Zu¬</Unicode>
                </TextEquiv>
            </TextLine>
            <TextLine id="r1l53" custom="readingOrder {index:52;}">
                <Coords points="1052,2256 1991,2241 1969,2192 1051,2204"/>
                <Baseline points="1064,2250 1109,2249 1155,2247 1200,2246 1246,2245 1292,2244 1337,2244 1383,2243 1429,2243 1474,2242 1520,2241 1566,2241 1611,2240 1657,2240 1703,2239 1748,2239 1794,2238 1840,2237 1885,2235 1931,2234 1977,2233"/>
                <TextEquiv>
                    <Unicode>Mann schreiben können; es sind darin Ge¬</Unicode>
                </TextEquiv>
            </TextLine>
            <TextLine id="r1l54" custom="readingOrder {index:53;}">
                <Coords points="86,2280 984,2275 1033,2269 1033,2223 85,2231"/>
                <Baseline points="99,2267 145,2267 191,2266 237,2266 283,2265 329,2265 375,2265 421,2264 467,2264 513,2263 559,2263 605,2262 651,2262 697,2261 743,2261 789,2260 835,2259 881,2259 927,2258 973,2257 1019,2257"/>
                <TextEquiv>
                    <Unicode>lichen Ziffer eines seichen Jubiläums steckt ein</Unicode>
                </TextEquiv>
            </TextLine>
            <TextLine id="r1l55" custom="readingOrder {index:54;}">
                <Coords points="2967,2279 3005,2273 3068,2282 3101,2270 3164,2273 3175,2284 3220,2247 3239,2249 3238,2221 3151,2230 3124,2222 3116,2231 3107,2223 3055,2222 3009,2232 2965,2217"/>
                <Baseline points="2981,2273 3008,2271 3035,2270 3062,2269 3089,2268 3117,2268 3144,2267 3171,2266 3198,2265 3226,2264"/>
                <TextEquiv>
                    <Unicode>spiel einer</Unicode>
                </TextEquiv>
            </TextLine>
            <TextLine id="r1l56" custom="readingOrder {index:55;}">
                <Coords points="2003,2289 2965,2286 2964,2229 2002,2232"/>
                <Baseline points="2017,2280 2063,2279 2110,2279 2157,2279 2203,2279 2250,2278 2297,2277 2343,2277 2390,2276 2437,2275 2484,2274 2530,2274 2577,2273 2624,2272 2670,2271 2717,2270 2764,2270 2810,2269 2857,2268 2904,2268 2951,2267"/>
                <TextEquiv>
                    <Unicode>fälle, geheime Gesetze, die uns irgend wohin</Unicode>
                </TextEquiv>
            </TextLine>
            <TextLine id="r1l57" custom="readingOrder {index:56;}">
                <Coords points="1048,2303 1832,2301 1867,2275 1996,2298 1971,2238 1048,2254"/>
                <Baseline points="1062,2299 1108,2298 1154,2297 1200,2295 1246,2295 1292,2294 1338,2293 1384,2293 1430,2292 1476,2291 1522,2291 1568,2290 1614,2289 1660,2289 1706,2288 1752,2287 1798,2286 1844,2285 1890,2284 1936,2282 1983,2280"/>
                <TextEquiv>
                    <Unicode>danken von einer Weisheit, die weit, weit</Unicode>
                </TextEquiv>
            </TextLine>
            <TextLine id="r1l58" custom="readingOrder {index:57;}">
                <Coords points="79,2329 1038,2319 1013,2265 78,2272"/>
                <Baseline points="93,2318 139,2317 186,2316 232,2315 279,2315 325,2314 372,2314 418,2313 465,2312 511,2312 558,2312 604,2311 651,2311 697,2310 744,2310 790,2309 837,2308 883,2307 930,2307 976,2305 1023,2304"/>
                <TextEquiv>
                    <Unicode>ganz unschnitzlerisches Pathos, man erinnert</Unicode>
                </TextEquiv>
            </TextLine>
            <TextLine id="r1l59" custom="readingOrder {index:58;}">
                <Coords points="2968,2331 3036,2321 3064,2334 3091,2320 3113,2330 3137,2321 3192,2334 3208,2319 3252,2321 3251,2269 3221,2278 3210,2270 3172,2279 3089,2268 3073,2282 3030,2283 3005,2272 2967,2279"/>
                <Baseline points="2982,2320 3007,2319 3033,2318 3058,2317 3084,2317 3109,2316 3135,2316 3160,2315 3186,2315 3211,2314 3237,2313"/>
                <TextEquiv>
                    <Unicode>sie geistig sin</Unicode>
                </TextEquiv>
            </TextLine>
            <TextLine id="r1l60" custom="readingOrder {index:59;}">
                <Coords points="2009,2336 2567,2344 2673,2310 2744,2339 2908,2331 2970,2325 2970,2284 2008,2290"/>
                <Baseline points="2022,2329 2068,2329 2115,2329 2162,2329 2209,2329 2256,2328 2302,2327 2349,2327 2396,2326 2443,2325 2490,2324 2536,2323 2583,2322 2630,2321 2677,2320 2724,2319 2770,2319 2817,2319 2864,2318 2911,2319 2958,2319"/>
                <TextEquiv>
                    <Unicode>werfen. Eine höhnische Laune läßt in der</Unicode>
                </TextEquiv>
            </TextLine>
            <TextLine id="r1l61" custom="readingOrder {index:60;}">
                <Coords points="1039,2354 1976,2344 2002,2283 1038,2305"/>
                <Baseline points="1053,2346 1099,2345 1146,2344 1193,2343 1240,2342 1287,2342 1333,2341 1380,2341 1427,2340 1474,2339 1521,2339 1567,2338 1614,2337 1661,2337 1708,2336 1755,2335 1801,2334 1848,2333 1895,2331 1942,2330 1989,2328"/>
                <TextEquiv>
                    <Unicode>durchs Leben gewandert ist. So weit wie die</Unicode>
                </TextEquiv>
            </TextLine>
            <TextLine id="r1l62" custom="readingOrder {index:61;}">
                <Coords points="88,2378 880,2379 1030,2368 1029,2316 87,2329"/>
                <Baseline points="102,2368 147,2367 193,2367 239,2366 284,2365 330,2365 376,2364 421,2363 467,2363 513,2362 559,2361 604,2361 650,2360 696,2359 741,2358 787,2357 833,2356 878,2356 924,2355 970,2354 1016,2353"/>
                <TextEquiv>
                    <Unicode>sich seiner sanften und unwiderstehlich bedeut¬</Unicode>
                </TextEquiv>
            </TextLine>
            <TextLine id="r1l63" custom="readingOrder {index:62;}">
                <Coords points="2967,2363 3024,2377 3060,2366 3090,2380 3125,2367 3246,2373 3246,2323 3210,2318 3194,2331 3186,2323 3120,2331 3096,2320 3063,2336 3035,2320 2967,2342"/>
                <Baseline points="2982,2361 3009,2362 3037,2362 3065,2362 3092,2361 3120,2361 3148,2361 3175,2362 3203,2362 3231,2364"/>
                <TextEquiv>
                    <Unicode>mit ihrem I</Unicode>
                </TextEquiv>
            </TextLine>
            <TextLine id="r1l64" custom="readingOrder {index:63;}">
                <Coords points="2010,2392 2952,2378 2952,2326 2010,2335"/>
                <Baseline points="2025,2379 2070,2378 2116,2376 2162,2375 2207,2375 2253,2374 2299,2373 2344,2373 2390,2372 2436,2372 2482,2371 2527,2371 2573,2371 2619,2370 2664,2370 2710,2369 2756,2369 2801,2368 2847,2367 2893,2366 2939,2365"/>
                <TextEquiv>
                    <Unicode>zweiten Novelle „Der Tod des Junggesellen“</Unicode>
                </TextEquiv>
            </TextLine>
            <TextLine id="r1l65" custom="readingOrder {index:64;}">
                <Coords points="1052,2404 1983,2395 1999,2334 1051,2352"/>
                <Baseline points="1065,2393 1111,2393 1157,2393 1203,2393 1249,2392 1295,2392 1341,2391 1387,2391 1433,2390 1479,2389 1526,2389 1572,2388 1618,2387 1664,2386 1710,2384 1756,2383 1802,2382 1848,2381 1894,2379 1940,2378 1987,2377"/>
                <TextEquiv>
                    <Unicode>junge und schöne und treue Frau Dionysia,</Unicode>
                </TextEquiv>
            </TextLine>
            <TextLine id="r1l66" custom="readingOrder {index:65;}">
                <Coords points="77,2433 1032,2422 1032,2367 76,2381"/>
                <Baseline points="89,2418 135,2417 182,2417 228,2416 275,2415 321,2414 368,2414 414,2413 461,2412 507,2412 554,2411 600,2411 647,2410 693,2409 740,2408 786,2407 833,2407 879,2405 926,2404 972,2402 1019,2401"/>
                <TextEquiv>
                    <Unicode>samen Ironie, und befangen glaubt mun sein</Unicode>
                </TextEquiv>
            </TextLine>
            <TextLine id="r1l67" custom="readingOrder {index:66;}">
                <Coords points="2972,2420 3079,2424 3101,2412 3112,2423 3194,2422 3262,2410 3261,2372 3242,2369 3187,2367 3155,2379 3125,2368 3092,2382 3064,2364 3010,2378 2972,2368"/>
                <Baseline points="2985,2413 3011,2414 3037,2414 3064,2415 3090,2415 3117,2414 3143,2414 3169,2413 3196,2412 3222,2411 3249,2409"/>
                <TextEquiv>
                    <Unicode>halb benöt</Unicode>
                </TextEquiv>
            </TextLine>
            <TextLine id="r1l68" custom="readingOrder {index:67;}">
                <Coords points="2003,2421 2935,2433 2959,2375 2003,2391"/>
                <Baseline points="2018,2424 2064,2423 2110,2423 2157,2423 2203,2422 2249,2422 2296,2422 2342,2421 2388,2421 2435,2421 2481,2420 2527,2420 2574,2419 2620,2419 2666,2418 2713,2418 2759,2417 2805,2416 2852,2415 2898,2414 2945,2413"/>
                <TextEquiv>
                    <Unicode>diesen seine Freunde um seine Leiche ver¬</Unicode>
                </TextEquiv>
            </TextLine>
            <TextLine id="r1l69" custom="readingOrder {index:68;}">
                <Coords points="1042,2456 2001,2445 2000,2393 1943,2388 1042,2399"/>
                <Baseline points="1057,2439 1103,2439 1150,2439 1196,2439 1243,2438 1289,2438 1336,2438 1382,2437 1429,2437 1475,2436 1522,2435 1568,2435 1615,2434 1661,2433 1708,2432 1754,2431 1801,2430 1847,2429 1894,2428 1940,2426 1987,2425"/>
                <TextEquiv>
                    <Unicode>die ihr Gatte hinaustreibt, damit sich ihre</Unicode>
                </TextEquiv>
            </TextLine>
            <TextLine id="r1l70" custom="readingOrder {index:69;}">
                <Coords points="76,2468 1037,2467 1037,2420 75,2422"/>
                <Baseline points="89,2463 135,2463 182,2464 229,2464 276,2464 322,2463 369,2463 416,2463 463,2462 509,2461 556,2460 603,2459 650,2459 696,2458 743,2457 790,2456 837,2455 883,2455 930,2454 977,2454 1024,2454"/>
                <TextEquiv>
                    <Unicode>weiches Lächeln zu spüren, das alle großen</Unicode>
                </TextEquiv>
            </TextLine>
            <TextLine id="r1l71" custom="readingOrder {index:70;}">
                <Coords points="2967,2462 3041,2475 3060,2469 3082,2480 3155,2476 3174,2465 3205,2478 3226,2467 3243,2475 3265,2469 3264,2406 3215,2421 3149,2416 3100,2430 3023,2420 2986,2440 2966,2435"/>
                <Baseline points="2979,2462 3006,2463 3033,2463 3060,2463 3088,2463 3115,2463 3142,2462 3170,2462 3197,2461 3224,2460 3252,2458"/>
                <TextEquiv>
                    <Unicode>allein dieses</Unicode>
                </TextEquiv>
            </TextLine>
            <TextLine id="r1l72" custom="readingOrder {index:71;}">
                <Coords points="2015,2491 2966,2481 2946,2416 2629,2444 2583,2420 2015,2431"/>
                <Baseline points="2029,2471 2075,2472 2121,2473 2167,2473 2213,2473 2260,2473 2306,2472 2352,2472 2398,2471 2444,2470 2491,2470 2537,2469 2583,2468 2629,2467 2675,2467 2722,2466 2768,2466 2814,2465 2860,2465 2906,2465 2953,2465"/>
                <TextEquiv>
                    <Unicode>sammeln und ihnen dort gewissermaßen</Unicode>
                </TextEquiv>
            </TextLine>
            <TextLine id="r1l73" custom="readingOrder {index:72;}">
                <Coords points="1050,2493 2012,2483 2011,2434 1964,2431 1050,2452"/>
                <Baseline points="1063,2487 1109,2487 1156,2487 1203,2487 1249,2487 1296,2487 1343,2486 1389,2486 1436,2485 1483,2484 1530,2484 1576,2483 1623,2482 1670,2481 1716,2480 1763,2479 1810,2478 1856,2478 1903,2477 1950,2477 1997,2476"/>
                <TextEquiv>
                    <Unicode>Schicksale erfüllen. Wohl, sie war gehütet,</Unicode>
                </TextEquiv>
            </TextLine>
            <TextLine id="r1l74" custom="readingOrder {index:73;}">
                <Coords points="73,2534 1048,2511 1047,2457 72,2471"/>
                <Baseline points="87,2510 134,2511 181,2511 229,2512 276,2511 323,2511 371,2510 418,2510 465,2509 513,2508 560,2507 607,2506 655,2505 702,2504 749,2503 797,2502 844,2501 891,2501 939,2500 986,2500 1034,2501"/>
                <TextEquiv>
                    <Unicode>Worte so anmutig umzudeuten weiß. Dieses</Unicode>
                </TextEquiv>
            </TextLine>
            <TextLine id="r1l75" custom="readingOrder {index:74;}">
                <Coords points="2973,2524 3035,2524 3071,2507 3082,2518 3093,2510 3112,2529 3131,2517 3232,2519 3262,2505 3262,2470 3223,2476 3174,2465 3155,2476 3120,2471 3087,2480 3027,2469 2972,2475"/>
                <Baseline points="2985,2508 3011,2510 3037,2511 3063,2512 3089,2512 3116,2512 3142,2511 3168,2511 3194,2509 3220,2508 3247,2507"/>
                <TextEquiv>
                    <Unicode>die andere</Unicode>
                </TextEquiv>
            </TextLine>
            <TextLine id="r1l76" custom="readingOrder {index:75;}">
                <Coords points="2005,2536 2975,2519 2974,2476 2931,2468 2005,2479"/>
                <Baseline points="2019,2523 2066,2522 2113,2521 2160,2520 2207,2520 2254,2519 2301,2518 2348,2517 2395,2517 2442,2516 2489,2516 2536,2515 2583,2515 2630,2515 2677,2515 2724,2514 2771,2514 2818,2514 2865,2515 2912,2515 2960,2515"/>
                <TextEquiv>
                    <Unicode>als Vermächtnis mitteilen, daß er alle</Unicode>
                </TextEquiv>
            </TextLine>
            <TextLine id="r1l77" custom="readingOrder {index:76;}">
                <Coords points="1047,2551 2008,2539 2007,2476 1046,2499"/>
                <Baseline points="1061,2542 1107,2540 1154,2539 1200,2537 1247,2536 1294,2535 1340,2534 1387,2533 1434,2532 1480,2531 1527,2530 1574,2530 1620,2529 1667,2528 1714,2528 1760,2527 1807,2526 1854,2526 1900,2525 1947,2524 1994,2522"/>
                <TextEquiv>
                    <Unicode>sanft, ergeben — aber war dies nicht bloß blasse</Unicode>
                </TextEquiv>
            </TextLine>
            <TextLine id="r1l78" custom="readingOrder {index:77;}">
                <Coords points="81,2575 909,2569 1042,2554 1042,2507 80,2520"/>
                <Baseline points="94,2561 140,2562 187,2562 234,2562 280,2562 327,2562 374,2561 420,2561 467,2560 514,2559 561,2558 607,2557 654,2556 701,2556 747,2555 794,2554 841,2553 887,2553 934,2552 981,2552 1028,2552"/>
                <TextEquiv>
                    <Unicode>Lächeln, das geradeswegs aus dem Ernst der</Unicode>
                </TextEquiv>
            </TextLine>
            <TextLine id="r1l79" custom="readingOrder {index:78;}">
                <Coords points="2969,2566 3086,2578 3105,2569 3228,2567 3264,2558 3263,2506 3195,2524 3132,2517 3121,2528 3071,2507 2995,2528 2968,2517"/>
                <Baseline points="2981,2561 3007,2562 3034,2563 3061,2563 3088,2563 3115,2563 3141,2562 3168,2561 3195,2560 3222,2558 3249,2556"/>
                <TextEquiv>
                    <Unicode>es schafft kei</Unicode>
                </TextEquiv>
            </TextLine>
            <TextLine id="r1l80" custom="readingOrder {index:79;}">
                <Coords points="2007,2569 2946,2574 2973,2514 2006,2533"/>
                <Baseline points="2021,2570 2067,2570 2114,2571 2161,2571 2208,2571 2255,2571 2302,2570 2349,2570 2396,2569 2443,2568 2490,2567 2536,2565 2583,2564 2630,2563 2677,2562 2724,2562 2771,2561 2818,2561 2865,2560 2912,2561 2959,2561"/>
                <TextEquiv>
                    <Unicode>ihre. Frauen besessen habe. Wieso dies</Unicode>
                </TextEquiv>
            </TextLine>
            <TextLine id="r1l81" custom="readingOrder {index:80;}">
                <Coords points="1053,2592 1984,2590 2002,2530 1052,2548"/>
                <Baseline points="1065,2583 1111,2584 1157,2584 1203,2584 1249,2584 1296,2583 1342,2583 1388,2583 1434,2582 1480,2582 1527,2581 1573,2580 1619,2579 1665,2578 1711,2577 1758,2576 1804,2574 1850,2573 1896,2572 1942,2571 1989,2569"/>
                <TextEquiv>
                    <Unicode>Gewohnheit, Trägheit, uneingestandene Angst?</Unicode>
                </TextEquiv>
            </TextLine>
            <TextLine id="r1l82" custom="readingOrder {index:81;}">
                <Coords points="80,2618 424,2625 500,2597 607,2623 673,2592 799,2620 918,2589 1011,2612 1041,2551 79,2569"/>
                <Baseline points="94,2609 140,2609 187,2609 234,2609 280,2609 327,2608 374,2608 420,2607 467,2607 514,2606 561,2605 607,2604 654,2604 701,2603 747,2602 794,2601 841,2601 887,2600 934,2600 981,2599 1028,2599"/>
                <TextEquiv>
                    <Unicode>Dinge kommt und ihnen wunderbar ihre</Unicode>
                </TextEquiv>
            </TextLine>
            <TextLine id="r1l83" custom="readingOrder {index:82;}">
                <Coords points="2974,2619 3043,2625 3064,2614 3073,2622 3122,2614 3144,2625 3154,2613 3204,2623 3231,2611 3264,2621 3262,2574 3232,2573 3221,2562 3156,2575 3139,2567 3088,2575 3027,2568 3017,2577 3003,2569 2973,2584"/>
                <Baseline points="2987,2613 3013,2614 3039,2614 3065,2614 3091,2614 3118,2614 3144,2613 3170,2612 3196,2610 3222,2607 3249,2603"/>
                <TextEquiv>
                    <Unicode>rat und gib</Unicode>
                </TextEquiv>
            </TextLine>
            <TextLine id="r1l84" custom="readingOrder {index:83;}">
                <Coords points="2559,2609 2649,2628 2739,2608 2778,2629 2819,2629 2870,2604 2898,2623 2966,2620 2966,2571 2834,2558 2805,2577 2761,2569 2712,2583 2654,2567 2559,2574"/>
                <Baseline points="2573,2613 2598,2613 2623,2613 2649,2613 2674,2613 2699,2613 2725,2613 2750,2613 2775,2613 2801,2612 2826,2612 2851,2612 2877,2611 2902,2611 2927,2611 2953,2610"/>
                <TextEquiv>
                    <Unicode>nicht, aber wir</Unicode>
                </TextEquiv>
            </TextLine>
            <TextLine id="r1l85" custom="readingOrder {index:84;}">
                <Coords points="2006,2615 2099,2636 2255,2613 2318,2632 2460,2611 2566,2624 2566,2569 2541,2561 2446,2581 2189,2575 2126,2595 2006,2566"/>
                <Baseline points="2019,2618 2045,2618 2072,2619 2099,2619 2125,2619 2152,2619 2179,2619 2205,2619 2232,2619 2259,2618 2286,2618 2312,2618 2339,2618 2366,2617 2392,2617 2419,2617 2446,2616 2472,2616 2499,2615 2526,2614 2553,2613"/>
                <TextEquiv>
                    <Unicode>kam, wir erfahren es</Unicode>
                </TextEquiv>
            </TextLine>
            <TextLine id="r1l86" custom="readingOrder {index:85;}">
                <Coords points="1040,2636 1947,2639 1996,2635 1996,2589 1040,2601"/>
                <Baseline points="1055,2634 1101,2634 1147,2634 1194,2633 1240,2633 1287,2632 1333,2632 1379,2631 1426,2630 1472,2630 1519,2629 1565,2628 1611,2627 1658,2626 1704,2625 1751,2625 1797,2624 1843,2623 1890,2622 1936,2622 1983,2621"/>
                <TextEquiv>
                    <Unicode>Nun soll sie allen ihren Wünschen nachgehen,</Unicode>
                </TextEquiv>
            </TextLine>
            <TextLine id="r1l87" custom="readingOrder {index:86;}">
                <Coords points="78,2657 395,2676 1034,2648 1033,2607 937,2597 77,2616"/>
                <Baseline points="90,2659 136,2658 183,2657 229,2655 276,2655 322,2654 369,2654 415,2654 462,2653 508,2653 555,2653 602,2653 648,2653 695,2652 741,2652 788,2651 834,2651 881,2650 927,2649 974,2648 1021,2647"/>
                <TextEquiv>
                    <Unicode>Schwere nimmt, es ist ja nicht bloß ein literari¬</Unicode>
                </TextEquiv>
            </TextLine>
            <TextLine id="r1l88" custom="readingOrder {index:87;}">
                <Coords points="2972,2665 3019,2670 3067,2652 3092,2671 3128,2662 3180,2671 3245,2662 3244,2610 3217,2619 3162,2614 3154,2623 3097,2613 3078,2622 3064,2614 3048,2623 2971,2619"/>
                <Baseline points="2985,2659 3012,2660 3039,2661 3067,2661 3094,2661 3121,2661 3149,2659 3176,2658 3203,2656 3231,2653"/>
                <TextEquiv>
                    <Unicode>der Stunde</Unicode>
                </TextEquiv>
            </TextLine>
            <TextLine id="r1l89" custom="readingOrder {index:88;}">
                <Coords points="2018,2677 2931,2673 2969,2626 2018,2628"/>
                <Baseline points="2031,2668 2077,2667 2123,2666 2169,2665 2215,2664 2262,2664 2308,2663 2354,2663 2400,2663 2446,2663 2493,2663 2539,2663 2585,2663 2631,2663 2677,2663 2724,2663 2770,2663 2816,2662 2862,2662 2908,2661 2955,2660"/>
                <TextEquiv>
                    <Unicode>sehen die lächerliche Belanglosigkeit jener Ent¬</Unicode>
                </TextEquiv>
            </TextLine>
            <TextLine id="r1l90" custom="readingOrder {index:89;}">
                <Coords points="1047,2701 2006,2678 2005,2626 1046,2644"/>
                <Baseline points="1062,2683 1108,2684 1155,2684 1201,2683 1248,2683 1294,2682 1341,2682 1387,2681 1434,2680 1480,2679 1527,2677 1573,2676 1620,2675 1666,2674 1713,2673 1759,2672 1806,2671 1852,2671 1899,2670 1945,2670 1992,2670"/>
                <TextEquiv>
                    <Unicode>kein Zwang ist mehr über sie aufgerichtet.</Unicode>
                </TextEquiv>
            </TextLine>
            <TextLine id="r1l91" custom="readingOrder {index:90;}">
                <Coords points="77,2717 1035,2699 1015,2650 76,2670"/>
                <Baseline points="91,2708 137,2707 184,2707 230,2706 277,2705 323,2705 370,2704 416,2703 463,2703 509,2702 556,2702 602,2701 649,2701 695,2700 742,2700 788,2699 835,2698 881,2698 928,2697 974,2696 1021,2694"/>
                <TextEquiv>
                    <Unicode>scher Besitz, es wirkt geradezu erzieherisch, und</Unicode>
                </TextEquiv>
            </TextLine>
            <TextLine id="r1l92" custom="readingOrder {index:91;}">
                <Coords points="2975,2720 3010,2713 3106,2728 3154,2701 3185,2716 3234,2712 3261,2700 3260,2664 3147,2663 3118,2678 3060,2653 3049,2665 2973,2668"/>
                <Baseline points="2987,2711 3013,2709 3039,2708 3065,2707 3091,2706 3117,2705 3143,2705 3169,2703 3195,2702 3221,2701 3247,2698"/>
                <TextEquiv>
                    <Unicode>selbst — und</Unicode>
                </TextEquiv>
            </TextLine>
            <TextLine id="r1l93" custom="readingOrder {index:92;}">
                <Coords points="2013,2725 2969,2707 2968,2663 2012,2678"/>
                <Baseline points="2027,2718 2073,2718 2119,2717 2166,2717 2212,2716 2258,2716 2305,2715 2351,2714 2397,2713 2444,2713 2490,2712 2536,2711 2583,2710 2629,2710 2675,2709 2722,2709 2768,2708 2814,2708 2861,2708 2907,2708 2954,2708"/>
                <TextEquiv>
                    <Unicode>hüllung, die durch das Weiterleben der Be¬</Unicode>
                </TextEquiv>
            </TextLine>
            <TextLine id="r1l94" custom="readingOrder {index:93;}">
                <Coords points="1052,2747 1980,2734 2004,2676 1051,2700"/>
                <Baseline points="1066,2737 1112,2736 1158,2735 1204,2734 1251,2734 1297,2733 1343,2733 1390,2732 1436,2731 1482,2731 1529,2730 1575,2729 1621,2729 1667,2728 1714,2727 1760,2726 1806,2725 1853,2724 1899,2722 1945,2721 1992,2720"/>
                <TextEquiv>
                    <Unicode>Wahrhaftig, sie verzweifelt über solch uner¬</Unicode>
                </TextEquiv>
            </TextLine>
            <TextLine id="r1l95" custom="readingOrder {index:94;}">
                <Coords points="93,2769 1038,2748 1037,2702 92,2719"/>
                <Baseline points="105,2756 150,2756 196,2756 242,2756 288,2756 334,2755 380,2755 426,2754 472,2754 518,2753 564,2753 609,2752 655,2751 701,2751 747,2750 793,2749 839,2748 885,2747 931,2747 977,2746 1023,2745"/>
                <TextEquiv>
                    <Unicode>so mag es wohl sein, daß es ihn an seinem</Unicode>
                </TextEquiv>
            </TextLine>
            <TextLine id="r1l96" custom="readingOrder {index:95;}">
                <Coords points="2977,2763 3174,2768 3190,2754 3226,2763 3244,2743 3266,2748 3264,2699 3185,2716 3157,2703 3095,2723 3010,2713 2975,2720"/>
                <Baseline points="2991,2757 3017,2759 3043,2759 3069,2759 3095,2758 3122,2756 3148,2754 3174,2753 3200,2751 3226,2750 3253,2749"/>
                <TextEquiv>
                    <Unicode>Denn es ist</Unicode>
                </TextEquiv>
            </TextLine>
            <TextLine id="r1l97" custom="readingOrder {index:96;}">
                <Coords points="2011,2773 2981,2753 2980,2699 2011,2727"/>
                <Baseline points="2025,2766 2072,2765 2119,2764 2166,2764 2213,2763 2260,2762 2307,2762 2354,2761 2401,2761 2448,2761 2495,2760 2542,2760 2589,2759 2636,2759 2683,2759 2730,2758 2777,2758 2824,2758 2871,2757 2918,2757 2966,2757"/>
                <TextEquiv>
                    <Unicode>trogenen und durch den Tod des Betrügers</Unicode>
                </TextEquiv>
            </TextLine>
            <TextLine id="r1l98" custom="readingOrder {index:97;}">
                <Coords points="1049,2788 2010,2786 2009,2729 1048,2742"/>
                <Baseline points="1062,2786 1108,2785 1155,2783 1201,2782 1248,2782 1295,2781 1341,2780 1388,2780 1435,2779 1481,2779 1528,2778 1575,2778 1621,2777 1668,2777 1715,2776 1761,2776 1808,2775 1855,2774 1901,2773 1948,2772 1995,2771"/>
                <TextEquiv>
                    <Unicode>wünschte Freiheit, will sich töten... Doch da</Unicode>
                </TextEquiv>
            </TextLine>
            <TextLine id="r1l99" custom="readingOrder {index:98;}">
                <Coords points="89,2818 1047,2796 1025,2750 88,2769"/>
                <Baseline points="101,2808 147,2807 194,2805 240,2804 287,2803 334,2802 380,2802 427,2801 473,2800 520,2800 567,2799 613,2799 660,2798 706,2798 753,2797 800,2797 846,2796 893,2795 939,2795 986,2794 1033,2793"/>
                <TextEquiv>
                    <Unicode>Feiertag vor den üblichen Tiraden schützt, mit</Unicode>
                </TextEquiv>
            </TextLine>
            <TextLine id="r1l100" custom="readingOrder {index:99;}">
                <Coords points="2974,2803 3004,2818 3234,2812 3269,2805 3268,2764 3185,2757 3175,2768 3125,2759 3033,2768 2972,2757"/>
                <Baseline points="2987,2808 3013,2807 3040,2806 3067,2805 3094,2805 3121,2804 3148,2803 3175,2802 3202,2801 3229,2798 3256,2796"/>
                <TextEquiv>
                    <Unicode>intellektuellen</Unicode>
                </TextEquiv>
            </TextLine>
            <TextLine id="r1l101" custom="readingOrder {index:100;}">
                <Coords points="2017,2824 2973,2816 2972,2764 2729,2750 2688,2781 2016,2775"/>
                <Baseline points="2031,2817 2077,2816 2123,2815 2170,2814 2216,2813 2263,2813 2309,2812 2356,2812 2402,2811 2449,2811 2495,2810 2541,2810 2588,2809 2634,2809 2681,2808 2727,2808 2774,2808 2820,2807 2867,2807 2913,2806 2960,2806"/>
                <TextEquiv>
                    <Unicode>gleichsam verschüttet ist. Und da fällt es uns</Unicode>
                </TextEquiv>
            </TextLine>
            <TextLine id="r1l102" custom="readingOrder {index:101;}">
                <Coords points="1048,2838 2009,2842 2008,2784 1965,2777 1047,2789"/>
                <Baseline points="1062,2836 1108,2834 1155,2833 1201,2832 1248,2830 1295,2830 1341,2829 1388,2828 1435,2827 1481,2827 1528,2826 1575,2825 1621,2825 1668,2824 1715,2824 1761,2823 1808,2822 1855,2822 1901,2821 1948,2820 1995,2819"/>
                <TextEquiv>
                    <Unicode>tönt fern eine Hirtenflöte, und eine Ahnung</Unicode>
                </TextEquiv>
            </TextLine>
            <TextLine id="r1l103" custom="readingOrder {index:102;}">
                <Coords points="87,2867 1046,2851 1045,2799 952,2795 87,2818"/>
                <Baseline points="100,2856 146,2855 193,2855 239,2854 286,2853 333,2852 379,2852 426,2851 472,2850 519,2849 566,2848 612,2848 659,2847 705,2846 752,2845 799,2844 845,2844 892,2843 938,2843 985,2842 1032,2842"/>
                <TextEquiv>
                    <Unicode>denen man sonst das Wesen eines wahren</Unicode>
                </TextEquiv>
            </TextLine>
            <TextLine id="r1l104" custom="readingOrder {index:103;}">
                <Coords points="2978,2858 3066,2869 3087,2854 3112,2870 3123,2861 3178,2868 3215,2855 3254,2859 3252,2813 3233,2808 3148,2817 3093,2808 3075,2825 3055,2812 2976,2812"/>
                <Baseline points="2991,2857 3016,2856 3041,2856 3066,2856 3091,2855 3116,2854 3141,2853 3166,2852 3191,2851 3216,2849 3241,2847"/>
                <TextEquiv>
                    <Unicode>und ihre Ge</Unicode>
                </TextEquiv>
            </TextLine>
            <TextLine id="r1l105" custom="readingOrder {index:104;}">
                <Coords points="2013,2872 2939,2870 2980,2867 2980,2815 2013,2826"/>
                <Baseline points="2026,2865 2073,2864 2120,2863 2167,2861 2214,2861 2261,2860 2308,2859 2355,2858 2402,2858 2449,2858 2496,2857 2543,2857 2590,2857 2637,2857 2684,2857 2731,2856 2778,2856 2825,2856 2872,2856 2919,2856 2966,2856"/>
                <TextEquiv>
                    <Unicode>bei, wie in den beiden ersten Geschichten schon</Unicode>
                </TextEquiv>
            </TextLine>
            <TextLine id="r1l106" custom="readingOrder {index:105;}">
                <Coords points="1054,2892 2007,2874 2006,2831 1963,2826 1053,2843"/>
                <Baseline points="1067,2884 1113,2882 1159,2881 1205,2880 1252,2879 1298,2878 1344,2878 1391,2877 1437,2876 1483,2876 1530,2875 1576,2874 1622,2874 1668,2873 1715,2873 1761,2872 1807,2871 1854,2870 1900,2869 1946,2868 1993,2867"/>
                <TextEquiv>
                    <Unicode>spannt ihre Züge, ihr ungelebtes Leben ruft die</Unicode>
                </TextEquiv>
            </TextLine>
            <TextLine id="r1l107" custom="readingOrder {index:106;}">
                <Coords points="89,2916 1045,2902 1025,2848 88,2864"/>
                <Baseline points="104,2905 150,2904 196,2904 242,2903 289,2902 335,2901 381,2900 428,2899 474,2899 520,2898 567,2897 613,2896 659,2895 705,2894 752,2893 798,2892 844,2891 891,2890 937,2888 983,2887 1030,2886"/>
                <TextEquiv>
                    <Unicode>Menschen zuzudecken pflegt. Nun, glücklicher¬</Unicode>
                </TextEquiv>
            </TextLine>
            <TextLine id="r1l108" custom="readingOrder {index:107;}">
                <Coords points="2978,2919 3057,2906 3112,2908 3128,2923 3144,2907 3180,2900 3196,2913 3229,2913 3228,2858 3198,2859 3178,2848 3160,2865 3080,2859 3072,2868 3050,2868 2976,2859"/>
                <Baseline points="2991,2905 3019,2906 3047,2906 3075,2905 3103,2904 3131,2903 3159,2902 3187,2901 3215,2901"/>
                <TextEquiv>
                    <Unicode>plumpen, sa</Unicode>
                </TextEquiv>
            </TextLine>
            <TextLine id="r1l109" custom="readingOrder {index:108;}">
                <Coords points="2016,2920 2972,2914 2971,2868 2911,2860 2015,2874"/>
                <Baseline points="2028,2912 2074,2911 2121,2911 2167,2910 2214,2910 2260,2909 2307,2908 2353,2908 2400,2907 2446,2906 2493,2906 2539,2905 2586,2905 2632,2904 2679,2904 2725,2904 2772,2904 2818,2904 2865,2904 2911,2904 2958,2905"/>
                <TextEquiv>
                    <Unicode>der ganze Schnitzler angesammelt ist, seine</Unicode>
                </TextEquiv>
            </TextLine>
            <TextLine id="r1l110" custom="readingOrder {index:109;}">
                <Coords points="1045,2936 2012,2914 2011,2879 1959,2874 1045,2892"/>
                <Baseline points="1059,2930 1108,2930 1157,2930 1207,2929 1256,2929 1306,2928 1355,2927 1404,2926 1454,2926 1503,2925 1553,2924 1602,2923 1652,2922 1701,2921 1750,2920 1800,2919 1849,2918 1899,2918 1948,2917 1998,2916"/>
                <TextEquiv>
                    <Unicode>Befreite. Nun wirbeln alle Abenteuer traum¬</Unicode>
                </TextEquiv>
            </TextLine>
            <TextLine id="r1l111" custom="readingOrder {index:110;}">
                <Coords points="90,2965 983,2958 1054,2941 1054,2905 90,2916"/>
                <Baseline points="104,2954 150,2952 197,2951 244,2950 291,2948 338,2948 384,2947 431,2946 478,2945 525,2945 572,2944 618,2943 665,2943 712,2942 759,2942 806,2941 852,2940 899,2939 946,2938 993,2937 1040,2937"/>
                <TextEquiv>
                    <Unicode>weise hat er uns eben jetzt ein neues Buch ge¬</Unicode>
                </TextEquiv>
            </TextLine>
            <TextLine id="r1l112" custom="readingOrder {index:111;}">
                <Coords points="2980,2959 3264,2962 3262,2913 3240,2905 3213,2915 3185,2902 3136,2915 3081,2906 3073,2915 3057,2907 2978,2910"/>
                <Baseline points="2992,2954 3017,2953 3043,2952 3069,2952 3094,2951 3120,2950 3146,2949 3171,2948 3197,2947 3223,2945 3249,2943"/>
                <TextEquiv>
                    <Unicode>Schuld überl</Unicode>
                </TextEquiv>
            </TextLine>
            <TextLine id="r1l113" custom="readingOrder {index:112;}">
                <Coords points="2012,2967 2623,2949 2785,2980 2984,2948 2983,2894 2011,2915"/>
                <Baseline points="2025,2959 2072,2958 2119,2958 2166,2958 2213,2957 2261,2957 2308,2957 2355,2956 2402,2956 2449,2956 2497,2956 2544,2955 2591,2955 2638,2954 2685,2954 2733,2954 2780,2953 2827,2953 2874,2952 2921,2951 2969,2951"/>
                <TextEquiv>
                    <Unicode>verfeinerte Geistigkeit, seine Lust am hohen</Unicode>
                </TextEquiv>
            </TextLine>
            <TextLine id="r1l114" custom="readingOrder {index:113;}">
                <Coords points="1058,2986 1948,2985 2011,2964 2010,2918 1057,2940"/>
                <Baseline points="1070,2982 1116,2981 1162,2980 1209,2979 1255,2978 1301,2977 1348,2976 1394,2975 1440,2973 1487,2972 1533,2971 1579,2970 1626,2969 1672,2968 1718,2967 1765,2967 1811,2966 1857,2966 1904,2965 1950,2965 1997,2965"/>
                <TextEquiv>
                    <Unicode>haft bunt an ihr vorüber; den Reigen eröffnet</Unicode>
                </TextEquiv>
            </TextLine>
            <TextLine id="r1l115" custom="readingOrder {index:114;}">
                <Coords points="92,3011 1048,3000 1047,2942 91,2965"/>
                <Baseline points="105,3005 151,3004 197,3002 244,3001 290,3000 337,2999 383,2998 429,2997 476,2997 522,2996 569,2995 615,2995 661,2994 708,2993 754,2993 801,2992 847,2991 893,2990 940,2989 986,2987 1033,2986"/>
                <TextEquiv>
                    <Unicode>gegeben, den Geschichtenband „Masken und</Unicode>
                </TextEquiv>
            </TextLine>
            <TextLine id="r1l116" custom="readingOrder {index:115;}">
                <Coords points="2978,3009 3008,3017 3084,3004 3106,3014 3126,3014 3139,3002 3254,3005 3253,2961 3234,2967 3151,2955 3138,2964 3045,2956 2977,2963"/>
                <Baseline points="2992,3002 3019,3001 3047,3001 3074,3001 3102,3001 3129,3000 3157,2999 3184,2998 3212,2996 3240,2994"/>
                <TextEquiv>
                    <Unicode>selbst tragen.</Unicode>
                </TextEquiv>
            </TextLine>
            <TextLine id="r1l117" custom="readingOrder {index:116;}">
                <Coords points="2011,3013 2778,3023 2972,3007 2972,2958 2010,2967"/>
                <Baseline points="2025,3009 2071,3008 2118,3008 2165,3007 2211,3007 2258,3006 2305,3006 2351,3005 2398,3005 2445,3004 2492,3004 2538,3003 2585,3003 2632,3002 2678,3002 2725,3002 2772,3001 2818,3001 2865,3001 2912,3001 2959,3001"/>
                <TextEquiv>
                    <Unicode>Spiel mit Leben, Tod, Schicksalen. Es ist</Unicode>
                </TextEquiv>
            </TextLine>
            <TextLine id="r1l118" custom="readingOrder {index:117;}">
                <Coords points="1053,3035 1981,3028 2014,3025 2013,2968 1052,2986"/>
                <Baseline points="1066,3030 1112,3029 1159,3028 1205,3027 1252,3026 1299,3025 1345,3024 1392,3023 1439,3022 1485,3022 1532,3021 1579,3020 1625,3020 1672,3019 1719,3018 1765,3018 1812,3017 1859,3017 1905,3016 1952,3016 1999,3015"/>
                <TextEquiv>
                    <Unicode>der Hirtenknabe, dessen Flöte sie zerbricht und</Unicode>
                </TextEquiv>
            </TextLine>
            <TextLine id="r1l119" custom="readingOrder {index:118;}">
                <Coords points="86,3055 288,3031 346,3060 1023,3054 1042,2997 86,3012"/>
                <Baseline points="101,3048 147,3048 193,3048 240,3047 286,3047 333,3047 379,3046 425,3046 472,3045 518,3045 565,3044 611,3043 657,3043 704,3042 750,3041 797,3041 843,3040 889,3039 936,3038 982,3037 1029,3036"/>
                <TextEquiv>
                    <Unicode>Wunder“ und was könnte willkommener sein,</Unicode>
                </TextEquiv>
            </TextLine>
            <TextLine id="r1l120" custom="readingOrder {index:119;}">
                <Coords points="2984,3061 3071,3050 3104,3062 3140,3050 3157,3066 3192,3062 3208,3050 3260,3049 3258,3005 3097,3005 3018,3019 2982,3012"/>
                <Baseline points="2997,3053 3024,3051 3052,3049 3079,3048 3107,3047 3134,3047 3162,3046 3189,3046 3217,3044 3245,3042"/>
                <TextEquiv>
                    <Unicode>gen der Empf</Unicode>
                </TextEquiv>
            </TextLine>
            <TextLine id="r1l121" custom="readingOrder {index:120;}">
                <Coords points="2024,3063 2978,3062 2958,3002 2024,3011"/>
                <Baseline points="2038,3057 2084,3056 2130,3056 2176,3055 2223,3054 2269,3054 2315,3053 2362,3052 2408,3052 2454,3051 2501,3050 2547,3050 2593,3050 2639,3049 2686,3049 2732,3049 2778,3049 2825,3049 2871,3049 2917,3049 2964,3050"/>
                <TextEquiv>
                    <Unicode>immer das Ende, das ihn interessiert, auch bei</Unicode>
                </TextEquiv>
            </TextLine>
            <TextLine id="r1l122" custom="readingOrder {index:121;}">
                <Coords points="1051,3079 2021,3068 2020,3007 1051,3038"/>
                <Baseline points="1066,3081 1113,3078 1160,3076 1207,3075 1254,3074 1301,3073 1348,3072 1395,3071 1442,3070 1489,3069 1537,3069 1584,3068 1631,3068 1678,3067 1725,3067 1772,3066 1819,3065 1866,3064 1913,3063 1960,3062 2008,3060"/>
                <TextEquiv>
                    <Unicode>darauf ihn selbst. Dann wird sie die Geliebte</Unicode>
                </TextEquiv>
            </TextLine>
            <TextLine id="r1l123" custom="readingOrder {index:122;}">
                <Coords points="87,3105 1021,3102 1037,3048 86,3055"/>
                <Baseline points="101,3097 147,3097 193,3096 239,3095 285,3094 332,3094 378,3093 424,3092 470,3091 516,3090 563,3090 609,3089 655,3088 701,3087 747,3087 794,3086 840,3086 886,3086 932,3086 978,3086 1025,3086"/>
                <TextEquiv>
                    <Unicode>als sich, bevor man eine flüchtige Aufstellung</Unicode>
                </TextEquiv>
            </TextLine>
            <TextLine id="r1l124" custom="readingOrder {index:123;}">
                <Coords points="2979,3112 3061,3105 3086,3113 3096,3102 3154,3106 3162,3098 3222,3113 3263,3096 3262,3050 3205,3051 3159,3065 3139,3049 3101,3063 3068,3050 3041,3062 3019,3056 2978,3065"/>
                <Baseline points="2994,3100 3019,3098 3045,3098 3070,3097 3096,3097 3121,3097 3147,3097 3172,3097 3198,3096 3223,3095 3249,3093"/>
                <TextEquiv>
                    <Unicode>Freiheit, alle</Unicode>
                </TextEquiv>
            </TextLine>
            <TextLine id="r1l125" custom="readingOrder {index:124;}">
                <Coords points="2024,3116 2974,3121 2973,3055 2023,3062"/>
                <Baseline points="2037,3105 2083,3105 2129,3105 2175,3104 2221,3104 2267,3103 2313,3102 2359,3101 2405,3100 2451,3100 2498,3099 2544,3098 2590,3098 2636,3097 2682,3097 2728,3097 2774,3097 2820,3097 2866,3098 2912,3099 2959,3100"/>
                <TextEquiv>
                    <Unicode>der Liebe. Das Werdende ist ihm nie so wichtig</Unicode>
                </TextEquiv>
            </TextLine>
            <TextLine id="r1l126" custom="readingOrder {index:125;}">
                <Coords points="1060,3133 1991,3127 2014,3067 1059,3084"/>
                <Baseline points="1074,3129 1120,3127 1166,3126 1213,3125 1259,3124 1306,3122 1352,3121 1398,3120 1445,3119 1491,3118 1538,3117 1584,3116 1630,3116 1677,3115 1723,3114 1770,3114 1816,3113 1862,3113 1909,3113 1955,3112 2002,3112"/>
                <TextEquiv>
                    <Unicode>eines großen Industrie=Condottiere und geht</Unicode>
                </TextEquiv>
            </TextLine>
            <TextLine id="r1l127" custom="readingOrder {index:126;}">
                <Coords points="89,3154 1048,3135 1047,3097 995,3092 89,3105"/>
                <Baseline points="102,3145 148,3144 195,3144 241,3143 288,3143 335,3142 381,3141 428,3141 475,3140 521,3139 568,3139 615,3138 661,3137 708,3137 755,3136 801,3135 848,3135 895,3134 941,3134 988,3133 1035,3133"/>
                <TextEquiv>
                    <Unicode>dichterischer Lebenswerte versucht, in dies schöne</Unicode>
                </TextEquiv>
            </TextLine>
            <TextLine id="r1l128" custom="readingOrder {index:127;}">
                <Coords points="2980,3148 3043,3155 3092,3145 3153,3165 3191,3147 3259,3156 3258,3102 3222,3114 3132,3100 3099,3101 3086,3112 3050,3105 2979,3113"/>
                <Baseline points="2993,3146 3018,3148 3043,3149 3068,3149 3094,3149 3119,3148 3144,3147 3170,3145 3195,3144 3220,3142 3246,3140"/>
                <TextEquiv>
                    <Unicode>von ihnen </Unicode>
                </TextEquiv>
            </TextLine>
            <TextLine id="r1l129" custom="readingOrder {index:128;}">
                <Coords points="2023,3161 2373,3184 2433,3154 2979,3151 2979,3118 2916,3102 2023,3115"/>
                <Baseline points="2038,3155 2084,3154 2130,3152 2177,3151 2223,3151 2269,3150 2316,3150 2362,3149 2408,3149 2455,3149 2501,3149 2547,3149 2594,3149 2640,3149 2686,3149 2733,3149 2779,3149 2825,3149 2872,3149 2918,3148 2965,3147"/>
                <TextEquiv>
                    <Unicode>wie das Gewesene; das hört ja nie auf und</Unicode>
                </TextEquiv>
            </TextLine>
            <TextLine id="r1l130" custom="readingOrder {index:129;}">
                <Coords points="1059,3183 2015,3166 2014,3120 1902,3114 1058,3134"/>
                <Baseline points="1073,3174 1119,3174 1165,3174 1212,3174 1258,3173 1305,3172 1351,3172 1397,3171 1444,3169 1490,3168 1537,3167 1583,3166 1629,3165 1676,3164 1722,3163 1769,3162 1815,3161 1861,3160 1908,3159 1954,3158 2001,3158"/>
                <TextEquiv>
                    <Unicode>von ihm weg zu den Elenden, deren Aufruhr</Unicode>
                </TextEquiv>
            </TextLine>
            <TextLine id="r1l131" custom="readingOrder {index:130;}">
                <Coords points="88,3200 1046,3188 1045,3147 982,3140 87,3154"/>
                <Baseline points="102,3196 148,3196 195,3195 241,3195 288,3194 334,3194 381,3193 427,3192 474,3191 520,3191 567,3190 613,3189 660,3188 706,3187 753,3186 799,3185 846,3184 892,3183 939,3182 985,3181 1032,3180"/>
                <TextEquiv>
                    <Unicode>Asyl zu flüchten? Noch ehe wir die Seiten</Unicode>
                </TextEquiv>
            </TextLine>
            <TextLine id="r1l132" custom="readingOrder {index:131;}">
                <Coords points="2971,3204 2996,3214 3028,3202 3050,3210 3080,3206 3093,3192 3145,3199 3156,3187 3187,3203 3274,3197 3272,3148 3207,3156 3188,3148 3155,3160 3081,3146 3065,3155 2969,3152"/>
                <Baseline points="2985,3198 3012,3198 3039,3198 3067,3197 3094,3197 3122,3196 3149,3195 3176,3194 3204,3193 3231,3191 3259,3189"/>
                <TextEquiv>
                    <Unicode>nicht in eine</Unicode>
                </TextEquiv>
            </TextLine>
            <TextLine id="r1l133" custom="readingOrder {index:132;}">
                <Coords points="2027,3211 2983,3216 2983,3159 2950,3151 2027,3162"/>
                <Baseline points="2040,3202 2086,3201 2132,3201 2179,3201 2225,3201 2272,3200 2318,3200 2365,3199 2411,3198 2458,3198 2504,3198 2550,3197 2597,3196 2643,3196 2690,3196 2736,3195 2783,3195 2829,3195 2876,3195 2922,3195 2969,3195"/>
                <TextEquiv>
                    <Unicode>führt zu neuen Tadungen im Gemüte. Mit</Unicode>
                </TextEquiv>
            </TextLine>
            <TextLine id="r1l134" custom="readingOrder {index:133;}">
                <Coords points="1049,3229 2016,3224 1993,3162 1049,3196"/>
                <Baseline points="1063,3226 1110,3225 1157,3224 1204,3223 1251,3222 1298,3221 1345,3220 1392,3219 1439,3217 1486,3216 1533,3215 1580,3214 1627,3213 1674,3212 1721,3211 1768,3210 1815,3210 1862,3209 1909,3208 1956,3208 2003,3207"/>
                <TextEquiv>
                    <Unicode>sie teilt, zieht mit einem jungen Offizier in</Unicode>
                </TextEquiv>
            </TextLine>
            <TextLine id="r1l135" custom="readingOrder {index:134;}">
                <Coords points="90,3244 1007,3243 1056,3234 1056,3185 89,3200"/>
                <Baseline points="102,3242 149,3242 196,3242 243,3242 290,3242 337,3241 384,3241 431,3240 478,3240 525,3239 572,3238 619,3238 666,3237 713,3236 760,3235 807,3235 854,3234 901,3233 948,3232 995,3231 1042,3231"/>
                <TextEquiv>
                    <Unicode>umblättern, sind wir getrost, daß in ihnen</Unicode>
                </TextEquiv>
            </TextLine>
            <TextLine id="r1l136" custom="readingOrder {index:135;}">
                <Coords points="2978,3262 3021,3249 3076,3258 3097,3246 3109,3254 3130,3240 3150,3253 3201,3243 3226,3255 3258,3243 3257,3199 3202,3196 3186,3205 3158,3189 3115,3202 3093,3192 3079,3203 3017,3208 3008,3200 2976,3210"/>
                <Baseline points="2990,3248 3015,3246 3041,3246 3066,3245 3092,3244 3117,3244 3143,3243 3168,3242 3194,3240 3219,3239 3245,3237"/>
                <TextEquiv>
                    <Unicode>gen Villa wo</Unicode>
                </TextEquiv>
            </TextLine>
            <TextLine id="r1l137" custom="readingOrder {index:136;}">
                <Coords points="2017,3261 2973,3259 2973,3210 2017,3212"/>
                <Baseline points="2031,3249 2077,3249 2123,3248 2170,3247 2216,3247 2263,3246 2309,3246 2355,3246 2402,3245 2448,3245 2495,3245 2541,3245 2587,3244 2634,3244 2680,3244 2727,3244 2773,3244 2819,3244 2866,3244 2912,3244 2959,3244"/>
                <TextEquiv>
                    <Unicode>kleineren Angelegenheiten, mit den Schnödig¬</Unicode>
                </TextEquiv>
            </TextLine>
            <TextLine id="r1l138" custom="readingOrder {index:137;}">
                <Coords points="1051,3272 2001,3279 2017,3218 1050,3234"/>
                <Baseline points="1063,3273 1110,3272 1157,3271 1204,3270 1251,3269 1298,3268 1345,3267 1392,3265 1439,3264 1486,3264 1533,3262 1580,3261 1627,3261 1674,3259 1721,3259 1768,3258 1815,3258 1862,3257 1909,3257 1956,3257 2003,3257"/>
                <TextEquiv>
                    <Unicode>die Schlacht, ist Heldin und Buhlerin, stürzt sich</Unicode>
                </TextEquiv>
            </TextLine>
            <TextLine id="r1l139" custom="readingOrder {index:138;}">
                <Coords points="88,3301 692,3297 727,3272 998,3295 1058,3269 1038,3234 88,3244"/>
                <Baseline points="102,3293 149,3292 196,3291 243,3290 290,3289 337,3288 384,3288 431,3287 478,3286 525,3286 572,3285 619,3284 666,3283 713,3283 760,3282 807,3281 854,3280 901,3280 948,3279 995,3278 1043,3277"/>
                <TextEquiv>
                    <Unicode>wieder seine höchst persönliche Art sich offen¬</Unicode>
                </TextEquiv>
            </TextLine>
            <TextLine id="r1l140" custom="readingOrder {index:139;}">
                <Coords points="2989,3296 3110,3307 3126,3295 3178,3305 3186,3296 3265,3291 3264,3242 3146,3251 3127,3240 3108,3255 3086,3247 3070,3259 3059,3248 2988,3256"/>
                <Baseline points="3004,3292 3031,3292 3059,3292 3086,3291 3114,3291 3141,3290 3169,3290 3196,3288 3224,3286 3252,3284"/>
                <TextEquiv>
                    <Unicode>Schn' zier doch</Unicode>
                </TextEquiv>
            </TextLine>
            <TextLine id="r1l141" custom="readingOrder {index:140;}">
                <Coords points="2022,3307 2235,3298 2295,3328 2325,3301 2939,3297 2986,3321 2986,3237 2022,3257"/>
                <Baseline points="2035,3296 2081,3296 2128,3295 2175,3295 2222,3294 2269,3294 2316,3294 2362,3294 2409,3294 2456,3294 2503,3294 2550,3294 2597,3295 2644,3295 2690,3294 2737,3294 2784,3294 2831,3294 2878,3294 2925,3293 2972,3292"/>
                <TextEquiv>
                    <Unicode>keiten der Arbeit gibt er sich nie ab; die Sorgen</Unicode>
                </TextEquiv>
            </TextLine>
            <TextLine id="r1l142" custom="readingOrder {index:141;}">
                <Coords points="1053,3336 2006,3319 2005,3273 1928,3261 1052,3279"/>
                <Baseline points="1065,3320 1111,3319 1157,3318 1204,3317 1250,3317 1297,3316 1343,3315 1389,3314 1436,3313 1482,3313 1529,3312 1575,3311 1621,3311 1668,3310 1714,3309 1761,3308 1807,3307 1853,3306 1900,3305 1946,3304 1993,3303"/>
                <TextEquiv>
                    <Unicode>in Erbarmen und Wollust, schöpft jeden Glanz</Unicode>
                </TextEquiv>
            </TextLine>
            <TextLine id="r1l143" custom="readingOrder {index:142;}">
                <Coords points="86,3350 1056,3330 1033,3284 86,3301"/>
                <Baseline points="99,3339 146,3339 193,3339 240,3338 287,3338 334,3337 381,3337 428,3336 475,3335 522,3334 570,3334 617,3333 664,3332 711,3331 758,3330 805,3329 852,3329 899,3328 946,3327 993,3327 1041,3327"/>
                <TextEquiv>
                    <Unicode>baren werde. Denn er gehört nicht zu jenen</Unicode>
                </TextEquiv>
            </TextLine>
            <TextLine id="r1l144" custom="readingOrder {index:143;}">
                <Coords points="2977,3350 3105,3343 3160,3351 3176,3337 3209,3350 3231,3339 3261,3347 3260,3293 3228,3298 3214,3290 3179,3302 3127,3294 3061,3308 3047,3297 3015,3301 2976,3287"/>
                <Baseline points="2990,3340 3015,3339 3041,3339 3067,3340 3092,3340 3118,3340 3144,3340 3169,3340 3195,3339 3221,3337 3247,3334"/>
                <TextEquiv>
                    <Unicode>dadurch noh</Unicode>
                </TextEquiv>
            </TextLine>
            <TextLine id="r1l145" custom="readingOrder {index:144;}">
                <Coords points="2026,3355 2974,3365 2973,3308 2943,3297 2025,3306"/>
                <Baseline points="2039,3345 2085,3345 2131,3344 2177,3344 2223,3343 2269,3343 2315,3343 2361,3343 2407,3343 2453,3343 2500,3343 2546,3343 2592,3342 2638,3342 2684,3342 2730,3341 2776,3341 2822,3340 2868,3339 2914,3339 2961,3337"/>
                <TextEquiv>
                    <Unicode>der Berufe, die Kümmernisse der Stunde</Unicode>
                </TextEquiv>
            </TextLine>
            <TextLine id="r1l146" custom="readingOrder {index:145;}">
                <Coords points="1060,3379 1937,3372 2013,3354 2013,3316 1060,3338"/>
                <Baseline points="1075,3367 1121,3367 1167,3367 1213,3366 1260,3366 1306,3365 1352,3364 1398,3362 1445,3361 1491,3360 1537,3359 1583,3358 1630,3357 1676,3356 1722,3355 1768,3354 1815,3354 1861,3354 1907,3354 1953,3354 2000,3355"/>
                <TextEquiv>
                    <Unicode>und jede Schande aus — und war doch nur</Unicode>
                </TextEquiv>
            </TextLine>
            <TextLine id="r1l147" custom="readingOrder {index:146;}">
                <Coords points="83,3408 724,3395 778,3359 850,3390 1047,3383 1046,3334 1013,3332 82,3353"/>
                <Baseline points="95,3387 144,3387 193,3388 243,3387 292,3387 342,3386 391,3385 440,3384 490,3383 539,3381 589,3380 638,3379 688,3378 737,3376 786,3375 836,3374 885,3374 935,3373 984,3373 1034,3374"/>
                <TextEquiv>
                    <Unicode>entweder grenzenlosen oder unredlichen</Unicode>
                </TextEquiv>
            </TextLine>
            <TextLine id="r1l148" custom="readingOrder {index:147;}">
                <Coords points="2980,3389 3016,3402 3073,3391 3138,3403 3166,3383 3215,3394 3270,3381 3270,3343 3231,3340 3210,3351 3177,3337 3160,3351 3092,3342 3076,3353 3062,3342 3051,3350 2980,3342"/>
                <Baseline points="2994,3384 3020,3383 3046,3382 3072,3382 3099,3383 3125,3384 3151,3384 3178,3384 3204,3384 3230,3383 3257,3381"/>
                <TextEquiv>
                    <Unicode>Weiring in #</Unicode>
                </TextEquiv>
            </TextLine>
            <TextLine id="r1l149" custom="readingOrder {index:148;}">
                <Coords points="2019,3405 2243,3414 2508,3392 2508,3372 2404,3345 2320,3362 2287,3348 2019,3356"/>
                <Baseline points="2032,3391 2057,3391 2083,3391 2109,3391 2134,3391 2160,3390 2186,3390 2211,3390 2237,3390 2263,3389 2288,3389 2314,3389 2340,3389 2365,3389 2391,3390 2417,3390 2442,3391 2468,3392 2494,3393"/>
                <TextEquiv>
                    <Unicode>dringen nicht zu ihm.</Unicode>
                </TextEquiv>
            </TextLine>
            <TextLine id="r1l150" custom="readingOrder {index:149;}">
                <Coords points="1061,3427 1971,3412 2020,3408 2019,3353 1060,3380"/>
                <Baseline points="1075,3415 1121,3414 1168,3414 1214,3414 1261,3413 1307,3413 1354,3412 1400,3411 1447,3410 1493,3410 1540,3409 1586,3408 1633,3407 1679,3406 1726,3404 1772,3403 1819,3402 1865,3401 1912,3400 1958,3398 2005,3397"/>
                <TextEquiv>
                    <Unicode>ein braves, stilles Frauchen, das ebensowohl</Unicode>
                </TextEquiv>
            </TextLine>
            <TextLine id="r1l151" custom="readingOrder {index:150;}">
                <Coords points="3011,3433 3053,3444 3154,3441 3171,3451 3197,3435 3217,3443 3325,3414 3322,3365 3258,3402 3233,3387 3009,3395"/>
                <Baseline points="3024,3432 3050,3430 3076,3430 3102,3430 3128,3430 3154,3429 3180,3429 3206,3428 3232,3425 3258,3421 3284,3416 3311,3409"/>
                <TextEquiv>
                    <Unicode>Man denka#</Unicode>
                </TextEquiv>
            </TextLine>
            <TextLine id="r1l152" custom="readingOrder {index:151;}">
                <Coords points="91,3440 1055,3426 1054,3377 292,3405 90,3383"/>
                <Baseline points="103,3433 149,3433 196,3433 243,3433 290,3433 337,3432 384,3432 430,3431 477,3430 524,3430 571,3429 618,3428 665,3427 712,3426 758,3425 805,3424 852,3424 899,3423 946,3422 993,3421 1040,3420"/>
                <TextEquiv>
                    <Unicode>Talenten, die sich nie preisgeben, sein Schaffen</Unicode>
                </TextEquiv>
            </TextLine>
            <TextLine id="r1l153" custom="readingOrder {index:152;}">
                <Coords points="2054,3457 2975,3451 2974,3385 2898,3402 2832,3372 2054,3413"/>
                <Baseline points="2069,3443 2113,3444 2158,3444 2202,3445 2247,3445 2292,3445 2336,3446 2381,3446 2425,3446 2470,3446 2515,3446 2559,3446 2604,3446 2648,3446 2693,3445 2738,3445 2782,3444 2827,3443 2871,3442 2916,3440 2961,3439"/>
                <TextEquiv>
                    <Unicode>Deshalb ist es so kennzeichnend, daß fast alle</Unicode>
                </TextEquiv>
            </TextLine>
            <TextLine id="r1l154" custom="readingOrder {index:153;}">
                <Coords points="1060,3479 2024,3449 2023,3403 1059,3419"/>
                <Baseline points="1073,3463 1119,3463 1166,3462 1213,3462 1260,3461 1307,3460 1354,3460 1400,3459 1447,3459 1494,3458 1541,3458 1588,3457 1635,3456 1682,3455 1728,3454 1775,3453 1822,3453 1869,3451 1916,3450 1963,3448 2010,3446"/>
                <TextEquiv>
                    <Unicode>ruhige Tage hätte verleben können. Wo ist</Unicode>
                </TextEquiv>
            </TextLine>
            <TextLine id="r1l155" custom="readingOrder {index:154;}">
                <Coords points="91,3487 1026,3484 1055,3426 91,3440"/>
                <Baseline points="105,3482 151,3482 198,3482 245,3482 292,3481 339,3480 386,3480 432,3479 479,3478 526,3478 573,3476 620,3476 667,3475 714,3474 760,3473 807,3472 854,3472 901,3471 948,3471 995,3470 1042,3470"/>
                <TextEquiv>
                    <Unicode>enthält keine Zeile, die in einem anderen sich</Unicode>
                </TextEquiv>
            </TextLine>
            <TextLine id="r1l156" custom="readingOrder {index:155;}">
                <Coords points="2977,3491 3029,3490 3051,3500 3080,3489 3119,3510 3165,3482 3220,3492 3261,3483 3260,3431 3194,3437 3170,3452 3151,3438 3123,3447 3030,3435 3017,3443 3003,3430 2976,3431"/>
                <Baseline points="2989,3480 3014,3480 3040,3480 3066,3479 3092,3479 3118,3479 3143,3478 3169,3478 3195,3477 3221,3476 3247,3475"/>
                <TextEquiv>
                    <Unicode>wackeren Ko#</Unicode>
                </TextEquiv>
            </TextLine>
            <TextLine id="r1l157" custom="readingOrder {index:156;}">
                <Coords points="2032,3506 2911,3504 2971,3493 2971,3452 2031,3452"/>
                <Baseline points="2045,3497 2090,3497 2136,3496 2182,3495 2227,3495 2273,3495 2319,3494 2364,3494 2410,3493 2456,3493 2502,3493 2547,3492 2593,3492 2639,3492 2684,3491 2730,3491 2776,3491 2821,3490 2867,3490 2913,3489 2959,3489"/>
                <TextEquiv>
                    <Unicode>seine Menschen ohne ein Handwerk sind, und</Unicode>
                </TextEquiv>
            </TextLine>
            <TextLine id="r1l158" custom="readingOrder {index:157;}">
                <Coords points="1054,3514 2021,3514 2020,3459 1053,3476"/>
                <Baseline points="1069,3510 1118,3510 1167,3510 1217,3510 1266,3510 1316,3509 1365,3508 1414,3507 1464,3506 1513,3505 1563,3504 1612,3502 1662,3501 1711,3500 1760,3499 1810,3499 1859,3498 1909,3498 1958,3498 2008,3498"/>
                <TextEquiv>
                    <Unicode>die Wahrheit ihres Lebens? Steckt alles in</Unicode>
                </TextEquiv>
            </TextLine>
            <TextLine id="r1l159" custom="readingOrder {index:158;}">
                <Coords points="96,3552 1047,3532 1046,3480 958,3471 734,3499 95,3489"/>
                <Baseline points="109,3533 155,3532 201,3531 247,3530 293,3529 340,3528 386,3527 432,3527 478,3526 524,3525 571,3525 617,3524 663,3523 709,3522 755,3521 802,3521 848,3519 894,3518 940,3517 986,3516 1033,3514"/>
                <TextEquiv>
                    <Unicode>gebildet haben könnte, und so enthüllen denn</Unicode>
                </TextEquiv>
            </TextLine>
            <TextLine id="r1l160" custom="readingOrder {index:159;}">
                <Coords points="2988,3538 3087,3541 3109,3532 3169,3550 3180,3539 3207,3546 3242,3532 3273,3542 3271,3474 3225,3494 3165,3482 3116,3510 3080,3489 2987,3491"/>
                <Baseline points="3003,3530 3028,3531 3054,3531 3079,3531 3105,3530 3131,3530 3156,3529 3182,3528 3207,3527 3233,3526 3259,3525"/>
                <TextEquiv>
                    <Unicode>einer „Gefal</Unicode>
                </TextEquiv>
            </TextLine>
            <TextLine id="r1l161" custom="readingOrder {index:160;}">
                <Coords points="2024,3554 2972,3545 2971,3493 2868,3486 2466,3517 2024,3502"/>
                <Baseline points="2037,3544 2083,3544 2129,3544 2175,3543 2221,3543 2267,3543 2313,3542 2359,3542 2405,3542 2451,3541 2498,3541 2544,3541 2590,3540 2636,3540 2682,3539 2728,3539 2774,3538 2820,3537 2866,3537 2912,3536 2959,3535"/>
                <TextEquiv>
                    <Unicode>haben sie selbst eines, so berührt es sie kaum,</Unicode>
                </TextEquiv>
            </TextLine>
            <TextLine id="r1l162" custom="readingOrder {index:161;}">
                <Coords points="1062,3568 2013,3550 2012,3507 1889,3500 1062,3527"/>
                <Baseline points="1077,3561 1123,3560 1169,3560 1215,3559 1261,3558 1307,3558 1353,3557 1399,3556 1445,3556 1491,3555 1538,3554 1584,3554 1630,3553 1676,3552 1722,3552 1768,3551 1814,3550 1860,3549 1906,3548 1952,3548 1999,3546"/>
                <TextEquiv>
                    <Unicode>uns, und ist die Welt so beschaffen, daß wir</Unicode>
                </TextEquiv>
            </TextLine>
            <TextLine id="r1l163" custom="readingOrder {index:162;}">
                <Coords points="98,3588 1024,3581 1051,3531 97,3541"/>
                <Baseline points="112,3581 158,3580 204,3580 250,3579 297,3578 343,3577 389,3576 436,3575 482,3574 528,3573 575,3572 621,3571 667,3570 713,3569 760,3568 806,3567 852,3567 899,3566 945,3566 991,3565 1038,3566"/>
                <TextEquiv>
                    <Unicode>auch seine sechs neuen Erzählungen, indem sie</Unicode>
                </TextEquiv>
            </TextLine>
            <TextLine id="r1l164" custom="readingOrder {index:163;}">
                <Coords points="2979,3588 3042,3584 3056,3595 3064,3586 3102,3602 3170,3581 3212,3600 3228,3591 3239,3602 3258,3596 3257,3533 3208,3545 3180,3540 3170,3549 3117,3533 3090,3542 2978,3539"/>
                <Baseline points="2993,3582 3018,3582 3043,3582 3068,3582 3093,3581 3118,3580 3143,3580 3168,3579 3193,3578 3218,3578 3243,3577"/>
                <TextEquiv>
                    <Unicode>hätte ihr gefl</Unicode>
                </TextEquiv>
            </TextLine>
            <TextLine id="r1l165" custom="readingOrder {index:164;}">
                <Coords points="2017,3613 2770,3579 2970,3604 2969,3546 2016,3558"/>
                <Baseline points="2031,3597 2077,3596 2123,3595 2169,3594 2216,3593 2262,3593 2308,3592 2355,3591 2401,3590 2447,3589 2494,3589 2540,3588 2586,3587 2632,3587 2679,3586 2725,3586 2771,3585 2818,3584 2864,3584 2910,3583 2957,3582"/>
                <TextEquiv>
                    <Unicode>färbt auf ihr Wesen nicht ab; denn es bleibt</Unicode>
                </TextEquiv>
            </TextLine>
            <TextLine id="r1l166" custom="readingOrder {index:165;}">
                <Coords points="1054,3611 1996,3609 2017,3546 1053,3575"/>
                <Baseline points="1067,3611 1113,3610 1160,3610 1207,3609 1254,3608 1301,3607 1347,3606 1394,3604 1441,3603 1488,3602 1535,3601 1581,3600 1628,3599 1675,3598 1722,3597 1769,3596 1815,3595 1862,3594 1909,3593 1956,3593 2003,3593"/>
                <TextEquiv>
                    <Unicode>bloß nicht zu unseren eigenen Erlebnissen kom¬</Unicode>
                </TextEquiv>
            </TextLine>
            <TextLine id="r1l167" custom="readingOrder {index:166;}">
                <Coords points="97,3645 466,3620 611,3650 955,3644 1066,3610 1066,3577 96,3590"/>
                <Baseline points="110,3629 157,3628 204,3627 251,3625 298,3624 346,3623 393,3623 440,3622 487,3621 534,3620 582,3619 629,3619 676,3618 723,3617 770,3617 818,3616 865,3615 912,3614 959,3614 1006,3613 1054,3612"/>
                <TextEquiv>
                    <Unicode>verwegene oder absonderliche Begebenheiten</Unicode>
                </TextEquiv>
            </TextLine>
            <TextLine id="r1l168" custom="readingOrder {index:167;}">
                <Coords points="2975,3659 3028,3662 3049,3645 3068,3644 3101,3656 3158,3640 3238,3654 3235,3585 3169,3580 3085,3600 3063,3587 3055,3595 3041,3585 2973,3588"/>
                <Baseline points="2987,3629 3013,3630 3039,3630 3065,3629 3091,3628 3118,3626 3144,3625 3170,3623 3196,3623 3223,3622"/>
                <TextEquiv>
                    <Unicode>Hier aber</Unicode>
                </TextEquiv>
            </TextLine>
            <TextLine id="r1l169" custom="readingOrder {index:168;}">
                <Coords points="1025,3689 2773,3670 2975,3608 1024,3618"/>
                <Baseline points="1040,3663 1136,3658 1232,3654 1328,3651 1424,3648 1520,3646 1616,3644 1712,3642 1808,3641 1904,3640 2000,3640 2096,3639 2192,3639 2288,3638 2384,3638 2480,3637 2576,3637 2672,3636 2768,3635 2864,3634 2960,3632"/>
                <TextEquiv>
                    <Unicode>men? Wir haben ja keinen Svieler mit Schick= ihr eigentliches und einziges Metier: zu leben.</Unicode>
                </TextEquiv>
            </TextLine>
            <TextLine id="r1l170" custom="readingOrder {index:169;}">
                <Coords points="97,3694 223,3682 311,3703 491,3706 523,3678 646,3685 646,3641 356,3625 97,3645"/>
                <Baseline points="111,3679 137,3678 163,3677 189,3675 215,3674 241,3673 267,3672 293,3671 319,3671 345,3670 371,3669 397,3669 423,3669 449,3669 475,3669 501,3669 527,3670 553,3670 579,3671 605,3672 632,3674"/>
                <TextEquiv>
                    <Unicode>ausbreiten — ihn selbst.</Unicode>
                </TextEquiv>
            </TextLine>
            <TextLine id="r1l171" custom="readingOrder {index:170;}">
                <Coords points="2919,3740 2987,3745 3008,3728 3047,3740 3074,3725 3085,3733 3123,3734 3120,3649 3101,3655 3068,3646 3027,3661 2967,3658 2959,3667 2940,3657 2915,3660"/>
                <Baseline points="2930,3714 2955,3711 2981,3709 3006,3709 3032,3707 3057,3707 3083,3706 3109,3705"/>
                <TextEquiv>
                    <Unicode>RRRRER</Unicode>
                </TextEquiv>
            </TextLine>
            <TextEquiv>
                <Unicode>box 39/1
5oth Birthdar
des nationalen assimilationsplonessee ir veranlaßt, in einem Communique zu Tertaren im Laus. v
daß wegen der Kürze der zur Verfügung stehen= durch ander
Elsaß=Lothringen und wird in Frankreich
war, sich mit
den Zeit die einzelnen Detailfragen einer Er¬
geradezu als Heransforderung empfunden
setzen.
örterung nicht unterzogen werden können, und
werden. Die Franzosen kennen das deutsche
Nun wohl, 
Nun klänge es sehr hübsch, wenn man er= salen, wie es Dionysias sonderbarer Mann ist,
—
zen aus der
keinen, der uns gebietet, allen Gelüsten, Launen
klärte, daß auch der neue ältere Schnitzler der

wissen, wie z
und Wünschen zu folgen. Die kleine Sicherheit
alte jüngere Schnitzler sei. Und es wäre sogar
Beuilleton.“
ihre plaude
des Seins schwankt unter unseren Füßen,
ein wenig wahr — aber doch nur halb, relativ,

wenig sie un
nichts ist gewiß, fest, und mit flackernder Lampe
Pumgedeutet, wie es sich eben für eine Wahr¬
Schnitzler.
Schnitzler so
führt uns der Dichter in das unausdenkbare,
heit bei diesem scharmantesten Skeptiker schickt.
Er ist eine Ehre unserer Stadt, und so scheint
den jungen
unerhellte Reich der Möglichkeiten.
Gewiß, seine Züge bleiben uns vertraut, aber
wohl jeder Anlaß willkommen, der uns zu ihm
der seinen „
Die anderen Dichter, die halten sich hübsch
sie scheinen doch entschlossener und ausdrucks¬
führt. Jeder — nur nicht gerade sein fünfzigster
verbindet un
an das Tatsächliche und ziehen daraus ihre
voller geworden. Gleich diese erste merkwürdige
Geburtstag, der heute überall gefeiert wird,
nun den Ru
poetischen Folgerungen. Schnitzler aber glaubt
Erzählung „Die Hirtenflöte“ hätte kein junger
soweit man Dichter liebt. Denn in der feier¬
weite Land
nicht an diese Tatsachen, nur an Launen, Zu¬
Mann schreiben können; es sind darin Ge¬
lichen Ziffer eines seichen Jubiläums steckt ein
spiel einer
fälle, geheime Gesetze, die uns irgend wohin
danken von einer Weisheit, die weit, weit
ganz unschnitzlerisches Pathos, man erinnert
sie geistig sin
werfen. Eine höhnische Laune läßt in der
durchs Leben gewandert ist. So weit wie die
sich seiner sanften und unwiderstehlich bedeut¬
mit ihrem I
zweiten Novelle „Der Tod des Junggesellen“
junge und schöne und treue Frau Dionysia,
samen Ironie, und befangen glaubt mun sein
halb benöt
diesen seine Freunde um seine Leiche ver¬
die ihr Gatte hinaustreibt, damit sich ihre
weiches Lächeln zu spüren, das alle großen
allein dieses
sammeln und ihnen dort gewissermaßen
Schicksale erfüllen. Wohl, sie war gehütet,
Worte so anmutig umzudeuten weiß. Dieses
die andere
als Vermächtnis mitteilen, daß er alle
sanft, ergeben — aber war dies nicht bloß blasse
Lächeln, das geradeswegs aus dem Ernst der
es schafft kei
ihre. Frauen besessen habe. Wieso dies
Gewohnheit, Trägheit, uneingestandene Angst?
Dinge kommt und ihnen wunderbar ihre
rat und gib
nicht, aber wir
kam, wir erfahren es
Nun soll sie allen ihren Wünschen nachgehen,
Schwere nimmt, es ist ja nicht bloß ein literari¬
der Stunde
sehen die lächerliche Belanglosigkeit jener Ent¬
kein Zwang ist mehr über sie aufgerichtet.
scher Besitz, es wirkt geradezu erzieherisch, und
selbst — und
hüllung, die durch das Weiterleben der Be¬
Wahrhaftig, sie verzweifelt über solch uner¬
so mag es wohl sein, daß es ihn an seinem
Denn es ist
trogenen und durch den Tod des Betrügers
wünschte Freiheit, will sich töten... Doch da
Feiertag vor den üblichen Tiraden schützt, mit
intellektuellen
gleichsam verschüttet ist. Und da fällt es uns
tönt fern eine Hirtenflöte, und eine Ahnung
denen man sonst das Wesen eines wahren
und ihre Ge
bei, wie in den beiden ersten Geschichten schon
spannt ihre Züge, ihr ungelebtes Leben ruft die
Menschen zuzudecken pflegt. Nun, glücklicher¬
plumpen, sa
der ganze Schnitzler angesammelt ist, seine
Befreite. Nun wirbeln alle Abenteuer traum¬
weise hat er uns eben jetzt ein neues Buch ge¬
Schuld überl
verfeinerte Geistigkeit, seine Lust am hohen
haft bunt an ihr vorüber; den Reigen eröffnet
gegeben, den Geschichtenband „Masken und
selbst tragen.
Spiel mit Leben, Tod, Schicksalen. Es ist
der Hirtenknabe, dessen Flöte sie zerbricht und
Wunder“ und was könnte willkommener sein,
gen der Empf
immer das Ende, das ihn interessiert, auch bei
darauf ihn selbst. Dann wird sie die Geliebte
als sich, bevor man eine flüchtige Aufstellung
Freiheit, alle
der Liebe. Das Werdende ist ihm nie so wichtig
eines großen Industrie=Condottiere und geht
dichterischer Lebenswerte versucht, in dies schöne
von ihnen 
wie das Gewesene; das hört ja nie auf und
von ihm weg zu den Elenden, deren Aufruhr
Asyl zu flüchten? Noch ehe wir die Seiten
nicht in eine
führt zu neuen Tadungen im Gemüte. Mit
sie teilt, zieht mit einem jungen Offizier in
umblättern, sind wir getrost, daß in ihnen
gen Villa wo
kleineren Angelegenheiten, mit den Schnödig¬
die Schlacht, ist Heldin und Buhlerin, stürzt sich
wieder seine höchst persönliche Art sich offen¬
Schn' zier doch
keiten der Arbeit gibt er sich nie ab; die Sorgen
in Erbarmen und Wollust, schöpft jeden Glanz
baren werde. Denn er gehört nicht zu jenen
dadurch noh
der Berufe, die Kümmernisse der Stunde
und jede Schande aus — und war doch nur
entweder grenzenlosen oder unredlichen
Weiring in #
dringen nicht zu ihm.
ein braves, stilles Frauchen, das ebensowohl
Man denka#
Talenten, die sich nie preisgeben, sein Schaffen
Deshalb ist es so kennzeichnend, daß fast alle
ruhige Tage hätte verleben können. Wo ist
enthält keine Zeile, die in einem anderen sich
wackeren Ko#
seine Menschen ohne ein Handwerk sind, und
die Wahrheit ihres Lebens? Steckt alles in
gebildet haben könnte, und so enthüllen denn
einer „Gefal
haben sie selbst eines, so berührt es sie kaum,
uns, und ist die Welt so beschaffen, daß wir
auch seine sechs neuen Erzählungen, indem sie
hätte ihr gefl
färbt auf ihr Wesen nicht ab; denn es bleibt
bloß nicht zu unseren eigenen Erlebnissen kom¬
verwegene oder absonderliche Begebenheiten
Hier aber
men? Wir haben ja keinen Svieler mit Schick= ihr eigentliches und einziges Metier: zu leben.
ausbreiten — ihn selbst.
RRRRER</Unicode>
            </TextEquiv>
        </TextRegion>
    </Page>
</PcGts>
