3296 4320
1997 73 2239 138 ——
1126 141 1584 247 box 39/1
120 160 989 282 1. 50th Birthdar
114 1268 571 1362 Gulkugeegar.
2149 1302 2293 1392 1S
95 1326 570 1403 ird sich daher jedes
2955 1362 3313 1458 auch in der Li
1785 1375 2970 1458 Anfang an eine gewisse Atmosphäre von Vertrauen, die
2946 1424 3203 1500 Patienten.
1847 1426 2954 1490 h jedem mitteilt, der in seine Nähe tritt. Selbst¬
106 1431 1736 1494 s frühzeitig, denn er das gütigste Verstehen. Denn er spricht nicht über Men¬
1784 1466 2963 1556 beherrschung, die ihn auch als Künstler adelt, ist seine
3033 1466 3300 1541 Es ist beli
77 1479 1739 1545 Vaters, er studierte schen, um sie zu verlachen, oder um seinen Geist glänzen
1786 1514 2958 1595 hervortretendste Eigenschaft. Aus ihr und einer gewissen
2950 1511 3286 1600 Schnitzlerschen
84 1535 1742 1599 haft, die geradenwegs zu lassen, oder um mit seiner Menschenkenntnis zu para¬
1782 1564 2958 1628 inneren Gutmütigkeit ergibt sich seine besondere Art von
2963 1578 3087 1641 Tode,
3215 1579 3290 1637 a
3084 1570 3203 1638 der i
545 1571 1738 1647 dieren, sondern er spricht über sie, weil es ihn interessiert,
104 1578 569 1654 d des Lebens hinein¬
1787 1617 2959 1678 Vornehmheit, die sich niemals kalt abschließt, aber ihre
2962 1625 3052 1687 Ans
3219 1623 3286 1687 um
552 1609 1745 1686 weil ihn, im Grunde, nichts anderes interessiert, und er
93 1622 551 1693 kiungen Dichter, vor¬
1788 1663 2967 1725 Abgeschlossenheit auch in der Wärme behauptet. Seine
2948 1676 3049 1730 Ver
97 1670 560 1742 hnitzler hat sie durch¬
548 1668 1752 1729 tut es ruhig, gelassen, wissenschaftlich ernst und doch mit
3210 1679 3292 1743 zu
1787 1703 2959 1784 Maxime im Verkehr mit Menschen ist die Aufrichtigkeit,
98 1718 560 1792 urchgemacht hat, mit
2948 1723 3052 1780 Sch
555 1722 1741 1785 einer gewissen akodemischen Heiterkeit. Diese Methode be¬
3222 1727 3290 1786 ich
1774 1772 2953 1826 aber es ist die gedämpfte Aufrichtigkeit des Arztes, der,
102 1768 567 1833 hlichkeit. Geduld, eine
2944 1769 3042 1842 Sch
3212 1764 3302 1839 geit
567 1765 1742 1837 hält er auch im Literarischen bei, nur daß ihm dann seine
1764 1798 2951 1863 was er zu sagen hat, auf eine schonende Art mitteilt.
85 1817 554 1886 mmer mehr abhanden
3190 1813 3310 1888 den
563 1802 1753 1878 Phantasie zu Hilfe kommt, die, mehr kombinatorisch als
2954 1819 3049 1882 Leb
1770 1852 2960 1929 Schnitzler lügt nie (von wie wenigen Menschen kann man
112 1857 564 1934 und auch mit sich
568 1871 1743 1931 frei schöpferisch, Charakter# verbindet und Schicksale ver¬
2959 1874 3038 1924 cho
3198 1873 3297 1931 eK
96 1906 565 1974 hnisch und fast ohne
1780 1902 2948 1966 das sagen!) und er weiß die Wahrheit fast immer in eine
553 1917 1739 1973 knüpft. Das Herz seiner Dichtung ist Menschenkenntnis,
1758 1929 2962 2028 angenehme Form zu bringen. Ich erinnere mich in diesem
103 1943 568 2030 achtundzwanzig Jahre
556 1955 1746 2033 und sie ist auch das letzte Geheimnis seines Dialogs, der
3213 1975 3297 2025 iter
2954 1972 3026 2024 nic
1774 2007 2946 2066 Zusammenhang eines kleinen, persönlich erlebten Zuges.
98 2000 556 2082 ndere schon fix Ver¬
561 2009 1748 2080 oft, aber meist gedankenlos gerühmt, in seinem eigent¬
2949 2020 3016 2083 üb
1770 2046 2949 2110 Es war bei der Generalprobe eines neuen Stückes von
102 2040 557 2122 äftsleute sind, miß¬
557 2046 1747 2114 lichen Wesen nur selten ersußt wird. Denn nicht die An¬
2947 2068 3016 2121 ei
107 2082 570 2164 aß er sich ohne Pose
1769 2094 2951 2164 Max Burckhard. Das Stück wa schlecht, das wußten wir
560 2099 1754 2176 mut, die auch andere haben, noch auch der für Schnitzler
104 2140 569 2230 igjährig läßt er sein
1768 2140 2961 2202 alle, die wir zuhörten, die Schauspieler wußten es, der
562 2155 1748 2229 charakteristische gutartige Witz und eine seltene Wortkultur
192 2180 561 2258 dann wird sein
1778 2189 2953 2253 Direktor, vermutlich auch der allverehrte Autor selbst.
92 2200 206 2255 oP,
563 2191 1745 2269 machen den Wert dieses Dialogs aus, sondern die tiefe
2940 2215 3011 2281 fu
88 2230 561 2295 Seites, im Burgtheater.
1765 2243 2951 2300 Nichtsdestoweniger wendete er sich nach dem letzten Akt,
566 2260 1763 2319 Meuschenkenntnis, die sich auf die liebenswürdigste Art
2952 2260 3027 2322 11
83 2277 573 2352 mer ist er nicht Be¬
1770 2290 2949 2354 der, wie es schon bei schlechten Stücken zu gehen pflegt,
571 2272 1753 2362 darin aufschließt. Schnitzler schreibt, in der ihm eigentüm¬
2957 2314 3039 2370 her
95 2324 558 2404 der wahre Poet, nie
1764 2339 2949 2398 der schlechteste war, an den neben ihm sitzenden Schnitzler,
560 2342 1753 2422 lichen Sphäre des Gesellschaftsstückes, einen besseren Dialog
2934 2361 3024 2433 La
87 2361 567 2456 hrelang ringen noch
1763 2398 2938 2451 der in ruhiger Haltung höflich zugehört hatte. „Wie ge¬
558 2387 1741 2461 als irgend ein anderer deutscher Autor, weil er diese seine
131 2418 557 2512 zt mit dem Dichter,
1772 2433 2944 2510 fällt Ihnen der Akt?“ fragte Burckhard etwas ängstlich;
565 2428 1754 2507 Menschen besser kennt und mehr von ihnen weiß als
2944 2461 3024 2519 heb
98 2473 376 2541 davonträgt.
1771 2483 2957 2561 und Schnitzler, nach einer ganz kleinen Pause, sehr freund¬
575 2494 1754 2558 irgend ein anderer Dichter. Es ist seine besondere Kunst,
2943 2508 3012 2569 he
111 2503 569 2586 r nicht vielmehr den
2182 2526 2936 2614 „Er hat mich nicht überzeugt.“
1895 2522 2191 2597 sehr artig:
1771 2531 1902 2609 lich,
563 2539 1764 2617 die er nachgerade bis zur Virtuosität ausgebildet hal, das
2944 2559 3013 2613 vil
90 2566 566 2637 Element seines Wesens
1892 2590 2951 2645 anderer hätte vielleicht gesagt: „Sehr hübsch!“,
1769 2584 1904 2642 Ein
565 2580 1759 2681 ganze Leben eines Menschen in das Gespräch einzu¬
2937 2606 3005 2673 n4
101 2622 571 2683 r Arzt, und er wird
1905 2632 2939 2686 es hätte wie eine Beleidigung geklungen,
1756 2627 1902 2693 und
570 2624 1750 2720 beziehen. Angewandte Menschenkenntnis, auf den ein¬
2937 2654 3005 2715 „eh
117 2658 568 2728 immer bleiben. Frei¬
1756 2685 2942 2745 ein zweiter: „Interessant!“, und man hätte ihm die Lüge
577 2674 1757 2766 zelnen und auch auf die Allgemeinheit angewanot, das
2934 2702 3016 2767 ein
117 2711 580 2783 äußeren Werkzeuges
1767 2719 2931 2788 vom Gesicht abgelesen; ein dritter hätte grob: „Gar nicht!“
578 2742 929 2824 ist sein Dialog.
2935 2752 3010 2822 ste
97 2765 565 2838 es ist jetzt die Feder.
1754 2767 2940 2836 gesagt, und viele, die der Hofrat allerdings nicht fragte,
2948 2789 3024 2858 all
648 2782 1756 2862 Schnitzler wäre jedoch, trotz aller Erfahrung und aller
91 2812 582 2885 enngleich ohne Hör¬
1758 2815 2951 2879 hätten mit einer coulanten Verbeugung erwidert: „Ausge¬
561 2829 1761 2912 Bemühung — er hat sich das Dichten nie leicht gemacht
106 2849 576 2946 espräch sorgfältig ab,
1760 2875 2949 2936 zeichnet, Herr Hofrat!“ Schnitzler neigte den Kopf und
2936 2874 3311 2949 schon wiederholt
638 2885 1755 2954 nicht der Menschenkenner, der er ist, wenn er nicht
125 2892 580 2978 schaut ihnen in die
1769 2908 2955 2992 sagte: „Er hat mich nicht überzeugt.“ Das war die volle
2946 2946 3300 3009 spielen lassen. D
569 2933 1766 3010 selbst ein Mensch wäre. Nur ein Mensch lernt Menschen
129 2944 577 3029 r die Menschenkennt¬
1768 2960 2953 3025 Wahrheit, auf die liebenswürdigste Form gebracht. Wozu
2936 2988 3311 3054 würde nichts ben
569 2984 1749 3078 kennen und nur die wenigsten sind es. Schnitzlers reifes
1758 3010 2948 3077 verletzen? So antwortet ja auch der Arzt, wenn er es mit
113 3005 582 3079 zugeführt hat, immer
2935 3038 3307 3105 bei den Berufene
573 3024 1742 3114 Menschentum, das uns aus seinen Schriften anspricht,
113 3047 586 3122 immer tiefer in jenem
1756 3058 2945 3123 einem unheilbaren Kranken zu tun hat, auf seine besorgte
575 3076 1762 3151 tritt uns auch im Leben leibhaftig entgegen; wir
1755 3087 3284 3157 Frage nicht direkt mit einem Todesurteil, sondern er Schnitzler, der F
99 3096 579 3178 gräbt: das menschliche
571 3139 1760 3202 haben bei ihm das im Verkehr mit Künstlern nicht all¬
1751 3134 3313 3231 sagt: „Sie sind recht krank!“ oder: „Sie müssen sich um mit dem Lu
117 3149 583 3228 Artur Schnitzler über
113 3169 1761 3285 tig über wen, wenn tägliche Gefühl, daß es stimmt, daß Leben und Krast sich
125 3197 3044 3339 richtigste Urteil und decken, ohne Rest ineinander aufgehen. Das erzeugt von Schonen!“... Warum sollie man diese milden Sitten nicht# #.
