3344 4352
1073 222 1509 300 box 39/1
200 242 919 337 SothBirthday
1622 994 1730 1066 318
1325 1073 1852 1198 Wegweiser der
877 1205 1290 1280 Arthur Schnitzler
1700 1214 1869 1279 viel Ze¬
1702 1264 1864 1317 Durch d.
830 1265 1321 1324 zu seinem 50. Geburtstage
1701 1304 1857 1360 Vermitt
895 1308 1262 1370 geb. 15. Mai 1862
1692 1352 1858 1407 stahl u
563 1348 1649 1408 Er ist kein Volksdichter, und die Literaturgeschichten für Volk
1703 1394 1865 1453 Chomse
525 1420 1654 1459 und Schule werden wenig mit ihm anzufangen wissen. Da
1702 1442 1852 1499 meisten
529 1460 1653 1504 werden auch viele sein, denen er zu literarisch, zu aesthetisch,
1700 1476 1848 1536 die Ein
513 1508 1641 1550 zu erotisch erscheint. Fast alle seine Bücher handeln von der
1702 1528 1854 1581 Freibib
522 1548 1638 1595 Liebe. Und haben die verrufene moderne Sittenlosigkeit, jene
1687 1568 1850 1623 Und er
518 1593 1657 1630 Selbstverständlichkeit der freien Liebe, jenes überlegene Lächeln
1695 1615 1866 1672 werden
522 1635 1648 1689 über Sünde und alles Menschliche. Aber wer tiefer schaut,
1689 1659 1832 1709 kaum
529 1679 1647 1729 findet einen ganzen Mann und einen starken Dichter. Einen
1702 1703 1827 1759 selben
517 1722 1647 1773 Menschen voll Zartheit und Liebe, voll Geist und Güte, voll
1701 1753 1837 1805 im all¬
520 1771 1649 1829 Traurigkeit und Entzücken. Selbst die Schuldigen unter seinen
1699 1798 1832 1857 neueg
523 1814 1651 1854 Gestalten sind von ihm, dem Dichter aus gesehen, rein und licht.
1694 1838 1814 1904 trägt
523 1862 1647 1904 Freilich werden die Moralisten das nicht zugeben. Uns aber be¬
1689 1881 1794 1937 den
521 1905 1646 1946 wegt die Anmut seiner Welt. Das große Verstehen, das in
1687 1915 1814 1982 eigen
519 1953 1654 1988 diesem Dichterherzen lebt, macht ihn uns liebenswert. Und daß
1699 1973 1823 2025 steller¬
521 1990 1652 2048 er, der hochkultivierte Wiener, nicht in der Flachheit des Wiener
1739 2004 1819 2070 In
512 2037 1640 2075 Literatentums versunken, sondern immer ein stiller Eigener
1700 2052 1827 2117 lesezin
520 2084 1643 2131 geblieben ist, wollen wir ihm hoch anrechnen. — Don seinen
1693 2106 1811 2162 400 „
517 2125 1649 2183 Werken seien erwähnt die Stücke „Der grüne Nakadu“ „Der
1693 2144 1813 2213 engle
518 2171 1643 2232 Schleier der Beatrice", „Der einsame Weg“ und der Roman
1690 2196 1795 2243 und
517 2211 948 2272 „Der Weg ins Freie“
1555 2213 1807 2289 m. 4 Jfri¬
707 3060 1397 3168 Die Bombe, Wien
391 3154 864 3235 vomt 19141191
1062 3208 1478 3274 efeierte Dichter der
479 3211 1080 3292 Artur SchhitzlerdeLS.
385 3263 1472 3331 Piebelei“ ist fünfzig Jahre alt geworden und
385 3329 1469 3396 das benützen einige Herren, um die Aufmerksam¬
352 3384 938 3472 keit auf sich zu lenken.
492 3454 1486 3525 Man erwartet von Schnitzler immer noch
369 3513 1503 3581 ein Lustspiel, das wäre nun jetzt eine gute Komödie:
372 3556 1524 3636 Die Schnitzlerfeier, welche einige Herren ver¬“.
375 3642 1277 3700 anstalten, um mehr gefeiert zu werden.
819 3845 887 3884 6
2237 1184 3007 1301 Frankfurter Zeitung
1943 1253 2087 1311 vom:
2057 1213 2534 1360 18, Mal. 1912„
1890 1297 1967 1353 Pr.
1880 1334 2663 1401 prodigt Villiers seine kecke Moral weiter.
1942 1395 3022 1447 g [Wiener Brief.] Man schreibt uns vom 17. ds. aus
1893 1411 3015 1488 Wien: Presse und Bühne haben Arthur Schniilers
2833 1465 2936 1497 8
1865 1464 3024 1530 /50. Geburtstag nicht vorübergehen lassen, öhlle den unaut
1897 1506 3021 1570 fochtensten der Jung=Wiener Artoren festlich zu grüßen; er
1896 1546 3014 1589 selbst ist dem Tage geschmackvoll ausgewichen. In der Tat,
1901 1581 3019 1624 50 Jahre sind kein Alter, das schon zur abschließenden Rück¬
1897 1618 3013 1677 schau Anlaß gäbe, noch weniger aber eines, dessen man sich
1903 1661 3006 1711 besonders zu freuen hätie; man kommt in die „besten Jahre",
1893 1701 3016 1751 die nicht mehr die guten sind. Die Feuilletonisten haben denn
1907 1740 3019 1791 auch nur die Gelegenheit benützt, ihr eigenes Urteil über
1896 1780 3018 1832 Schnitzler, wie man sagt, zu revidieren, was noch nicht gleich¬
1896 1818 3024 1878 bedeutend zu sein braucht mit korrigieren. Da ist denn
1899 1854 3025 1914 höchstens ein kleiner Irrtum berichtigt worden. Bei seinem
1916 1897 3018 1941 ersten Auftreten wurde Anatol nicht von der ästhetischen,
1904 1938 3027 1991 wohl aber von der moralischen Seite angefochten; man fand
1898 1970 3029 2018 seinen Lebenswandel, wie seine süßen Mädel vom Stand¬
1904 2008 3027 2058 punkt der bürgerlich guten Sitte aus anstößig. Unterdes hat
1901 2055 3033 2095 man allgemein eingesehen, daß der Dichter nicht für die
1899 2093 3027 2139 moralische Lebensführung seiner Gestalten verantwortlich ist,
1898 2130 3026 2178 so wenig wie der Naturforscher für den Charakter der Bestien,
1903 2167 3016 2207 die er schildert. Daß Schnitzler selbst ein sehr ernster, gar
1902 2208 3034 2257 nicht leichtsinniger, auch nicht mit dem Einschlag Wienerischer
1903 2246 3022 2295 Melancholie frivoler Mensch ist, weiß man seitdem allgemein.
1902 2282 3033 2342 Ein einziger Einwand gegen seine dichterische Welt ist
1902 2321 2499 2363 aber unwiderlegt geblieben:
2535 2326 2629 2369 er
2628 2321 3025 2385 hat mit seiner
1894 2361 3036 2425 immerhin schmeichelhaften Schilderung einer ganz wert¬
1902 2400 3028 2456 losen, nichtigen Schicht unserer Großstadtjugend das
1895 2436 3024 2486 öffentliche Interesse zugewandt in einer Zeit, da die Elite der
1907 2481 3029 2536 wirklichen Zeitgenossen von sozialem Fanatismus erglühte und
1902 2518 3023 2552 sich in Reih und Glied zu stellen suchte gegen die unge¬
1895 2551 3023 2608 brochenen Gewalten des alten und neuen Feudalismus, der
1892 2594 3053 2645 militeristisch=industriellen, wie der geistlichekirchlichen Autar
1895 2692 3018 2739 tätsherrschaft. Was scherte die Welt die kleinen erotischen
1903 2737 3007 2778 Leiden der Wiener Cottagejünglinge und unverstandener Cot¬
1903 2770 3016 2814 tagedamen? Schnitzler denkt übrigens kaum anders über den
1891 2813 3009 2855 Wert dieser Gesellschaft; nur ist er als Dichter objektiver und
1898 2846 3015 2897 duldsamer. Aber ich wünschte nun endlich — und das ist mein
1892 2881 3016 2926 Geburtstagswunsch für ihn —, daß er außer dem Lustspiel,
1899 2923 3015 2968 das zu schreiben er wie wenige berufen ist, uns auch den
1888 2958 3015 3006 Wiener Roman schenke, der noch immer nicht geschrieben
1902 2990 3014 3049 ist: nicht den Wienerischen, sondern den Wiener Roman, wie
1897 3033 3016 3085 Balzac uns den Pariser gegeben hat. Den Roman unserer
1898 3070 3005 3129 streberischen Politiker, unserer aalglatten Bureaukraten, un¬
1900 3108 3015 3165 serer exklusiven Aristokratie bis hinauf zu den höchsten Spitzen,
1897 3161 3023 3201 unserer Advokaten, Aerzte, Künstler, Literaten und aller dazu
1896 3190 3015 3242 gehörigen Damen. Die Typen dafür sind mit Händen zu grei¬
1890 3221 3017 3277 fen und auch diesen Basilisken kann man nur töten, wenn
1897 3263 3020 3316 man ihn in einen Spiegel schauen läßt. Der „Weg ins
2039 3304 2966 3360 war hon ein Anfang, und Schnitzler i
1885 3358 3064 3428 jcht A. auf B# Höhe seiner künstlerischen Kraft##
