3392 4352
273 61 1475 123 ne ie de Schiptersche
286 113 1480 163 Kunst gedeihen, wo feit des Minnesanges goldenen Tagen die
1478 158 1553 225 3
1528 188 2744 258 wundervolle Komödie „Zwischenspiel“ (1905), in Berlin
302 203 1504 274 F####derte ihre mildernde Macht geübt, wo man unendlich
1541 247 2751 304 wie in Wien gleichmäßig abgelehnt werden konnte, ist mehr ein
299 263 1518 316 fein empfinden kann und doch, wenn der Schmerz fast die Brust
1539 287 2748 346 Beweis dafür, wie schwer sich oftmals Dichter und Hörer finden.
295 311 1519 377 zersprengt, das resignierte Lächeln des Vielerfahrenen zur Schau
1534 335 2761 390 Zwei Cheleute, die sich einander nicht mehr genügen, glauben
302 356 1507 400 trägt. Diese jungen Lebemänner, oberflächlich und herzlich,
1522 369 2757 428 auf Grund eines Pakts, der jedem seine volle Freiheit läßt,
305 401 1517 449 gemütlich und vornehm, von Genuß zu Genuß eilend und doch
1538 410 2759 473 doch weiter nebeneinander leben zu können. Aber die neu
298 432 1517 483 nie befriedigt; diese blasierten Aristokraten, diese nervenreichen
1540 462 2745 520 Form der „Ehe“ scheitert an der Macht des Blutes und der
294 483 1512 528 Künstler; dieses ewig „süße Mädel“ und diese ewig unverstan¬
1536 508 2625 553 Gewohnheit. Die Tragikomödie der Ehe ist auch im „We
294 519 1520 591 dene und abwechslungsgierige Frau, wie wir sie bei Schnitzler
1543 533 2753 600 Lanid“ vom vorigen Jahre dargestellt; zwei Menschen, die sich
302 562 1215 615 immer wieder finden und lieben, sie sind rechte
1546 579 2763 645 lieben und die sich hintergehen müssen, bis die Kugel des be¬
747 613 1078 683 Wiener Typen,
1549 627 2537 686 trogenen Gatten das viereckige Verhältnis sprengt.
1605 657 2766 729 Was uns Schnitzler in den zwanzig Jahren seines Schaffens
302 653 1526 736 von einer Meisterhand herausgegriffen aus dem fvisch pul¬
1539 720 2753 772 geschenkt hat, ist unendlich viel und unendlich kostbar, und
306 724 1523 776 sierenden Leben der Donaustadt. Wien hat stets seine Kinder
1529 756 2758 824 doch stoht er heute erst auf der Höhe seines Lebens. So dürfen
297 770 1524 812 an sich zu halten vermocht. Wiener Dichter sind zumeist auch
1532 792 2769 880 wir von dem Wiener Poeten gewiß noch manches Meisterwerk
296 811 1523 867 die Dichter Wiens geworden. Es hat ihrer schon viele vor
1544 848 1734 916 erh###in.
307 837 1517 902 Schnitzler gegeben, und viele wirken neben ihm. Und doch ist
301 876 1520 946 es ein gewisses Etwas, das seine Schöpfungen aus allen anderen
312 932 1514 987 Produkten des Wienerischen Geistes heraushebt. Ein Walzer
308 948 1653 1034 von Strauß, eine Rolle von Girardis und ein Einakter Schnitz¬
305 1014 1530 1078 lers — Blumen desselben Beetes und doch wie verschieden an
303 1057 1527 1111 Farbe und Duft! Was bei Schnitzler fehlt, ist das Rührselig¬
316 1103 1533 1162 Sentimentale, das Beschränkt=Spießbürgerliche, das sonst zum
303 1154 1542 1196 Wienertum zu gehören scheint. Die Befreiung von ihm ver¬
301 1194 1536 1243 dankt er seinem großen französischen Meister. Bei aller Leiden¬
302 1228 1531 1281 schaft seiner Personen ist Schnitzler kühl; der Gegensatz zwischen
310 1275 1527 1335 Mann und Weib ist ihm nicht, wie Strindberg, eine Tragödie,
312 1326 1521 1375 die Schauer und Mitleid fordert, sondern gewissermaßen ein
304 1374 1521 1412 Fechten, bei dem sich schlanke Klingen elegant kreuzen, bei dem
308 1405 1532 1459 aber bisweilen doch der Stich trifft, und dann gewöhnlich tiof
305 1443 1532 1500 ins Herz. Daß Schnitzler so vollkommen über den Dingen
314 1499 1525 1541 steht, die er dichtet, bewirkt es, daß er am meisten von allen
312 1530 1534 1590 jüngeren Deutschen das Attribut „klassisch“ verdient, und daß
313 1576 1533 1634 jede Seite und jede Szene von ihm, auch in seinen schwächeren
314 1614 1536 1691 Werken, den Eindruck bestätigt, daß hier ein Großer zu uns
310 1667 479 1734 spricht.
718 1690 1124 1769 Sein Lebensgang.
375 1736 1529 1811 Arthur Schnitzler, am 15. Mai 1862 in Wien goboren, ist der
304 1796 1525 1847 Sohn des geschätzten Laryngologen Professor Johann Schnitz¬
314 1846 1538 1906 ler und selbst von Hause aus Arzt. In der modernen Literatur!
315 1882 1536 1932 spielt der Arzt eine bedeutsame Rolle, hat einmal Georg Bran¬
306 1913 1531 1988 des bemerkt. Zunächst als Dargestellter; man denke an Doktor
308 1965 1537 2025 Stockmann und seine Kollegen; aber nicht minder als Schaffen¬
313 2006 1536 2055 der. Ein merkwürdiger Zufall hat es so gefügt, daß heute die
311 2063 1532 2108 beiden stärksten Dramatiker Oesterreichs Aerzte sind: Dr. Arthur
309 2095 1534 2153 Schnitzler und Dr. Karl Schönherr. Die beiden sind sonst die
307 2146 1539 2201 rechten Antipoden; Schönherr hat das große Pathos und die
317 2178 1540 2246 Freude am Sturm, die dem Skeptiker Schnitzler fehlt. Und
316 2223 1545 2279 als die Dichter Oesterreichs zur hundertjährigen Erinnerung
313 2263 1531 2324 an 1809 auch ihr Scherflein beisteuerten, hat Schönherr seine
317 2304 1544 2373 Bauernnovellen aus Tirol geschrieben, blinkend und fest wie
318 2354 1540 2411 Stahl, während Schnitzlers „Medardus“, als Fresko angelegt,
314 2395 1541 2456 sich in einer Reihe von Miniaturen auflöste. Dafür hätte der
322 2436 1546 2499 Tiroler niemals den Jüngling und die fünf Weibchen bilden
310 2482 1537 2536 können, die uns im „Anatol“ entzücken. In diesem seinem
318 2520 1547 2588 frühen Jugendwerk — es stammt vom Jahre 1893 — stoht
311 2578 1543 2629 Schnitzler schon völlig fertig vor uns da, wie Hauptmann im
324 2623 1538 2680 „Sonnenaufgang" und Halbe in der „Jugend“. Der liebe
317 2661 1536 2713 Wiener Junge geht von Cora zu Gabriele, von Annie zu
322 2695 1546 2756 Bianca und von Ilona in die Ehe. Die Titel der fünf Ein¬
314 2734 1538 2816 akter des „Anatol“ sind in ihrer Art symbolisch. Jede „Frage
312 2771 1534 2846 an das Schickfal“ entpuppt sich schließlich als „Episode“. Von
315 2824 1544 2873 jedem noch so verheißungsvollen Weihnachtseinkauf“ führt der
325 2864 1544 2940 Weg doch endlich zum „Abschiedssoupe:“ bis einmal der Viel¬
317 2908 1548 2988 geliebte am „Hochzeitsmorgen“ aufwacht und nun die alte Rolle!
321 2951 1535 3011 im neuen Gewande weiterspielt. Zwei Jahre nach „Anatol“
322 2994 1549 3063 folgt die „Liebelei“ mit der prächtigen Figur der Christine,
314 3042 1546 3105 1898 — um nur das Wichtigste herauszugreifen — das „Ver¬
319 3082 1553 3144 mächtnis“ einfach und kraftvoll, in dem das alte Motiv der
328 3140 1542 3184 Treue des Geliebten bis in den Tod im modernen Gewande
318 3172 1546 3243 erscheint. Der „Grüne Kakadu“ (1899), ein Gemälde aus der
327 3215 1547 3279 französischen Gesellschaft beim Einbruch der großen Revolution,
319 3254 1548 3315 zeigt, wie verwandt Schnitzler dem gallischen Geiste ist. Dieses
336 3304 968 3374 Tanzen auf dem Vulkan, dieses
678 3358 1112 3429 Lächeln im Sterben
325 3432 1552 3485 haben seine Wiener und Wienerinnen von den Damen und
332 3474 1545 3518 Herren des Rokoko geerbt. Die in Deutschland verbotenen
332 3507 1556 3562 Dialoge „Reigen“ (1900) folgen mit unerhörter Kühnheit dem
327 3558 1556 3608 magnetischen Spiel der Geschlechter; künftigen Jahrhunderten
331 3606 1545 3653 wird dieses Buch der Dekameron unserer Zeit sein. Aus der
331 3642 1548 3705 gleichen Renaissance=Stimmung des Dichters ist das Drama
331 3671 1551 3736 „Der Schleier der Beatrice“ geboren. Im „Einsamen
325 3720 1551 3775 Weg“ (1903) wollte Schnitzler eine große psychologische Tra¬
326 3776 1552 3817 gödie im Stile Ibsens geben; die fünf langen Akte sind in¬
334 3805 1553 3859 dessen zu kompliziert geraten und hinterlassen nicht die Be¬
324 3858 1559 3909 friedigung, mit der man sonst von einem seiner Werke scheidet.
328 3884 1584 3956 Schnitzler ist in der Regel Kaviar fürs Publikum, und lärmende
336 3936 1556 3997 Theatererfolge sind ihm kaum beschert gewesen. Daß aber die
2940 4087 2991 4145 Ma
