3344 4352
1135 173 1592 285 box 39/1
152 215 996 306 1. 50thBirtnday
206 1312 1291 1377 it aushlannoverscher Anzeiger, Hannovt
242 1400 753 1493 15. MAl. 1912 7
241 1483 1662 1543 Der Deinbruche, andere leichtere Verletzungen. Int Nach eintem Fannerun
2596 1522 2935 1603 M
2997 1537 3053 1596 —
1191 1589 3159 1645 1 Gegensatz zwischen Mann und Weib ist ihm nicht) Jahrhunderten wird dieses Buch der Dekam von
1252 1626 2172 1670 ie Strindberg, eine Tragödie, die Schauer und
2186 1624 3152 1690 unserer Zeit sein. Aus der gleichen Renaissence¬
437 1592 1005 1702 Arthur Schnißler—
1210 1654 2171 1705 Mitleid fordert, sondern gewissermaßen ein Fech¬
2180 1657 2764 1713 Stimmung des Dichters ist
2815 1655 3147 1716 s. Drama „Der
229 1672 2177 1745 Zum 50. ichters am 15. Mai.Iten, bei dem sich schlanke Klingen elegant freu¬
2182 1689 3007 1747 Schleier der Beatrice“ geboren.
3033 1695 3142 1744 Im
1213 1728 2057 1771 zen, bei dem aber bisweilen doch der
296 1729 680 1779 Arthur Schnitzler!
2057 1725 2174 1775 Stich
2187 1730 3150 1777 „Einsamen Weg“ (1903) wollte Schnitzler eine
688 1724 1199 1782 Beim Klange dieses Na¬
1213 1757 2181 1815 trifft und dann gewöhnlich tief ins Herz. Daß
236 1746 1199 1810 mens wird eine Welt lebendig. Nicht die Welt
2176 1764 3135 1816 große psychologische Tragödie im Stile Ibsens
1209 1793 2172 1837 Schnitzler so vollkommen über den Dingen steht,
2191 1788 3078 1834 geben: die fünf langen Akte sind indessen
229 1797 1205 1851 des ewigen Kampfes um die Existenz mit ihren
1216 1818 2167 1872 die er dichtet, bewirkt es, daß er am meisten von
2187 1821 3106 1875 kompliziert geraten und hinterlassen nicht die Be
237 1835 1207 1869 Klippen und Untiefen, sondern die Welt einer
1209 1869 2153 1915 allen jüngeren Deutschen das Attribut „klassisch“
2187 1864 3141 1906 friedigung, mit denen man sonst von einem sei¬
231 1864 1199 1899 sehr feinen, sehr galanten und sehr, sehr kul¬
1211 1893 2177 1944 verdient; daß jede Seite und jede Szene von
2184 1903 2924 1939 ner Werke scheidet. Schnitzler ist in
235 1896 1201 1942 turellen Gesellschaft. Nur in Wien konnte auf
3003 1885 3150 1947 Regel
1212 1919 1448 1980 ihm, auch
1438 1935 1528 1972 in
2183 1933 3149 1988 Kaviar fürs Publikum, und lärmende Theatererfolge
2068 1932 2176 1973 den
231 1928 1202 1976 dem Boden des deutschen Sprachgebiets die
1529 1926 2079 1987 seinen schwächeren Werken,
227 1966 1198 2011 Schnitzlersche Kunst gedeihen, wo seit des Minne¬
2187 1964 3143 2006 sind ihm kaum beschert gewesen. Daß aber die
1210 1968 2184 2030 Eindruck bestätigt, daß hier ein Großer zu uns
1211 2000 1375 2056 spricht.
240 1998 1208 2046 sangs goldenen Tagen die Jahrhunderte ihre mil¬
2179 1997 3143 2044 wundervolle Komödie „Zwischenspiel“ (1905),
2248 2032 3150 2071 Berlin wie in Wien gleichmäßig abgelehnt!
1260 2015 2170 2080 Arthur Schnitzler, am 15. Mai in Wien ge¬
226 2031 1211 2078 dernde Macht geübt, wo man unendlich sein emp¬
2187 2071 3150 2115 werden konnte, ist mehr ein Beweis dafür, wie
231 2063 1214 2122 finden kann und doch, wenn der Schmerz fast
1202 2047 2175 2105 boren, ist der Sohn des geschätzten Laryngologen
230 2096 1200 2144 die Brust zersprengt, das rel#enierte Lächeln des
2190 2104 3153 2140 schwer sich oftmals Dichter und Hörer finden.
1210 2102 2176 2145 Professor Johann Schnitzler und selbst von Hause
2178 2128 3139 2183 Zwei Ehelente, die sich einander nicht mehr ge¬
1213 2137 2172 2189 aus Arzt. Ein merkwürdiger Zufall hat es so
234 2139 1202 2180 Vielerfahrenen zur Schau trägt. Diese jungen
227 2169 1207 2210 Lebemänner, oberflächlich und herzlich, gemütlich
2183 2169 3127 2210 nügen, glauben auf Grund eines Pakts, der je¬
1213 2178 2171 2216 gefügt, daß heute die beiden stärksten Drama¬
2180 2200 3148 2240 dem seine volle Freiheit läßt, doch weiter ne¬
1204 2199 2172 2240 tiker Oesterreichs Aerzte sind, Dr. Arthur Schnitz¬
241 2201 1212 2251 und vornehm, von Genuß zu Genuß eilend und
2554 2239 3143 2291 zu können. Aber die neue
2182 2232 2562 2290 beneinander leben
233 2244 1202 2285 doch nie befriedigt; diese blasierten Aristokraten,
1205 2238 2174 2282 ler und Dr. Karl Schönherr. Die beiden sind
2191 2268 3149 2309 Form der „Ehe“ scheitert an der Macht des
1220 2275 2178 2314 sonst die rechten Antipoben; Schönherr hat das
232 2275 1207 2320 diese nervenreichen Künstler; dieses ewig „süße
2175 2298 3141 2347 Bluts und der Gewohnheit. Die Tragikomödte
228 2304 2179 2350 Mädel“ und diese ewig unverstandene und ab¬ große Pathos und die Freude am Sturm, die
2183 2336 3152 2389 der Ehe ist auch im „Weiten Land“ darge¬
888 2333 2177 2384 sie bei Schnitz=1 dem Skeptiker Schnitzler fehlt. Und als die Dich¬
227 2333 898 2392 wechslungsgierige Frau, wie wir
2180 2366 3141 2412 stellt! Das eigenartige Werk wird noch in vieler
1210 2373 2173 2422 ter Oesterreichs zur hundertjährigen Erinnerung
323 2373 1206 2419 immer wieder finden und lieben, sie sind
2177 2406 2545 2449 Erinnerung sein.
2541 2409 3129 2457 Machte es ja doch erst im
1215 2407 2176 2464 an 1809 auch ihr Scherflein beisteuerten, hat
225 2395 1206 2461 rechte Wiener Typen, von einer Meisterhand her¬
2176 2433 3147 2479 vergangenen Oktober Franz Rolan möglich,
1210 2444 2173 2476 Schönherr seine Bauernnovellen aus Tirol ge¬
235 2442 1205 2480 ausgegriffen aus dem frisch pulsierenden Leben
2182 2470 3016 2515 daß die hannoversche Schauburg
1218 2471 2172 2517 schrieben, blinkend und fest wie Stahl, während
3040 2478 3131 2517 mit
237 2478 1211 2525 der Donaustadt. Wien hat stets seine Kinder an
2180 2498 3146 2558 einigen anderen Städten gleichzeitig die Urauffüh¬
1213 2499 2179 2555 Schnitzlers „Medardus“ als Fresko angelegt,
231 2507 1204 2555 sich zu halten vermocht, Wiener Dichter sind zu¬
1213 2528 2184 2587 sich in eine Reihe von Miniaturen auflöste. Da¬
2176 2549 3139 2597 urng brachte und so Hannover wirklich einmal
229 2540 1219 2593 meist auch die Dichter Wiens geworden. Es hat
1219 2577 2170 2616 für hätte der Tiroler niemals den Jüngling und
2174 2578 3086 2624 Stätte eines literarischen Ereignisses wurde. L
227 2576 1215 2628 ihrer schon viele vor Schnitzler gegeben, und viele!
2180 2603 3143 2652 das „Weite Land“ sich freilich hier viele Freunde
1210 2611 2183 2652 die fünf Weibchen bilden können, die uns im
658 2613 1157 2661 Und doch ist es ein g
226 2608 664 2660 wirken neben ihm.
2189 2647 3138 2684 gewonnen hat, ist die Frage. Die Schnitzlersche
1430 2637 2164 2698 entzücken. In diesem seinen frühen
1220 2644 1406 2688 „Anato
234 2637 1204 2694 wisses Etwas, das seine Schöpfungen aus allen
2188 2682 3117 2728 Art „liegt“ uns hier nicht eben sehr. Aber was
1584 2669 2109 2732 stammt vom Jahre 1893
1206 2674 1468 2724 Jugendwerk
226 2676 1204 2718 anderen Produkten des wienerischen Geistes her¬
2175 2701 3124 2744 Schnitzler in den zwanzig Jahren seines Schaf¬
232 2712 439 2766 aushebt.
1214 2698 2178 2759 steht Schnitzlex schon völlig fertig da, wie Haupt¬
439 2711 1200 2760 Ein Walzer von Strauß, eine Rolle
2179 2738 3115 2789 fens der Kunst geschenkt hat, ist unendlich vie
240 2737 1072 2788 von Gtrardi und ein Einakter Schnitzlers —
1215 2749 1439 2799 mann im
1430 2742 2181 2789 „Sonnenaufgang“ und Halbe in der
1082 2750 1185 2794 Blu¬
2177 2783 3079 2825 und unendlich kostbar, und da er heute erst¬
235 2778 1203 2825 men desselben Beetes und doch wie verschieden
1210 2774 2181 2833 „Jugend“. Zwei Jahre nach „Anatol“ folgt die
2178 2811 3042 2852 der Höhe seines Lebens steht, so dürfen wir g
1466 2812 2172 2857 mit der prächtigen Figur der Chri¬
1213 2816 1416 2861 „Liebel
235 2809 1201 2858 an Farbe und Duft! Was bei Schnitzler fehlt,
2186 2843 3220 2904 noch manches Meisterwerk erhoffen, das dann bohl die
238 2848 2170 2892 ist das Rührselig=Sentimentale, das Beschränktesstine 1898 — um nur das Wichtigste herauszu¬
2181 2876 2867 2942 auch zu uns seinen Weg findet.
240 2880 593 2934 Spießbürgerliche,
1425 2877 2169 2933 das „Vermächtnis“ einfach und
583 2886 1376 2940 das sonst zum Wienertum zu greifen
1204 2904 2172 2953 kraftvoll, in dem das alte Motiv der Treue
229 2914 1216 2952 gehören scheint. Die Befreiung von ihm ver¬
3125 2917 3223 2990 40
3060 2945 3127 3007 —
1204 2946 2169 3004 des Geliebten bis in den Tod im modernen Ge¬
228 2948 1206 3005 dankt er seinem großen französischen Muster. Bei
1204 2984 2179 3031 wande erscheint. Der „Grüne Kakadu“ (1899)
233 2974 1213 3038 Flaubert hat er gelernt, daß das Leben stark
233 3009 1214 3070 ist und unerbittlich, daß es gleichmäßig geht wie
1217 3013 2180 3057 ein Gemälde aus der französischen Gesellschaft
240 3051 1215 3092 die Uhr und dessen nicht achtet, der zu ihr her¬
1207 3053 2180 3099 beim Einbruch der großen Revolution, zeigt, wie
1212 3087 2171 3136 verwandt Schnitzler dem gallischen Geiste ist.
233 3086 1223 3142 blickt: und Maupassant, daß die Liebe ein ewi¬
1213 3122 2179 3166 Dieses Tanzen auf dem Vulkan, dieses Lächeln
330 3119 1213 3158 Spiel ist, das das Schicksal mit uns treibt,
224 3139 1214 3201 bei dem es viele Nieten gibt und wenig Gewinn,
1216 3147 2172 3205 im Sterben haben seine Wiener und Wienerinnen
232 3184 2186 3240 ein wenig Lächeln und viele Tränen, den unge= von den Damen und Herren des Rokoko geerbt.
1214 3217 2167 3268 Die in Deutschland verbotenen Dialoge Nei¬
234 3219 1222 3271 heuren Genuß des Augenblicks und den langen
1334 3245 2171 3306 (1900) folgen mit unerhörter Kühnheit dem
245 3249 1259 3307 Katzenjammer des Lendemain. Bei aller Leiden=Ig
245 3298 2209 3355 schaft seiner Personen ist Schnitzler kühl; der magnetischen Spiel der Geschlechter; künftigen
