3344 4320
112 354 1504 468 1. 5oth Birthdag box 397
932 1394 2015 1513 schnitt aus Volksfreund Hallein, Salzburg
1062 1465 1358 1540 11 5 1912
939 1515 1387 1597 e nasen
1361 1866 1537 1986 —
1205 1969 1276 2065 *
1330 2185 1583 2324 ehe
1116 2360 1258 2513 N
1710 2492 1789 2555 1200
1242 2587 1651 2658 Artur Schuitler,
1121 2621 1762 2691 berühmter österreichischer Dichter.
990 2664 1899 2750 Zn Vollendung seines 50. Lebens¬
1322 2714 1548 2782 jahres.
1029 2771 1934 2829 Artur Schnitzler, der berühmte österreichische Dichter,
950 2808 1930 2874 vollendet am 15. Mai sein 50. Lebensjahr. Er ist ein
942 2859 1936 2902 geborener Wiener, der Sohn eines berühmten Arztes
948 2899 1933 2949 und studierte ebenfalls Medizin; er war auch einige
948 2942 1936 2984 Jahre praktischer Arzt. Aber schon im Jahre 1893
958 2977 1935 3034 machten den Dreißigjährigen die geistvollen, dramatischen
950 3016 1936 3060 Szenen des „Anatol“=Zyklus berühmt. Es folgte seine
948 3055 1935 3115 Erzählung „Sterben“, das köstliche Drama „Liebelei“,
950 3093 1926 3149 das über alle deutschen Bühnen gegangen ist, und eine
940 3137 1936 3194 Anzahl anderer erzählender und dramatischer Werke,
935 3171 1931 3220 die alle den Reiz des Wienertums mit gedanklicher Tiefe
944 3216 1945 3266 und spielerischem Geist vereinigen. Besonderes Aufsehen
939 3249 1927 3314 erregten die freien Dialoge des „Reigens“ (1900) und
949 3285 1950 3369 die Novelle „Leutnam Gustl“, die dem Dichter sein“
954 3323 1737 3387 Portepee als Militärarzt der Reserve kostete.
2061 271 2323 347 —
