3392 4352
1524 451 1641 531 329
1650 521 2854 612 Ebenso begrüßen wir in Ludwig Fulda jenen hervor¬
314 541 1569 626 daß die Librettisten und Tondichter der gegenwärtigen Wiener
1597 594 2855 661 ragendsten Vertreter der literarischen Gegenwart des Deutschen
310 615 1572 681 Operette, zu welcher sich das ganze Behagen der österreichischen
1606 648 2851 725 Reiches, welcher die Aufgabe löst, das dichterische Wort des
320 678 1567 742 Gegenwart von den unerquicklichen politischen Verhältnissen
1605 711 2847 773 Tages vollinhaltlich auszusprechen. Das wuchtigere Deutsch¬
317 724 1468 789 hinwegflüchten muß, zum allergrößten Teile Juden sind.
1609 765 2853 823 tum des Werdens tritt eben in Fuldas Werken zutage, der
379 756 1573 838 Und so wird uns auch jene dichterische Individualität, der
1611 808 2856 876 Reichtum des Stimmungsgehaltes bei Schnitzler wird von der
304 833 1574 905 Arzt Dr. Arthur Schnitzler, erklärlich, welche aus der sowohl
1596 865 2859 939 Fülle des Gedankeninhaltes bei Fulda aufgewogen. Mehr re¬
316 876 1573 945 materiellen, als auch intellektuellen Uebersättigung der groß¬
2135 899 2862 976 flektierend als deskriptiv läßt
316 930 1046 988 bürgerlichen Gesellschaft heraus
2123 959 2858 1032 Fulda den sittlichen Vollwert nicht
307 980 1044 1047 den Anatol=Typus erschuf, um mit
2131 1018 2863 1083 aus der Untadelhaftigkeit des Ge¬
300 1036 1030 1096 beginnender Regenerierung ihrer
2149 1060 2861 1134 fühles erblühen, sondern aus tief
313 1089 1046 1149 Umwelt gefestigtere Gestalten mit
2138 1120 2853 1184 begründeten Normen des Rechtes
303 1142 1051 1215 reiferen, wenn auch weniger
2143 1167 2860 1239 erwachsen. So steht er fest auf
308 1186 1045 1254 harmlosen Antrieben ins Dasein
2135 1224 2863 1295 dem Boden Molières, dessen treff¬
312 1247 1049 1316 zu stellen. Schnitzlers Werdegang
2137 1265 2866 1352 lichster Interpret er als sein Ver¬
313 1302 1040 1365 ist in allen Tages= und Literatur¬
2134 1327 2859 1406 deutscher ist, und sucht gleich
303 1355 1035 1424 blättern ausführlich zu lesen.
2125 1380 2860 1453 diesem dem Rechte gegen die
322 1409 1044 1458 Seine wahrhaft vornehme Natur
2126 1447 2856 1499 Uebergriffe des Gefühles zu Hilfe
302 1457 1052 1533 wird in zahllosen Festartikeln in
2129 1481 2864 1569 zu kommen. Auch diese an¬
305 1509 1040 1577 das helle Licht gerückt. Seine
2140 1525 2860 1615 scheinend schwerfälligere Auf¬
308 1554 1053 1629 Sprache, seine Konzeption sind
2142 1584 2862 1658 fassung in das fließende Gewand
315 1611 1045 1684 als meisterhaft anerkannt. Die
2131 1635 2864 1720 reizvoller Lyrik zu kleiden, kann
318 1664 1040 1741 Kultur des Wortes, die Ge¬
2143 1689 2868 1762 nur einem echten Dichter gegeben
315 1707 1048 1778 schliffenheit des Gedamens sind in
2144 1741 2866 1816 sein. So stehen Fuldas drama¬
312 1773 1037 1843 seinen Werken von einem Hoch¬
2142 1795 2862 1874 tische Werke hoch über dem dichte¬
316 1822 1045 1894 stande, der weit über dem kul¬
2136 1847 2866 1913 rischen Mittelgut, das die zeit¬
310 1874 1053 1939 tur len Durchschnitt unserer Tage
2148 1901 2868 1984 genössische Produktion Deutsch¬
316 1927 1049 1998 sich erhebt. Ein wienerischer
2143 1951 2863 2019 lands bietet. Die Vornehmheit
323 1979 1048 2049 Ariost, ist er der Dichter des
2142 2000 2873 2073 seiner literarischen Geste stellt sein
325 2032 1050 2098 reinen, auf sich selbst gestützten Ge¬
2145 2065 2875 2140 Schaffen auf ein weit höheres
321 2092 1046 2155 fühles, welcher sich seine eigenen
2145 2108 2870 2197 Niveau als das der gleichzeitigen,
317 2136 1052 2212 Gesetze gibt. Von diesem Gefühl
2142 2163 2862 2242 einem anwidernden Naturalis¬
314 2187 1047 2261 der Liebe in allen erdenklichen
2144 2221 2867 2293 mus huldigenden deutschen Lite¬
317 2234 1052 2311 Beziehungen, in allen Arten und
2145 2277 2858 2350 ratur=Erzeugnisse ist. Die Nach¬
318 2290 1050 2358 Abarten, strömt alle Kraft zum
2126 2307 2869 2404 welt, welche Fuldas Zeit und
324 2338 1059 2405 Tun und zum Leiden aus. Die
2129 2367 2864 2456 Heimat nach Fuldas Werken be¬
819 2387 1075 2473 von der
323 2400 823 2477 Darstellung der Liebe,
2404 2411 2874 2498 urteilen wird, wird
322 2452 793 2522 zartesten Zeichnung
807 2453 2853 2585 GarachdeuugSeste und E¬
320 2507 790 2571 bis zur greifbat dent¬
2396 2523 2856 2608 läutertste als Maß¬
322 2551 795 2624 lichen Gravüre läßt
2403 2576 2870 2665 stab zur Hand bekom¬
1622 2558 2168 2685 Se
320 2608 798 2684 diesen Forscher der
2402 2628 2868 2705 men. Auch Fulda hat
334 2656 787 2734 species hominis im¬
2388 2682 2860 2753 das Beste aus seiner
318 2716 796 2796 mer als Psychologen,
806 2679 2329 2810 Muum Kesc.
2386 2730 2876 2815 Zeit und aus seinem
328 2766 788 2834 niemals als Erotiker
2401 2783 2867 2860 Lande geschöpft, er
325 2818 793 2893 erscheinen. Von der
2402 2838 2873 2914 hat es mit seinem
317 2872 802 2945 gesamten Kritik als
2401 2887 2876 2964 durchaus schönen
320 2922 795 2993 der Schöpfer des zeit¬
2398 2936 2873 3020 Dichtertum durchsetzt
322 2980 793 3047 genössischen Wiener
2407 2993 2876 3071 und es als ein
1458 2979 2240 3111 GG
320 3028 800 3095 Romanes gepriesen,
2402 3040 2876 3125 Reines und Feines an
322 3086 800 3143 von den Theaterdirek¬
2230 3003 2397 3170 26
2401 3099 2875 3169 die Umwelt wieder
327 3138 804 3191 toren als jener Antor
2402 3141 2868 3228 abgegeben. So ist
328 3186 809 3258 hochgeschätzt, dessen
2402 3196 2877 3274 auch sein Schaffen
329 3239 804 3307 Dramen die reichsten
2396 3253 2866 3326 von dem Gesetze dik¬
334 3287 803 3354 an Stimmungsge¬
1617 3305 2865 3381 tiert, das einen Juden anweist, das Beste vom Besten aus
324 3317 1584 3411 halt und dabei die bühnenfähigsten sind, wird Schnitzler als
1630 3371 2875 3438 Zeit und Raum loszulösen und es für immerdar bestandfähig
332 3383 1590 3460 Führer und Repräsentant von Jung=Wien in allen Landen
1617 3426 1872 3499 zu machen.
329 3454 1586 3506 verehrt und gefeiert. Er vergißt darüber jedoch nicht, daß ihm
1680 3452 2875 3558 Fragen wir nicht, welcher von beiden, Schnitzler oder
322 3487 1592 3555 diese Aufgabe und Bestimmung, der Beste unter jenen zu sein,
1616 3526 2875 3604 Fulda, der größere sei, sondern freuen wir uns, daß wir zwei
332 3544 1582 3615 welche das zeitgemäße Wort in ihrem Heimatlande zu sprechen
1628 3577 2683 3655 solche Männer als echte und rechte Juden besitzen!
329 3585 1599 3670 haben, nur deshalb zugefallen ist, weil er als Jnde geboren
2136 3636 2337 3718 1
331 3661 1588 3719 worden und in den rein monntheistischen Anschanungen des
322 3704 1589 3770 Judentums das Weltganze zu erfassen gelehrt worden ist. Und
1608 3687 2874 3806 Das jüdische Schulwelen in Bulgarien.
331 3749 1591 3819 wenn er auch in seinem weiteren Schaffen kein Wort und
1854 3793 2634 3846 Von Rabbiner Dr. Rosenwasser (Sofia.)
332 3821 1594 3877 keine Zeile schreiben wird, das chauvinistisch=jüdisch gedeutet
1622 3816 2876 3919 Die jüdischen Gemeinden in Bulgarien hatten bis vor
324 3856 1591 3915 werden und nationale Gemüter befriedigen könnte, so wird
1761 3884 2869 3959 ganz kurzer Zeit keine Schulsorgen. Die Alljance und
331 3908 1593 3978 doch in ihm jener Jude zu schätzen sein, der für seine Zeit und
1617 3936 2877 4010 in letzter Zeit auch der Hilfsverein der deutschen Juden nahmen
336 3958 1601 4028 sein Land diese einem Inden zuerteilte Bestimmung erfüllt—
1614 3987 2885 4069 diese Sorgen auf sich. Unsere Gemeinden gewöhnten sich
329 4033 458 4093 hat.
