3344 4384
225 313 1547 426 50th Birthdag box 39/1
630 1142 1085 1196 — — — —
140 1158 1341 1224 ihrer Majestät der Kaiserin und Eurer Durchlaucht Präsidium
148 1224 1333 1283 stehenden Arbeiten des Kongresses mit besonderem Inter¬
189 1259 1337 1330 se und meinen besten Wünschen. Mögen sie reiche
137 1304 989 1371 Früchte zeitigen zum Segen der Menschheit.
811 1318 1293 1381 gez. Wilhelm I. R.“
152 1366 1344 1419 Der Präsident der Internationalen Union für Säuglingsschutz,
118 1417 1333 1472 Professor Dr. Dietrich und Gemahlin hatten die Mittlieder der
119 1450 1340 1523 RKongreßleitung, die Haupidelegierten der Regierung und die Mit¬
121 1506 1353 1580 glieder des permanenten Bureaus der Internationalen Union gestern
128 1624 1348 1681 behren, wäre Einmütigkeit wichtig, ihre Bedeutung öffentlich und
128 1676 475 1735 festlich zu bekunden.
148 1700 1337 1771 Freilich: Nicht mit Artikeln bloß und den obligaten Huldigungs¬
113 1756 1345 1831 dressen, sondern in würdiger, lebendiger Art! Festlich müßte es be¬
115 1791 1345 1853 gangen werden, wenn solche Künstler ihre Lebensmitte erreichen. Ich
118 1844 1346 1897 denke mir das so: Im November nächsten Jahres müßte jedes deut¬
128 1881 1345 1939 sche Theater in Deutschland ein Stück von Gerhart Hauptmann, im
115 1934 1340 1983 Mai eines von Arthur Schnitzler an ihrem Geburtstag spielen. Bei¬
114 1959 1344 2026 nahe tausend Theater haben wir in Deutschland und Oesterreich, und
113 2006 1354 2073 Der Gedanke hat für mich etwas aufreizend Schönes, daß zur gleichen
120 2062 1339 2106 Stunde in Ost und West, in Süd und Nord des heiligen Deutschen
111 2090 1349 2139 Meiches der Traum von Dichtern, die noch mitten unter uns weilen,
114 2130 1344 2192 zu Gestalten würde, daß fünfmalhunderttausend Menschen und mehr
119 2170 1350 2234 an diesem einen Theaterabend seiner Stimme lauschten, sich von seiner
117 2234 1355 2271 Kunst bezwingen ließen, daß gewissermaßen an diesem
124 2249 1359 2309 [Tage das ganze Deutsche Reich Publikum und in An¬
124 2292 1343 2357 dacht wäre. Ist es wirklich unmöglich? In Berlin allein könnten fünf
114 2359 1350 2392 oder zehn Theater verschiedene Werke spielen — denn all diese haben
120 2373 1352 2425 kein so Vielfältiges geschaffen —,und manch deutsche Bühne könnte bei
128 2414 1347 2478 so schönem Anlaß ernste, künstlerische Verpflichtungen abzahlen, indem
119 2470 1354 2520 sie eines der schwerer zugänglichen Werke zur Aufführung brächte,
127 2503 1346 2557 die bisher den Hörern fremd waren und in einer solchen Stunde der
127 2557 1350 2600 Ehrfurcht reiner begriffen werden könnten. „Florian Geyer“ dieses
128 2562 1353 2648 über alle Maßen herrliche Stück, „Michael Kramer“ andererseits dem
120 2621 1346 2685 „Einsamen Weg“, ja selbst dem vielgeschmähten „Ruf des Lebens“
128 2668 1356 2723 könnte dies z einer Stunde der Auferstehung werden, denn an
127 2703 1348 2771 solchem festlichen Tage würde dem Publikum sich gerne selbst an Er¬
117 2743 1354 2813 lesenstes hingeben. Und einem Richard Dehmel, der ja vorläufig im
123 2795 1353 2850 Dramatischen nicht genug geschaffen har, könnte eine gleichzeitige
129 2830 1352 2890 Rezitation in allen deutschen Städten geben, was er wie kein zweiter
131 2868 1350 2932 verdient, was er ehrlich und ohne unlauteren Eifer erstrebt hat:
131 2907 1359 2973 Breiteste Volkstümlichkeit. An diesen Dichterfesttagen würde erst das
120 2954 1350 3033 deutsche Volk mit einem gewissen Staunen den ganzen Umfang ihrer
131 2990 1352 3062 großen Talente fühlen, würde beglückt und zugleich beschämt er¬
136 3053 1353 3109 kennen, wieviel an Liebe es gleichgültig seinen Besten bislang vor¬
138 3092 428 3155 enthalten hatte.
170 3116 1351 3188 Daß auch ein Materielles aus einer solchen Ehrung ganz Deutsch¬
133 3169 1356 3235 lands sich selbstverständlich ergibt, macht sie doppelt wün¬
136 3216 1360 3281 schenswert. Ein solcher Tag allgemeiner Aufführung bedeutet zu¬
127 3255 1373 3314 gleich — selbst wenn die Verleger nicht, was ja zu hoffen ist, auf
139 3302 1361 3357 ihren Anteil verzichten würden — eine Nationalgabe von fünfzig¬
133 3340 1376 3409 tausend, mit den Wiederholungen von vielleicht hunderttausend Mark.
2210 1129 2780 1193 e   ——
1836 1157 3308 1247 Schutz mehr verleihen. Auh dann nicht, wenn man es in das Gebiet der Nordar
1829 1219 3057 1272 der Phantasie verweist, Armeen auf dem Rücken dieser Vögel durch
3067 1224 3300 1278 und saß zum
1822 1269 3304 1319 die Luft fliegen zu lassen. Zu einem Kampf der Luftschiffe und Flug= Vordringen
1837 1299 3067 1365 maschinen gegeneinander ist es, soviel ich sah, nicht gekommen; ihre
3067 1303 3306 1359 der Linie fü
1832 1342 3057 1399 Leistung in der Erkundung werden wir später erfahren. Das Ge¬
3076 1346 3304 1400 bereitet.
1829 1382 3063 1441 rücht über ein Unglück, das im Laufe des Vormittags eine der
3079 1390 3296 1441 Entwickelun
1825 1435 3058 1479 Maschinen betrosten hiben sollte, erwies sich, wie bereits gemeldet,
3075 1432 3302 1481 Feldmarsche
1831 1471 3050 1519 glücklicherweise als arg übertrieben. Der bei Wolfshagen im Gleit¬
3078 1474 3304 1526 gewinn zur
1828 1501 3060 1568 fluge niedergegangene Albatroszweidecker wies schließlich doch nur
3073 1512 3297 1565 des Gefeihte
3076 1552 3293 1607 division Ge
3073 1599 3301 1649 Division ei
1835 1619 3059 1694 Eine Gabe aber, an der nicht die klebrige Marke des Geschenkes hängt,
3067 1635 3297 1690 diese Zeit n
1828 1675 3062 1718 nicht das Stigma des Klingelbeutels, sondern eine Gabe, die ver¬
3077 1673 3301 1741 division bec
1838 1714 3062 1762 dient und nicht erbettelt ist. Denkt an Wagner, an Grillparzer, an
1835 1744 3072 1797 Hebbel und Lilieneron, wie sehr eine solche Einmütigkeit ihnen zum
3069 1733 3306 1813 zum Teil zu
1835 1792 3059 1850 fünfzigsten Geburtstage gedient hätte! Sie hätte uns ein paar
3068 1799 3302 1853 dringen de
1846 1827 3060 1881 schmähliche Briefe erspart, Schandmale der ganzen deutschen
3069 1839 3310 1896 Armeekorps#
1842 1884 2013 1944 Nation.
3078 1881 3293 1932 zurück. An
1901 1891 3067 1960 Dies ist ein Vorschlag, mit Absicht viel früher, fast ein ganzes
3075 1920 3298 1977 Woldegk in
1836 1958 3062 2003 Jahr früher gemacht, um reichlich Zeit zu geben, ihn zu verwirk¬
3084 1961 3304 2017 3. Gardein
1844 1999 3061 2058 lichen. Deutschland ist ja das Land der Organisationen! Unsere
3081 2000 3305 2063 Prenzlau un
1843 2033 3064 2080 Bühnen, unsere Bühnenleiter, unsere Schauspieler, unsere Dichter
3089 2047 3293 2096 armee ist g
1835 2064 3067 2127 haben alle Zeitschriften, ihre Rechte zu schützen, ihre Solidarität zu
3078 2079 3299 2140 bei Friedla
1845 2124 3069 2172 erhöhen. Könnten die nicht einmal auch statt bloß dem Geschäftlichen
3078 2126 3302 2186 korps bei 9
1847 2163 3064 2213 einem Moralischen dienen, und durch Aufruf und Einigung so eine
3077 2170 3306 2224 Nordarmee
1836 2197 3071 2257 gemeinsame Ehrung für den schaffen, der doch all ihren Werken erst
3121 2205 3305 2263 Für die
1841 2236 3070 2285 den lebendigen Atem schenkt! Oft wird geklagt, daß es den deutschen
3077 2243 3305 2318 zu erwarten
1845 2278 3068 2334 Dichtern an Interesse fehle für die lebendigen Verhältnisse des Reiches,
1850 2320 3076 2381 für Politik und die Probleme der Volkswirtschaft. Ich glaube, sie
1848 2359 3073 2412 sind nur verschreckt, weil sie fühlen, daß es ihnen an Autorität fehlt.
1844 2398 3071 2463 Gebt ihnen das, was Ibsen und Björnson in Norwegen hatten, Bictor
3124 2427 3292 2496 Tourif
1850 2433 3076 2501 Hugo in Frankreich, gebt ihnen in Deutschland diese allgemeine
3080 2478 3295 2537 schartet
1847 2485 3075 2538 Achtung, diese breite Volkstümlichkeit, erzwingt ihnen die Ehrfurcht
3085 2524 3302 2580 telegraphien
1893 2523 3072 2572 gebt dies den Hauptmann, Dehmel, Schnitzler (die jetzt die nächsten
3077 2565 3303 2618 erlitt eine
1841 2566 3071 2630 sind) als Gaben zu ihrem fünfzigsten Geburtstag und ich glaube, sie
3091 2607 3300 2676 nach Heilig
1845 2604 3024 2674 werden jetzt erst der Liebe ihrer Nation gewiß, sie tätig erwidern.
3142 2670 3308 2746 = Erb
1913 2669 3072 2751 □ Theaterchronik. Das Neue Schauspielhaus er¬
3088 2731 3303 2789 Gestern abe
1846 2733 3070 2795 öffnet am Freitag seine Winterspielzeit mit einer Neueinstudierung
1846 2775 3028 2819 von Grillparzers „Des Meires und der Liebe Wellen
3089 2770 3309 2829 Theater
1855 2786 3074 2854 in welcher, wie bereits gemeldet, Erika v. Wagner ihr hiesiges
3085 2811 3302 2874 ladenen Pu#
1849 2848 3073 2889 Engagement als Hero antreten wird. Die übrige Besetzung des
3088 2853 3300 2915 seiner intin
1848 2877 3073 2930 Werkes gestaltet sich wie folgt: Leander: Heinz Salfner, Oberpriester:
3082 2902 3296 2958 nicht sehr
1848 2917 3067 2980 Ludwig Hartau, Naukleros: Willy Löhr, Janthe: Edith Krohn, Tem¬
3078 2938 3310 2995 von Zuhör
1846 2951 3067 3007 pelhüter: Emil Lind, Vater: Viktor Hartberg, Mutter: Rosa Valetti.
3088 2984 3301 3037 Spitzen der
1851 2991 2640 3046 Die Inszenierung leitet Dr. Dahlberg.
3083 3020 3302 3084 des Theate
1905 3016 3071 3085 Die Eröffnungsvorstellung des Theaters in der
3081 3065 3307 3122 Krug“ und
1850 3073 3073 3131 Königgrätzer Straße ist mit Rücksicht darauf, daß der 1. Ok¬
3086 3098 3307 3153 Rostand in
1858 3111 3073 3168 tober auf einen Sonntag fällt, für Sonnabend, den 30. Sep¬
3082 3148 3308 3218 Beide Werl
1861 3145 3069 3206 tember, festgesetzt. Es gelangt zur Erstaufführung „Spielereien einer
1858 3186 3079 3247 Kaiserin“ von Max Dauthendey, mit Tilla Durieux in der
3142 3186 3307 3265 0 Der
1844 3226 2283 3283 weiblichen Hauptrolle.
3094 3245 3300 3304 ner Kor
1914 3239 3075 3328 Im Theater des Westens begeht „Die geschiedene
3077 3287 3304 3366 der Hofthe
1857 3306 2974 3376 Frau“ heute, Dienstag, das Jubiläum der 300. Aufführung.
