3296 4320
1520 146 1949 294 ALNC
1294 172 1441 289 72
2510 353 2747 426 Seite 311
372 367 522 442 Nr. 19
1260 353 1855 431 Dr. Blochs Wochenschrift
1559 461 2775 541 wäre. Die Juden wollen in voller Gleichheit mit den
339 466 1548 542 schlagfertig zu erhalten und mit den hiezu erforderlichen
1557 536 2773 579 anderen Bürgern dieses Staates bei den Wahlen in die
331 528 1532 577 Mitteln nicht zu kargen. (Lebhafter, anhaltender Beifall.)
1569 572 2771 633 öffentlichen Vertretungskörper mitwirken und sich nicht
426 575 1547 631 Im Namen der Revisoren erstattet Herr Josef
1570 614 2775 694 in eine eigene Kurie hineinpferchen lassen, welche ihnen
332 626 886 690 Fuchs den Kassabericht.
1569 676 2779 736 einen unsichtbaren gelben Fleck anheften würde. Es sei
421 686 1553 735 Der Präsident eröffnet die Diskussion und erteilt
1568 710 2776 784 aber auch nicht möglich, in der Bukowina eine jüdische
340 735 1547 791 zunächst Herrn Lucian Brunner das Wort. Herr
1567 764 2775 819 Kurie zu errichten und in Wien, Böhmen, Mähren und
335 777 1546 832 Brunner gibt dem Befremden darüber Ausdruck, daß
1573 825 2779 871 den Alpenländern eine solche zu vermeiden. Daß aber die
338 832 1554 886 die „Oesterreichisch=Israelitische Union“ sich in der letzten
1569 872 2787 928 jüdische Kurie für die innerösterreichischen Länder ein Ding
342 888 1543 931 Zeit auffallend von allgemeinen politischen Angelegen¬
1571 922 2780 977 der Unmöglichkeit sei und die Juden in eine ganz unhalt¬
334 923 1549 985 heiten zurückgezogen habe. Sie habe jetzt unmittelbar vor
1583 962 2737 1021 bare — sowohl politisch als wirtschaftlich und sozial —
341 964 1554 1024 den Gemeinderatswahlen keine Versammlung abgehalten
1573 1016 2771 1072 Lage brächte, bedarf keiner besonderen Begründung, nach¬
338 1019 1549 1079 und sie kümmere sich anscheinend auch nicht um die Kultus¬
1577 1055 2783 1124 dem Herr Brunner eine eigene jüdische Wahlkurie selbst
340 1069 1545 1120 wahlen. Redner führt einzelne politische Momente, insbe¬
1575 1116 2709 1172 für unpraktisch erklärt habe. (Lebhafter Beifall.)
339 1121 1554 1177 sondere die Stellungnahme zu dem Verlangen der Buko¬
1651 1167 2775 1235 Es sprechen hierauf die Herren Beer und Rotten¬
342 1165 1555 1227 winaer Judenschaft um Gewährung eines jüd. Katasters
1573 1219 2782 1267 berg, worauf die Debatte geschlossen wird. Die Ver¬
341 1224 1547 1281 an, bei denen der Vorstand der „Union“ selbständig vorge¬
1569 1257 2782 1327 sammlung erteilt zum Schlusse dem Vorstande das Abso¬
334 1269 1544 1332 gangen sei, ohne die Meinung der Mitgliederversamm¬
1573 1307 2791 1371 lutorium und spricht den Revisoren den Dank aus. In
335 1329 1556 1382 lung eingeholt zu haben. Ein jüdischer Kataster in der
1569 1357 2799 1413 den Vorstand werden per acclamationem einstimmig die
1301 1360 1558 1424 er selbst
342 1365 1263 1440 Bukowina mag praktisch sein oder nicht
1574 1404 2780 1478 Herren Dr. Jakob Ornstein, Gemeinderat Stadtbau¬
1241 1406 1557 1475 so müsse doch
338 1417 1164 1474 halte einen solchen für nicht praktisch
1576 1463 2783 1524 meister Edmund Melcher und Isidor Samuely wie¬
342 1470 1557 1519 den Mitgliedern Gelegenheit geboten werden, zu einer
1577 1503 2796 1566 der= und Herr Dr. Arthur Mahler neugewählt. Zu
346 1506 1559 1574 solch wichtigen Angelegenheit Stellung zu nehmen. Redner
1585 1555 2786 1626 Revisoren wurden die Herren Ig. Simon und Kultus¬
344 1570 1566 1626 spricht den Wunsch nach einer regeren politischen Tätigkeit
1589 1607 2226 1674 vorsteher S. Brod bestellt.
352 1627 1566 1677 und nach häufigerer Abhaltung von Versammlungen aus.
1657 1654 2790 1712 Nach Schluß der Generalversammlung hielt Herr Dr.
445 1661 1552 1720 Präsident Dr. Samuely erwidert dem Vorredner,
1587 1698 2802 1762 J. S. Bloch einen überaus interessanten, mit geoßem
344 1718 1559 1774 daß die Zeiten auch für die Judenschaft andere geworden
1579 1767 2793 1818 Beifalle aufgenommenen Vortrag unter dem Titel:
351 1771 1561 1823 seien und daß sich namentlich in Wien mehrere einander
1581 1802 2795 1874 „Reiseeindrücke aus Amerika“, welcher in der „Oester¬
349 1806 1554 1871 sehr heftig bekämpfende Parteien unter den Juden gebilde!
1575 1843 2722 1933 reichischen Wochenschrift“ bereits publiziert wurde.
348 1865 1562 1921 hätten. Gerade in jüngster Zeit sei es anläßlich eines
2764 1825 3215 1944 0 00- GIN
343 1915 1567 1970 Vortrages rein wissenschaftlicher Natur zu lärmenden
348 1961 1570 2023 Szenen sogar auf offener Straße gekommen, und die dies¬
345 2012 1570 2068 bezügliche Versammlung sei in sehr bedauerlicher Weise
1911 1989 2465 2091 Arthur Schnitzler.
351 2046 1570 2114 gestört worden. Sofort wurden diese Szenen von den
1919 2081 2453 2146 (Geboren am 15. Mai 1862.)
354 2103 1565 2164 antisemitischen Gegnern ausgenützt und in der christlich¬
1704 2147 2802 2209 Fünfzig Jahre! Fast wehmütig will es uns berühren,
348 2150 1575 2206 sozialen Wahlagitation spiele nun die Verleumdung, daß
1586 2192 2808 2243 daß der jugendliche Dichter der Wiener Jugend, dessen ersten
349 2198 1568 2266 bei jener Versammlung die christliche Bevölkerung be¬
1581 2244 2799 2302 Mißerfolg wir miterlebt und dessen ersten Triumph wir mit¬
352 2259 1564 2316 schimpft worden sei, eine große Rolle. Gerade im Hinblick
1582 2303 2811 2352 gefeiert, nun die Höhe des Lebens überschreitet, um einen
349 2316 1567 2359 auf die bevorstehenden Gemeinderatswahlen und zur Ver¬
1585 2350 2805 2407 hoffentlich langen und glücklichen Weg ins Alter zu gehen,
353 2353 1567 2413 meidung weiterer derartiger Angriffspunkte sei es ge¬
1590 2406 2815 2463 der ihm zugleich immer mehr ein Weg ins Große, Weite
350 2396 1566 2459 boten gewesen, spezifisch jüdische Versammlungen und
1591 2445 2048 2513 und Freie sein möge.
358 2453 1574 2506 insbesondere eine jüdische Wählerversammlung zu ver¬
1696 2474 2804 2547 Als vor einigen zwanzig Jahren Christine die Bretter
357 2498 1564 2556 meiden. Mit der fortwährenden akademischen Versiche¬
1586 2547 2811 2597 des Burgtheaters betrat und der Erfolg der „Liebelei“ in
363 2539 1577 2605 rung, daß man auch die gegenteilige Meinung achte, sei
1590 2587 2817 2651 wenigen Tagen in ganz Deutschland nachklang, da war es
358 2603 1567 2660 nicht gedient. Diese Toleranz müsse auch praktisch be¬
1590 2636 2811 2704 zum erstenmal seit Dezennien, daß wieder ein Angehöriger
367 2648 1572 2701 tätigt werden, und man dürfe nicht wieder zu solchen
1596 2686 2807 2750 der jüdischen Rasse von sich hätte sagen dürfen: „Ich bin ein
364 2703 1563 2755 Zuständen gelangen, wie vor Jahren, als in einer Ver¬
1598 2740 2808 2805 deutscher Dichter, bekannt im deutschen Land, nennt man die
357 2762 1575 2806 sammlung der „Union“ einem um das Judentum ver¬
1598 2801 2809 2852 besten Namen, wird auch der meine genannt“. Freilich, ver¬
352 2795 1578 2850 dienten Manne ein Bierkrügel an den Kopf geworfen
1601 2844 2816 2913 giftet waren diese Lieder damals noch nicht, und dies ist
358 2849 1078 2908 wurde. (Lebhafte Zustimmung.)
1602 2894 2810 2956 aus dem Milieu leicht erklärlich, aus dem Schnitzler hervor¬
1600 2939 2813 2995 ging. Wenn deutsche Literarhistoriker immer wieder hervor¬
363 2949 1576 3009 zu den Ausführungen des Herrn Brunner Stellung zu
1592 2992 2812 3054 heben, daß aus jeder Zeile der vom Indentum abgefallene
358 3007 1583 3064 nehmen, weil gerade er als langjähriger Vorsitzender
1595 3034 2816 3093 Heine und Börne, die im Ghetto verbrachte Jugend durch¬
357 3047 1567 3103 der Versammlungen und als Vizepräsident ein Verant¬
1609 3092 2811 3150 schimmert, wenn das Germanentum diese zwei großen Geister
355 3093 1582 3146 wortlichkeitsgefühl gegenüber den von Herrn Brunner
1606 3132 2809 3189 als Fremdlinge empfindet und sich mit Leben und Tod
365 3147 1579 3201 behaupteten angeblichen Versäumnissen des Vereines in
1598 3198 2814 3252 gegen sie wehrt, so ist dies nicht mit Schnitzler der Fall,
367 3190 1580 3256 sich trage. Herr Brunner habe behauptet, es sei gleich¬
1604 3241 2812 3295 der so unerschütterlich treu zum Judentum hält und gehalten
363 3246 1582 3308 gültig, ob die von den Jüdisch=Nationalen verlangte
1599 3291 2818 3353 hat, selbst als die Versuchung zum Uebertritt in der Gestalt
371 3289 1578 3353 jüdische Kurie in Mähren und in der Bukowina praktisch
1602 3326 2812 3388 einer tiefen und tragischen Leidenschaft an den Dichter herau¬
374 3333 1583 3393 sei oder nicht, man müsse unter allen Umständen für die
1609 3374 2819 3445 trat. Blieb uns von ihm nichts als seine Werke, so könnte
374 3393 1583 3447 selbe eintreten. In solcher Weise dürfe man doch nicht
1599 3425 2816 3486 die feinste Spürnase eines Literarhistorikers aus der natio¬
374 3440 1578 3497 Politik machen. Wenn man eine Sache für praktisch
1603 3485 2815 3537 nalistischen Schererschule auch aus keiner Zeile herausfühlen,
373 3499 1583 3553 undurchführbar erkenne, dann müsse man dieser Er¬
1606 3523 2825 3592 daß hier nicht ein Vollblutwiener geschrieben, und hievon
374 3545 1583 3604 kenntnis auch offen und männlich Ausdruck geben und sich
1603 3582 2822 3638 nehmen wir selbst das Werk, und das erst recht nicht aus,
368 3595 1577 3651 nicht von irgend einer Volksströmung daran hindern
1599 3620 2822 3687 das als sein einziges das jüdische Problem behandelt und
367 3637 1588 3699 lassen. Der Vorstand der „Union“ habe dies getan in
1596 3670 2814 3733 Juden auf die Szene bringt. Der Dichter, dessen Werke auf
378 3692 1576 3748 dem Bewußtsein, daß seine Anschauungen von der un¬
1605 3724 2810 3798 zwei Hemisphären gespielt werden, und der nicht etwa sym¬
375 3736 1581 3791 geheuren Mehrheit der Mitglieder geteilt werde. Die
1606 3767 2816 3830 bolisch, sondern in Wirklichkeit von russischen Schauspielern
380 3784 1587 3846 österreichische Judenschaft wolle tatsächlich eine jüdische
1603 3821 2819 3882 auf russischen Bühnen auf den Händen im Triumph herum¬
377 3835 1587 3892 Kurie nicht, weil eine solche gegenüber der gesetzlichen
1603 3866 2822 3934 getragen wurde, wäre kein Vollblutösterreicher, wenn er nicht
376 3890 1587 3943 Emanzipation einen Rückschritt bedeuten würde, weil sie
1605 3925 2827 3991 nirgends so wenig anerkannt wäre, als in Wien, namentlich
377 3940 1593 4007 eine Negierung der verfassungsmäßigen Gleichberechtigung
