3344 4352
1028 245 1484 334 box 39/1
173 266 879 361 SethBirthday
448 1032 1079 1131 Klose & Sei
395 1120 1126 1197 = Bureau für Zeitungsaussc.
362 1194 1162 1254 Berlin NO.43, Georgenkirchpla
454 1292 1231 1364 (Liest die meisten Zeitungen und ist das
443 1352 1235 1416 bestorganisierte Bureau Deutschlands.)
313 1458 1240 1531 Zeitung: Frankfurter Zeitung
309 1560 455 1630 Ort:
743 1564 1267 1641 Frankfurt a. M.
315 1672 647 1751 Datum:
205 1744 1343 1849 —& [Wiener Brief.] Man schreibt uns vom 17. os. aus
218 1826 1351 1872 Wien: Presse und Bühne haben Arthur Schnitzlers
216 1856 1358 1918 50. Geburtstag nicht vorübergehen lassen, öhne den unange¬
211 1904 1346 1983 ochtensten der Jung=Wiener Antoren festlich zu grüßen; er
228 1920 1345 1990 elbst ist dem Tage geschmackvoll ausgewichen. In der Tat,
284 1981 1350 2033 Jahre sind kein Alter, das schon zur abschließenden Rück¬
230 2011 1352 2072 has Inlaß gäbe, noch weniger aber eines, dessen man sich
224 2056 1350 2108 esondirs zu freuen hätte; man kommt in die „besten Jahre“,
234 2090 1351 2157 ie nichtmehr die guten sind. Die Feuilletonisten haben denn
225 2140 1352 2186 uuch nur die Gelegenheit benützt, ihr eigenes Urteil über
223 2170 1363 2238 Schnitzler, wie man sagt, zu revidieren, was noch nicht gleich¬
224 2211 1365 2277 bedeutend zu sein braucht mit korxigieren. Da ist denn
228 2246 1363 2310 höchstens ein kleiner Irrtum berichtigt worden. Bei seinem
223 2303 1360 2347 ersten Auftreten wurde Angtol nicht von der ästhetischen,
217 2327 1356 2385 wohl aber von der moralischen Seite angefochten; man fand
219 2364 1360 2425 seinen Lebenswandel, wie seine süßen Mädel vom Stand¬
225 2407 1358 2467 punkt der bürgerlich guten Sitte aus anstößig. Unterdes hat
223 2439 1366 2511 man allgemein eingesehen, daß der Dichter nicht für die
228 2491 1352 2540 moralische Lebensführung seiner Gestalten verantwortlich ist,
219 2539 1368 2574 so wenig wie der Naturforscher für den Charakter der Bestien,
231 2574 1364 2623 die er schildert. Daß Schnitzler selbst ein sehr ernster, gar
226 2599 1362 2654 nicht leichtsinniger, auch nicht mit dem Einschlag Wienerischer
223 2641 1367 2690 Melancholie frivoler Mensch ist, weiß man seitdem allgemein.
221 2679 1363 2732 Ein einziger Einwand gegen seine dichterische Welt ist
1224 2713 1367 2769 seiner
971 2714 1190 2774 hat mit
882 2723 961 2770 er
223 2718 842 2785 aber unwiderlegt geblieben:
227 2745 1366 2811 immerhin schmeichelhaften Schilderung einer ganz wert¬
1260 2795 1370 2844 das
238 2790 1255 2855 losen, nichtigen Schicht unserer Großstadtjugend
225 2825 1371 2901 öffentliche Interesse zugewandt in einer Zeit, da die Elite der
239 2873 1364 2929 wirklichen Zeitgenossen von sozialem Fanatismus erglühte und
239 2929 1373 2971 sich in Reih und Glied zu stellen suchte gegen die unge¬
238 2944 1373 3005 brochenen Gewalten des alten und neuen Feudalismus, der
223 2997 1387 3036 militaristisch=industriellen, wie der geistlich=kirchlichen Autori¬
220 3069 1364 3121 tätsherrschaft. Was scherte die Welt die kleinen erotischen
219 3117 1351 3158 Leiden der Wiener Cottagejünglinge und unverstandener Cot¬
237 3154 1354 3199 agedamen? Schnitzler denkt übrigens kaum anders über den
223 3195 1362 3243 Wert dieser Gesellschaft; nur ist er als Dichter objektiver und
223 3216 1352 3277 duldsamer. Aber ich wünschte nun endlich — und das ist mein
219 3258 1350 3311 Geburtstagswunsch für ihn —, daß er außer dem Lustspiel,
227 3295 1359 3353 das zu schreiben er wie wenige berufen ist, uns auch den
226 3333 1354 3392 Wiener Roman schenke, der noch immer nicht geschrieben
223 3371 1365 3428 ist; nicht den Wienerischen, sondern den Wiener Roman, wie
222 3428 1363 3471 Balzac uns den Pariser gegeben hat. Den Roman unserer
223 3463 1355 3518 streberischen Politiker, unserer aalglatten Bureaukraten, un¬
225 3486 1353 3552 serer exklusiven Aristokratie bis hinauf zu den höchsten Spitzen,
229 3522 1364 3593 unserer Advokaten, Aerzte, Künstler, Literaten und aller dazu
223 3563 1360 3626 gehörigen Damen. Die Typen dafür sind mit Händen zu grei¬
231 3598 1359 3675 fen und auch diesen Basilisken kann man nur töten, wenn
234 3639 1360 3702 man ihn in einen Spiegel schauen läßt. Der „Weg ins
223 3675 1355 3749 Freie“ war schon ein Anfang, und Schnitzler ist
226 3736 1403 3799 jetzt auf der Höhe seiner künstlerischen Kraft.1
1991 307 2811 407 3. siote aus Mistelbach
1891 476 2557 572 Zu unseren Bildern.
1983 598 2535 675 Arthur-Schnitzler.
1741 670 2689 734 der bekannte österreichische (Dichter vollendete
1744 723 2699 781 am 15. Mai sein 50 Lebensjahr. Schnitzler
1743 768 2703 815 ist ein geborener Wiener, der Sohn eines
1748 814 2691 863 berühmten Arztes. Er selbst studierte eben¬
1748 863 2692 917 falls Medizin und swar einige Jahre lang
1751 910 2706 968 praktischer Arzt. Aber schon im Jahre 1893
1757 1007 2699 1055 Szenen des „Anatol“=Zyklus bekannt. Es
1750 1064 2707 1118 folgte seine Erzählung „Sterben“ das Drama
1754 1110 2703 1164 „Liebelei“, das über alle deutschen Bühnen
1746 1154 2703 1204 gegangen ist, und eine Anzahl anderer er¬
1745 1207 2697 1259 zählender undd ramatischer Werke. Besonderes
1757 1243 2717 1306 Aufsehen erregte die Novelle „Leutnant
1758 1295 2707 1352 Gustl“, die dem Dichter sein Portepee als
1757 1339 2704 1405 Militärarzt der Reserve fostete. Seine neueren
1758 1391 2711 1439 Werke, so die Schauspiele „Der Ruf des
1758 1430 2714 1499 Lebens“ „Das weite Land, „Der junge
1749 1496 2711 1538 Medardus“, der Roman „Der Weg ins
1753 1514 2711 1598 Freie", sind Repertoirstücke des Hofburg¬
1756 1574 2172 1646 theaters in Wien.
2576 1592 2685 1728 —
2177 1980 2306 2063 20
1987 2510 2091 2595 ∆
2089 2661 2485 2727 Artur Schnitzler,
1985 2693 2599 2761 berühmter österreichischer Dichter.
1830 2721 2760 2840 Zur Vollendung seines 50. Lebens¬
2190 2786 2408 2848 jahres.
2078 3004 2503 3074 (Guellenangabe chee Gewans.
2153 3017 2682 3116 Neue Freie Presse, Wien
1751 3058 2124 3146 Ausschnitt aus:
2153 3109 2196 3183 3
1952 3125 2239 3215 1.9311
1908 3191 2930 3304 Aus Berlin wird uns gemeldet: Anure Aulie
1751 3246 2924 3377 [Wers 50. Geburkstag wurde am 15.d., wie berents berichtet,
1777 3288 2939 3405 von zwei Berliner Theatern gefeiert. Im Neuen Volkstheater
1776 3346 2924 3432 wurden „Liebelei" und der Einakter „Literatur", im Char¬
1781 3374 2913 3478 lottenburger Schiller=Theater die drei Einakter „Paracelsus“
1788 3405 2937 3527 „Die Gefährtin" und „Der grüne Kakadu“ aufgeführt. In
1789 3467 2951 3563 beiden Theatern hatte sich ein zahlreiches Publikum ver¬
1792 3492 2929 3603 sammelt, das seinen Sympathien für den Wiener Dichter zuub
1798 3561 2755 3663 seine Werke durch lebhaften Beifall Ausdruck gab..
2052 3634 2695 3734 Ten Rase Wuut uiac..
