3392 4320
210 108 1664 230 1. 50thBirthdag box 39/1
661 1267 3237 1413 andere herausgreifen und wird auf jeder Seite für sein seinen Figuren nur eine Variante des melancholischen Lebejünglings
675 1339 3224 1444 inneres Bekenntnis einen Anhaltspunkt finden und den Sinn, und des hingebungsvollen Mädchens aus der Vorstadt. Aber
173 1366 452 1472 ton.
852 1384 3229 1481 dem Leben unterschiebt, aus einem Satz heraus= was ursprünglich nur wie eine Verkleinerung seines dichterischen
665 1430 877 1514 den er
1423 1439 3218 1516 aber zugleich unfrei. Vermögens aussah, ist mittlerweile eine große Wahrheit geworden.
860 1469 1421 1531 Er ist ein Bejaher,
682 1477 853 1548 holen.
1939 1484 3228 1566 Freilich in anderem Sinne. Er schreibt auch heute noch seine
1411 1494 1956 1580 an den Menschen hat
678 1511 1430 1598 Einer, der den großen Glauben
167 1496 438 1629 Fhler.
1938 1530 3234 1614 Anatols, aber sie sind inzwischen älter geworden; sie kamen
671 1553 1944 1649 und dabei ein Zweifler bleibt. Man lese einmal jene
1922 1576 3233 1674 allmählich auch in die Fünfzig. Sie sehen dem Anatol
883 1598 1946 1688 in dem Roman „Der Weg ins Freie“
665 1616 850 1696 Stelle
840 1626 3236 1722 wo er zu der Formel gelangt: „Jeder muß von früher auch nur gerade soweit ähnlich wie ein Jugend¬
170 1644 340 1736 bson.
667 1669 862 1738 nach,
694 1674 3230 1781 selber zusehen, wie er herausfindet aus seinem Aerger, aus seiner porträt gegen eine Photographie von heute gehalten. Man ent¬
179 1709 706 1798 Fünfzigern. Es ist ein
1937 1725 3241 1810 deckt noch bestimmte Züge, die sich gleich geblieben sind, dennoch
695 1752 1949 1823 Verzweiflung, oder aus seinem Ekel, irgendwohin, wo er wieder
224 1766 704 1844 Hauptmann, Dehmel,
174 1820 3226 1891 ge liegen nicht weit von frei aufatmen kann. Solche Wanderungen ins Freie lassen sich ist es ein anderer Mensch. Auch das süße Mädel kehrt wieder.
167 1860 3224 1921 lang den Zusammenhängen nicht gemeinsam unternehmen, denn die Straßen laufen ja Anatol liebt aber jetzt schon lange nicht mehr in der Vorstadt,
177 1921 3233 1982 Emmersons zuneigen, daß nicht im Lande draußen, sondern in uns selbst. Es kommt nur sondern nur noch im Salon. Christine und Mizzi sind inzwischen
162 1967 3234 2032 nheit sich immer in be für jeden darauf an, seinen inneren Weg zu finden. Dazu ist mondaine Damen geworden, und ihre Verwandtschaft mit den
238 1968 3238 2072 die dann mit einem es notwendig, möglichst klar in sich zu sehen, den Mut seiner süßen Mädeln ist erst bei schärferem Hinsehen zu erkennen.
166 2059 3241 2127 en. Das gilt auch von der eigenen Natur zu haben, sich nicht beirren zu lassen.“ Und Schnitzler ist in die Gesellschaftssphäre geraten, wo man es aus¬
1953 2068 3242 2142 schließlich mit intelligenten gutangezogenen Menschen zu tun hat.
1219 2075 1963 2168 in das Wort „Unbeirrtheit“ hinein.
168 2099 1243 2174 tzt um Artur Schnitzler, der Schnitzler preßt dies alles
192 2120 3244 2218 erreicht hat. Nichts scheint Unbeirrtheit müßte das tägliche Gebet jedes Menschen sein. Wenn er sie einmal ins Kostüm steckt, in die Renaissance versetzt.
165 2171 3240 2295 der Umstand, daß sie noch Schnitzlers dichterisches Schaffen geht nun diesen einsamen Weg oder sonst in eine Zeit der Vergangenheit weist, bleiben es doch
713 2209 2482 2312 im Kreise. Immer wieder weist man darauf hin, daß er eigentlich Wiener und Wienerinnen.
187 2240 721 2312 kein überholter Literatur¬
2056 2254 3238 2337 Die Begriffe „Seele" „Liebe", „Sterben“ gehören zum
705 2286 1975 2361 Arzt sei. Für banale Gleichnisse ist es sicht unwichtig: # be¬
172 2302 718 2370 ie Gegenwart, Ausdruck der
167 2352 3250 2421 d das Morgen. Jeder in horcht und beklopft vie Menschen, hört ihnen den Herzschlag ab, Hauptinventer von Schnitzlers Schaffen. Es gibt welche, die
1959 2353 3237 2431 darüber lächeln. Nun ja: die Seele ist ein weites Land; die Liebe
169 2362 1972 2470 ient: d#r herbe Naturalist, prüft ihr Blut und ihr feelisches Befinden. Aber in jedem
175 2402 3241 2523 ornige Agitator und der wirklichen Dichter steckt auch etwas von einem guten Arzt, der höret nimmer auf; sterben müssen wir alle. In diesen Begriffen
710 2434 3244 2550 ein guter Monsch sein muß. Es ist bei Schnitzler schon ein erschöpft sich schließlich alle Dichtkunst. Nur daß sie keiner
2102 2504 3241 2577 gedankenreicher und anmutiger Form abwandelt, wie
164 2518 1973 2626 rtur Schnitzler die Geburts- bißchen Koketrerie geworden, daß er in seinen Stücken und No¬
189 2564 3252 2660 ihm. Dort, wo er selber manen immer einen solchen Arzt vorführt, der eine Art Selbstporträt gibt. Schnitzler. Jede Seele ist ihm ein neues Erlebnis, jede
168 2590 3251 2710 Ein Ton ganz fremd. Es ist, Güte hat Schnitzler in unendlichem Maße. Sie leuchtet ihm von Liebe eine neue Offenbarung, jedes Sterben ein neues
180 2644 3243 2770 frecken, auf die Zehenspitzen der Stirn, leuchtet aus seien Augen, quillt ihm aus dem Schicksal. Seine Erkenntnisse weisen ihn eigentlich auf die Epik.
178 2708 3245 2812 #utun. Ihm fehlt die große Herzen in die Feder. E## mitleidig, und wenn er der Narrheit Aber es ist merkwürdig, wie sehr er auf dem Theater
178 2781 3245 2866 ebens. Sein Weg führt ihn begegnet, lacht er nicht derb und laut, sondern lächelt nur nach= seine Menschen meist ebenso scharf umrissen hinstellt wie im Roman
179 2769 3264 2900 Leidenden zu Sterbenden“. sichtig. Irgend einmal hat er auch das Wort von der und in der Novelle. Aber Spiel und Wirklichkeit scheinen ihm:
1965 2829 3261 2919 zwei Dinge, die ineinanderfließen. Eine Sammlung von Einaktern
176 2861 1975 2965 eines Schaffens. Im Bücher= Sentimentalität gesprochen, die nichts anderes sei als ein unter
181 2884 3234 3007 izig Bände, die den Namen dem Einkaufspreis erstandenes Gefühl. Das Wort gehört hieher, trägt den Merkspruch: „Wir spielen immer; wer es weiß, ist klug.“
193 2950 3244 3052 e große Lebensarbeit und weil es den Unterschied zwischen wahrem Gemüt und der Weiner= Schnitzler glaubt an einen Weltgeist, der das Geschick der Menschen
1964 2978 3238 3063 bestimmt, mit den Menschen spielt. Als Dichter glaubte er nun,
190 3031 1030 3109 hätte er erst einen Teil lichkeit festhält.
827 3064 3250 3142 Anatol und das süße Mädel haben Schnitzler verfolgt. gleichfalls mit den Menschen spielen zu sollen. So setzt er sie
194 3079 744 3174 er fühlt. Jedes seiner Bücher
255 3066 3275 3223 wähllos das eine oder Man glaubte ihm lange nichts anderes mehr. Man sah in allen in wunderliche Beziehungen zu einander, schiebt sie wie der
