3344 4352
1139 211 1593 314 box 39/1
151 230 1010 333 1. 50th Birthdar
586 783 1215 889 Klose & Seidel
484 883 1422 955 Bureau für Zeitungeaussehnitte.
419 944 1349 1023 Berlin NO. 43, Georgenkirchplatz 21!
493 1047 1283 1127 (Liest die meisten Zeitungen und ist das
504 1113 1289 1176 besterganisierteste Bureau Deutschlands.)
847 1218 1301 1339 Taseblaft
256 1261 557 1347 Zeitung:—
811 1360 1245 1440 Mahnheim
262 1366 536 1454 Or: 4—
278 1475 523 1557 Datum: —
1027 1487 1230 1580 —
1416 1696 2474 1767 gendphilister das Drama Das Vermachenes
2561 1702 3266 1772 erlich drei Püppenspier=Ernarrek,
611 1712 1118 1786 Artur Schnitzler.
1420 1754 2469 1797 und drei Einakter, von denen die starke Revolutions¬
2483 1750 3292 1808 die nun folgen, und der Novellenzyklus
378 1780 1329 1843 Zum 50. Geburtstage am 15. Mai.
1421 1790 2470 1835 szene Der grüne Kakadu am berühmtesten ge¬
2488 1797 3286 1838 seelen gehören innerlich zusammen:
1422 1831 2477 1880 worden ist, während die unendliche seelische Armut
2488 1837 3302 1886 der Dichter ganz ins Uebersinnliche, Un
380 1839 1390 1895 (Der nun die volle Höhe des Lebens ersteigt, ist
1412 1865 2475 1910 des ersten Stückes: Paracelsus, nur wenigen Er¬
2480 1875 3288 1931 wie er es schon einmal im Paracelsus
375 1873 1406 1943 er größte Dichter, den Oesterreich seit Grillparzer
1419 1909 2472 1963 wählten etwas zu sagen hatte. Feine Novellen ran¬
2552 1915 3302 1971 Nun kommt der einzige große R
319 1915 602 1982 besessen hat.
1411 1945 2477 2000 ken sich dazwischen: die ergreifende Studie Ster¬
2481 1945 3284 2002 Schnitzler geschrieben hat, Der Wegi
416 1936 1397 2005 Oesterreich! Es gibt aber viele, die meinen:
1411 1975 2476 2040 ben, die zarten Arbeiten, die unter dem Titel Die
2492 1992 3298 2045 ein überreiches Werk, in dem Menschen
324 1996 1397 2045 Deutschland, die Welt, besitzen heute keinen edleren.
1418 2021 2473 2063 Fraudes Weisen gesammelt worden sind — für
2480 2026 3300 2077 Gedanken so dicht gedrängt stehen, daß
329 2036 1397 2089 Doch soll diese Meinung keinem aufgedrängt werden.
1417 2060 2469 2107 viele das Schönste, was Schnitzler geschrieben hat.
2493 2062 3302 2117 fast die Luft wegnehmen. Zum erstenma
327 2082 1406 2124 Es gibt vielleicht Stärkere, Herbere, Brutalere, als
1415 2096 2478 2151 Es folgen die scharf gewürzten, aus früherer Zeit
2485 2092 3301 2153 Jude Schnitzler von den Juden sprechen
324 2107 1405 2162 diesen, in dem sich österreichisches und jüdisches Blut
1417 2130 2475 2186 stammenden, zunächst nur für einen engen Freun¬
2489 2144 3295 2199 von den Juden der Wiener Gesellschaft,
321 2146 1400 2210 zur feinsten Mischung vereint hat; kaum aber einen
1420 2176 2470 2233 deskreis bestimmten Dialoge: Reigen. Mit dem
2485 2184 3302 2238 er groß geworden ist. In allen seinen
314 2183 1404 2225 Zarteren, einen Musikalischeren im seelischen Sinn.
1406 2207 2063 2254 Schleier der Beatrice,
2052 2207 2471 2265 einem Renaissance¬
2488 2217 3302 2268 dramen zwar hatte er sie geschildert, aber
328 2226 1396 2274 Kaum einer kennt die Psyche des Menschen besser als
1416 2249 2471 2292 drama, hat Schnitzler zum erstenmal das Gebiet der
2487 2258 3298 2305 mal sprach er es aus, daß es Juden war
322 2264 1398 2314 er. Wie alles Seelische aus allem Körperlichen
1416 2289 2461 2339 großen Tragödie betreten. „Treulos wie die Welle“
2490 2299 3304 2347 sie zu der Kultur ihrer Zeit standen. W
318 2302 1396 2350 kommt und ins Körperliche zurückkehrt, weiß keiner
1413 2321 2479 2366 konnte er, mit Shakespeare, unter das Bildnis seiner
2489 2335 3316 2393 späten Zeiten einmal etwas über die vor#
325 2342 1396 2388 besser als er, der Arzt. Draußen im Reich achtet,
1412 2364 2467 2412 Heldin schreiben. Abermals Einakter: Lebendige
2491 2375 3298 2423 ner jüdische Gesellschaft wird erfahren wi
331 2379 1396 2424 schätzt, bewundert man ihn. Wie sehr man ihn auch
1407 2403 2473 2446 Stunden, ein paar Novellen: Die griechische
2492 2411 3297 2460 ist sie mit Flaubertscher Eindringlichkeit
322 2422 1398 2483 lieben muß, weiß wohl nur der am besten, der Blut
1413 2442 2476 2488 Tänzerin, ein unendlich zarter, kleiner Frauen¬
2480 2447 3313 2505 Kein „Wiener“ Roman — nur ein kleine
315 2456 808 2498 von seinem Blute ist.
1421 2483 2478 2533 roman aus der österreichischen Provinz: Frau
2488 2491 3214 2549 Wiens, doch vollendet in seiner Art.
416 2477 1405 2548 Die Liebelei ist sein populärstes Werk gewor¬
1418 2518 2478 2572 Berta Garlan. Und nun sammelt er sich zu
2567 2521 3281 2579 Schnitzlers Begabung geht nicht in
317 2530 1399 2589 den; über alle Bühnen ist es gegangen, sogar ver¬
1416 2557 2471 2616 dem Werke, das mir sein tiesstes und edelstes scheint,
2492 2558 3298 2616 sondern in die Tiefe. Was sein Geist erf
335 2567 1395 2625 opert hat man es neuerdings. (Nebenbei bemerkt,
1418 2601 2467 2640 gleichviel, ob man es liest oder von der Bühne her¬
2481 2604 3295 2652 läßt er nicht mehr los. Und doch ist sein
326 2600 1397 2658 sind noch zwei Werke Schnitzlers musikalisch bearbei¬
1408 2633 2468 2687 unter (mit Albert Bassermann in der Hauptrolle)
2490 2640 3306 2687 bei aller Schärfe gütig, seine leise, iro
349 2650 1409 2687 zet worden: Der tapfere Kassian durch Oskar Straus,
1408 2674 2468 2721 auf sich wirken läßt: Der einsame Weg, die
2495 2682 3309 2737 mütig=schmerzliche Art steht über den D
334 2684 1405 2744 Der Schleier der Pierrette, der Grundentwurf zum
1415 2710 2473 2773 Tragödie der stolz alternden Egoisten, auf die sich
2493 2720 3297 2776 er will auch, daß man sich liebevoll in sein
335 2721 1401 2774 Schleier der Beatrice durch Ernst v. Dohnänyi.) Un¬
1409 2744 2477 2808 die einst freigewählte Einsamkeit als schwerste
2493 2760 3296 2809 senke, und darum haben manche seiner
319 2760 1406 2816 beschreiblich war die Wirkung, die von diesem zar¬
1404 2777 1683 2842 Bürde legt.
2487 2794 3306 2855 beiten im Rampenlicht nicht das Glück
322 2796 1398 2851 ten, frischen, warmen Stück ausging, als Max Burck¬
2493 2827 3301 2891 sie verdient hätten. Es ist unmöglich, alle
317 2829 1401 2882 hardt es — als unerhörtes Wagnis — auf die Bühne
2497 2875 3303 2920 sein Lebenswerk zu sagen wäre, in de
327 2880 1403 2923 des Burgtheaters brachte, zum Entsetzen aller Stifts¬
1473 2871 2472 2934 Das ergreifende Ehedrama Zwischenspiel
2491 2909 3305 2972 eines kurzen Zeitungsartikels zusammen
316 2915 1406 2960 damen. Wie blaß ist Halbes Jugend geworden, die
1410 2904 2483 2958 ist dem neuesten Stück Schnitzlers, Das weite!
2480 2948 3307 3010 unmöglich und vermessen. Manche Saat,
321 2956 1405 3004 zur selben Zeit eiwa beinbelt wurde! Aber die Lie¬
1395 2952 2469 3002 Land, durchaus verwandt: hier wie dort ein Ehe¬
2495 2988 3240 3033 hat, ist noch gar nicht alfgegangen.
320 2991 1398 3043 belei blieb frisch, weil ihr Dichter sich nicht in ihr
1405 2996 2468 3047 paar in den schwersten Kämpfen innerer Trennung,
2498 3030 3304 3070 schönsten Werke sind allzu wenig gewürd
327 3030 1398 3080 erschöpft hatte, weil noch viel Schöneres und Kraft¬
1410 3037 2468 3092 inneren Sichfindens und Auseinandergehens. Im
2481 3070 3302 3111 sten von geringeren, die leichter zum gro
326 3060 1405 3113 volleres nachkam. An ihr hatte sich die dichterische
1413 3073 2479 3121 Grunde ist es nur der Mann, dessen Seele so weit
2480 3105 3291 3150 kum sprechen. Er steht auf der vollen
327 3105 1395 3163 Macht ihres Schöpfers nicht zu Tode geblutet, son¬
1421 3113 2470 3165 ist, daß die Liebe zu einer Frau allein sie nicht er¬
2487 3142 3309 3192 Kraft und hat uns noch seine ganze ger
314 3158 1192 3196 dern erst neue Kräfte durch sie gewonnen.
1410 3153 2467 3208 füllen kann: die Frau wird durch seine Haltung in
2490 3186 3296 3225 heit zu geben. Darum soll man ihm an
406 3184 1400 3234 Schnitzler ist übrigens schon vorher einmal
1408 3194 2471 3246 den Ehebruch hineingetrieben, und nun erst gehen die
2481 3222 3305 3269 nicht danken, denn die besten Gaben ko
325 3211 1401 3279 „durchgefallen“. Sein Märchen, das Drama einer
1414 3228 2477 3272 beiden einander völlig verloren, die sich im Grunde
2483 3266 3305 3310 leicht noch. Aber man darf ihm zu sein
320 3260 1409 3309 Gefallenen, über deren Schicksal kein Mann hinweg
1412 3266 2480 3324 lieben. Das ältere Stück will mir als das stärkere
2488 3297 3310 3361 sten Geburtstage wohl sagen, wie sehr mna
327 3299 1395 3353 kommt, um das Hebbelsche Wort zu gebrauchen, hatte
1407 3301 2470 3358 scheinen, die Menschen leben und weben in einer in¬
323 3333 1400 3391 das Entsetzen aller Wohlmeinenden erregt, nicht
1408 3341 2477 3402 teressanteren Atmosphäre als in dem späteren
315 3374 1402 3423 minder als der reizende Zyklus Anatol, der da¬
1407 3378 2472 3436 Drama, das in viel flacheren Gesellschaftskreisen
324 3415 1390 3470 mals nur als Buch lebte — denn kein Theaterdirek¬
2759 3395 3261 3477 Das süße Mädel.
1417 3419 2482 3482 spielt. Der Rusdes Lebens, der auf das Zwi¬
330 3450 1395 3490 tor hätte gewagt, ihn zu spielen. Es folgten Frei¬
1409 3458 2477 3503 schenspiel folgt, hat eine gleiche Zeitatmosphäre wie
2552 3447 3313 3518 Es stammt vom Gretchen ab, wenn
322 3490 1398 3546 wild, ein Drama, das sich mit der Stellung des
1422 3495 2469 3556 später das historische Drama Derjunge Medar¬
2481 3496 3310 3549 Züge auf eine nahe Verwandtschaft mit
322 3526 1390 3567 Offiziers zum Duell beschäftigt, eine Frage, die spä¬
1378 3537 2478 3590 ]dus. Das Säbelgerassel der Freiheitsbelden ist die
2487 3541 3306 3594 chen und auch mit der Luise Millerin
323 3555 1391 3616 ter in der Novelle Leutnant Gustl wiederkehrt,
1411 3575 2477 3635 Begleitmusik beider Stücke. Wieder scheint mir das
2481 3582 3303 3625 Aber für Wien ist der Typus von Artug
320 3606 1391 3654 wie man denn die Beobachtung machen kann, daß
1405 3602 2479 3668 ältere, der Ruf des Leben, das bedeutendere zu sein.
2476 3614 3297 3672 ler ein für allemal festgelegt worden.
311 3647 1402 3684 viele der Schnitzlerschen Werke paarweise zusammen¬
1408 3649 2474 3710 Bei der Berliner Uraufführung hat man aber das
2484 3650 3311 3706 Tagen, da er seinen fünfzigsten Geburt
323 3676 1396 3727 gehören. Nebenbei bemerkt, hat diese letztere, an¬
1412 3689 2478 3741 Seltsam=Romantische, Hoffmannesk=Spukhafte des¬
2484 3689 3311 3748 mag es am Platze sein, einiges über seine
320 3720 2466 3774 geblich antimilitärische Novelle schuld gehabt, daß selben so wenig verstanden, daß es zu einem argen
2490 3727 3309 3777 Figur, über das Wiener süße Mädel zu
314 3746 1409 3809 Schnitzler jahrelang vom Hofburgtheater boykottiert:
1406 3766 3304 3809 Theaterskandal kam. Viel später erst gelang es einer ! Anatol, jener Sammlung lebensprühende
314 3795 2267 3862 wurde. Es folgt als grimmiger Hohn auf die Tu= Wiener Aufführung, es zu rehabilitieren.
2481 3808 3307 3874 die 1893 erschien und deren einige in das
3066 4105 3224 4167 Mr#
