3392 4352
1169 183 1619 279 box 3971
170 205 1031 304 1. S0thBirthday
1663 1348 2878 1427 Seiten hin offen, ein bestrickender Charme der Persönlich¬
1668 1400 2747 1447 keit schaffte ihm, wo immer er auftrat, Freunde.
1659 1439 2879 1499 wurde, wie sein Vater, Arzt, und der Beruf, der ihn mit
1662 1479 2870 1543 den Leiden der Menschheit in so nahe Berührung brachte,
1668 1523 2873 1562 vertiefte seine Kunst in wunderbarer Weise. Er mußte
1668 1558 2882 1612 so oft die Nichtigkeiten des Lebens erkennen, und gelangte
1667 1597 2881 1642 früh zu dem großen Verstehen alles Menschlichen. Das ist
1660 1638 2877 1694 das Wunderbarste an seinen Dichtungen, daß man in allen
1663 1678 2880 1732 leidenschaftlichen und tragischen Momenten die ernsten,
1668 1715 2882 1767 gütigen Augen eines verstehenden Menschen zu erblicken
1667 1762 2878 1810 glaubt. Er spielt wohl gelegentlich mit den Dingen und
1664 1792 2878 1855 gleitet darüber hinweg, aber man fühlt doch immer wie¬
1664 1830 2878 1893 der, wie sehr sie ihm im letzten Sinne ans Herz gewachsen
1663 1871 2889 1922 sind. Zu den Großen und Starken zählt er wohl nicht,
1668 1907 2882 1961 aber er bemüht sich immer, er selbst zu sein, und das ist
1672 1953 2874 2010 schon etwas Großes. In der Welt des Genusses, die er
1665 1986 2882 2049 ja auch zu schildern liebt, findet er nur zu rasch den tragi¬
1665 2020 2885 2084 schen Unterton, den Tropfen Wermut im Becher. Ueber
1666 2056 2889 2122 seine elegante Umwelt, deren Produkt er anfänglich ledig¬
1675 2106 2872 2163 lich zu sein schien, ist er längst ausgewachsen durch die Ehr¬
460 2130 551 2209 88
1664 2138 2879 2204 lichkeit seines Gefühls und Erweiterung seiner Welt¬
538 2074 1558 2230 FRMR A?: Dresdner Nachrichten
1663 2186 2874 2237 anschanung. Seine Werke (bei S. Fischer, Verlag in Ber¬
1666 2223 2880 2280 lin, erschienen) erfüllen eine stattliche Reihe, Bühnendichtun¬
465 2237 563 2294 m:
1671 2266 2879 2317 gen und Romane. Die Tragikomödien des Lebens haben
1666 2301 2880 2352 immer den stärksten Reiz auf ihn ausgeübt. Was seinem
1658 2339 2872 2396 dramatischen Schaffen fehlt, war bis jetzt die energische,
1669 2390 2833 2435 zusammenfassende Kraft. Etwas zerfließend Weiches is
512 2340 1654 2469 Zu Arthur Schnitzlers 50. Geburtstag.
1664 2425 2875 2481 einmal für diesen Dichter charakteristisch. In seinem neuen
1685 2449 2878 2507 Novellenband „Masken und Wunder“ (bei Fischer) zeigt
554 2449 1675 2515 Wie Wir vor kurzem mitteilten, war das Jahr 1862
1676 2498 2878 2547 sich der Fünfzigjährige als der junge Poet von ehedem, in
475 2504 1668 2569 ein äußerst fruchtbarer Jahrgang für die deutsche Literatur.
1671 2544 2882 2597 der Wahl seiner Probleme sowohl, als im artistischen Ge¬
482 2541 1675 2601 Auch der liebe Poet Arthur Schnitzler ist 1862 in Wien
1674 2580 2873 2634 schmack ihrer Gestaltung und Ausführung. Es sind zwei
488 2582 1678 2636 geboren. Er ist also ein Kind des Mai, des Wiener Früh¬
1672 2606 2877 2677 kleine Stücke in dem reizvollen Bande, „Das Tagebuch
486 2627 1670 2687 lings mit seinen weichen Stimmungen, die voll sind von
1672 2642 2883 2708 der Redegonda“ und „Die dreifache Warnung“ die in kon¬
492 2660 1679 2710 Glück, Sehnsucht und Melancholie. Es ist, als ob dieser
1670 2679 2887 2746 zentrierter Form echtesten Schnitzler geben. In der „Hirten¬
491 2703 1678 2748 Monat, in dem nicht nur die Blumen, sondern auch die
1678 2724 2871 2777 flöte“ schildert er in romantischen Linien das Schicksal einer
491 2740 1690 2800 Liebe mit besonderer Kraft zu blühen pflegt, von besonde¬
1675 2774 2871 2827 Frau, die in allen Stürmen des Lebens sich eine merk¬
483 2774 1682 2829 rem Einfluß auf seine Dichtkunst geworden ist. Schnitzler
1683 2816 2880 2873 würdige Stärke und Reinheit der Seele bewahrt. Die
479 2820 1675 2881 hat uns viel von der Liebe erzählt, von süßen Mädeln,
1686 2840 2873 2906 Frau ist in dieser Novelle, wie so oft bei Schnitzler, klüger
481 2860 1680 2909 von schlanken, dunklen, rätselhaften Frauen, von guten
1682 2889 2878 2943 und tiefer als der Mann, weil sie wärmer lebt und den
490 2892 1686 2946 Jungen, die unter der Liebe leiden, von leichtsinnigen
1676 2915 2888 2984 Dingen des Lebens so nahe steht. Im „Tode des Jung¬
491 2930 1684 2987 Elegants, die nehmen, was sie bekommen können. Man
488 2977 2794 3023 sieht sie vor seinem geistigen Auge vorübergleiten, all die gesellen“ variiert er schon oft angeschlagene Klänge
486 2998 2885 3058 Schönen, mit ihrem Lächeln, ihren Blicken, in denen die einem neuen Thema. Feine Ergebnisse tiefer Seelenkunde
477 3049 2621 3094 Rätiel ihres Herzens stehen. Die Kunst Schnitzlers ist sind „Der tote Gabrie!“ und „Der Mörder“ —
2682 3048 2865 3096 Arthar
488 3067 2868 3133 einem schönen Stein von sonftem und doch intensivem Schnittlei ist jung zu literarischem Ruhm und Anerkennung
488 3130 2874 3167 Feuer vergleichbar. Seine Lebens= und Weltanschauung gelang abei ohne Cliane und Claque. Er hat bis setzt
1232 3164 2880 3203 Er ist durch die ge¬ die Freunde, die er sich früher gewann, nicht enttäuscht. Und.
499 3152 1219 3225 hat ihn vor Einseitigkeit bewahrt.
453 3199 2878 3275 #pflegte Kultur eines angesehenen Hauses in Wien ge¬ das will in einer Zeit überfließender Produktion viel
2711 3237 2858 3308 bg.
459 3242 1847 3315 gangen. Bildungsmöglichkeiten standen ihm nach allen sagen.
