3392 4320
1028 137 1350 213 der alles Gute
1578 107 2181 224 Stanon-Regteroternlcuce
1027 174 1374 250 weitet. Ein Ja
1035 215 1388 298 Widerstand we
1862 218 2060 306 Wien
1036 271 1371 355 die Seele ihre
1828 279 2314 384 U. Zentagasse 10
1042 306 1397 400 halb: sobaid d
1835 344 2334 454 X. Trostgasse 111
1045 365 1399 447 stände schwinie
1568 362 1834 445 Fabriken:
1061 412 1396 493 Ein Anwalt )
1571 414 2418 563 Riederlage: I, Johannesgasse 2
1054 446 1405 562 periode vergese
1186 509 1399 585 Der Wie
1481 512 2522 650 esgessssssssessteasaseasense
1076 554 1409 642 Größe, Kraft,
1070 610 1419 684 Lebensfähige,1
1086 653 1418 750 stand, der sich
1094 596 2457 781 Hemmungen. Ein Abwiegen gegenernanner.onmung=und¬
1093 682 2295 831 Lohn. Von Frude und Leid. Von Wagen und Verzicht.
1212 723 2451 871 Das Wudeln vom Streiter zum Erhalter ist ein natür¬
1097 761 2452 915 licher Prozeß,ist im Werdegung des Einzelnen und der Gesamt¬
1111 824 2459 972 heit begründet Erst beim Reichen erleidet dieses Entwicklungs¬
1124 858 2476 1031 peinzip eine erschiebung. Für ihn gibt es keinen Widerstand,
1121 906 2468 1092 keine äußerenHemmungen. Für seine Reigungen kein Gegen¬
1363 959 2498 1100 ## die Elastizität des Willens sich verliert. Ihre
1790 1007 2487 1116 anstaniert in falscher Richtung.
2271 1052 2503 1110 — In
2393 1144 2492 1214 ir¬
854 1300 999 1372 1074
856 1405 2249 1470 Gerhart Hauptmann so herzhaft gefeiert haben, wie wir erinnerungs¬
862 1465 2256 1514 frohen Deutschen es nur immer können, liebend seiner Werke
857 1517 2263 1568 gedachten und uns seiner Anerkennung bei den Fremden freuten.
972 1552 2252 1595 Die sich heute hier zusammenfinden, eint nur zweierlei: daß
860 1596 2250 1661 sie deutsche Dichter und in diesem Jahre fünfzig alt sind. Sonst
854 1648 2252 1708 sind sie aus allen Gegenden Deutschlands und des deutschen Öster¬
862 1699 2257 1759 reichs hervorgegangen, aus Verhältnissen und Umwelten ver¬
864 1754 2244 1806 schiedenster Art, sind wieder als Berufsmenschen in solche ge¬
849 1804 2257 1857 kommen, haben sich auf unterschiedliche Weise mit ihrer Rasse,
855 1845 2258 1893 Herkunft, Erziehung abfinden müssen und sind durch sie und
860 1895 2253 1950 durch neue Einflüsse, Verbindungen, Lebenswege geworden, was
859 1947 2262 2003 sie heute sind. Sie haben sich in den vielfältigsten Gebieten der
846 1998 2263 2057 Poesie und Schriftstellerei herumgetrieben, sind durch allerlei
847 2056 2255 2096 Richtungen hindurchgegangen, in diesen Richtungen allerlei
856 2088 2260 2140 gewesen und geworden und haben dann mit unterschiedlichem
861 2150 2251 2199 Talent und unterschiedlichem Erfolg ihren Dichterberuf geübt.
855 2185 2256 2255 Eine bunte Reihe von Lebens= und Schaffenslinien, eine die man
857 2241 2257 2295 gerne genauer und verweilend abschreiten möchte. Da ist der
861 2277 2252 2332 Schlesier Hauptmann und der Niederösterreicher Schnitzler; da ist
852 2341 2257 2397 der Thüringer Johannes Schlaf und Otto Ernst von der Wasser¬
859 2390 2253 2440 kante. Da ist der Frankfurter Fulda und der Hannoveraner
862 2439 2249 2490 W. Meyer=Förster, der Preuße Arno Holz und der Oberösterreicher
849 2479 2256 2525 Hermann Bahr, die freilich erst in einigen Monaten zu feiern
857 2535 2258 2583 wären. Und da sind schließlich noch Skowronnek und Lothar
862 2574 2251 2637 Schmidt aus preußischen Provinzen und der Mecklenburger Max
857 2626 2258 2673 Dreyer. Es ist wie in Wallensteins Lager", aber man merkts
859 2653 2255 2733 ihnen schon an, daß sie aus Süden und Norden, aus Westen
849 2730 2264 2790 und Osten kommen, einigen mehr, anderen weniger, am wenigsten
856 2773 2092 2830 vielleicht Ludwig Julda, der viel vom Kosmopoliten hat.
984 2807 2259 2874 Und sie sind auch alle in verschiedenen Berufen gewesen.
854 2876 2259 2923 Arzte, Lehrer, Juristen, Journalisten geworden oder sich in diesem
864 2923 2257 2977 oder jenem versucht, aus äußerem Zwang oder aus innerer Not¬
863 2978 2252 3029 wendigkeit, wie der junge Hauptmann, der lange am Kreuzwege
861 3013 2266 3074 stand, wo sich Poesie und bildende Kunst scheiden und der
863 3072 2253 3128 schließlich den Goethe=Weg des Dichters ging. Merkt man nicht
865 3123 2255 3174 auch das hier und dort: Spürt man nicht in der analystischen,
857 3163 2265 3227 menschenzerfasernden Art, in der steten Beschäftigung mit dem
854 3213 2255 3268 Problem des Todes den Arzt Schnitzler, sieht man nicht den
853 3256 2254 3312 deutschen Schullehrer Otto Ernst in fast allem, was er schreibt,
862 3308 2257 3366 nicht nur in den tendenziösen Komödien, sondern in der ganzen
857 3365 2253 3409 aufzeigenden Weise seines Schaffens, in Ernst und Humor. Und
865 3401 2264 3460 ist es nicht mehr als nur gerecht, wenn man sagt, daß in der
852 3452 2256 3499 haarscharfen, plastischen Manier Hauptmanns seine Gestalten zu
849 3515 2254 3563 zeichnen, viel vom Wesen des bildenden Künstlers steckt. Und
860 3550 2266 3602 auch in den besten Arbeiten Hermann Bahrs fühlt man den Mann,
866 3607 2255 3658 der viel und allerorten und dem täglichen Bedarf geschrieben hat.
987 3645 2267 3703 Man könnte diese Entwicklungsreihen noch lange und auf
856 3704 2264 3768 anderen Gebieten fortsetzen, könnte nach streng literarhistorischer
