3344 4320
1064 249 1498 342 box 39/1
191 261 882 363 Soth Birthday
345 432 953 524 Klose & Seidel
258 523 1232 588 Bureau für Zeitungenueschnitte.:
186 582 1086 643 Berlin NO. 43, Georgenkirchplatz 211
253 687 1023 759 (Liest die meisten Zeitungen und ist das
257 747 1040 811 bestorganisierteste Bureau Deutschlands.)
489 867 1091 982 ull. Wicner Tatinblan
79 876 316 970 eitung:.—
80 985 298 1080 1: —
77 1089 310 1178 atum: —
477 1247 720 1347 5. M 4
309 1358 681 1454 Schnitzlers 50.
692 1370 995 1461 Geburtstag.
256 1429 1151 1500 Heute finden im Burgtheater, im
150 1484 1144 1534 Deutschen Volkstheater und im Josef¬
141 1535 1145 1593 städter Theater aus Anlaß des 50. Geburts¬
141 1568 1149 1640 tages von Artuß Schnitzler Aufführungen von Werken
153 1608 547 1671 dieses Dichters statt.
550 1659 610 1706 *
619 1648 680 1713 —
252 1690 1147 1777 Der Einladung der Zeitschrift „Merker“ zu
151 1766 1142 1813 einer Schnitzler=Feier hatte am Montag ein überaus
143 1812 1155 1873 zahlreiches distinguiertes Publikum Folge geleistet.
153 1849 1151 1892 Der Schauplatz war der Beethoven=Saal. Es waren
148 1890 1161 1958 zumeist Frauen und Mädchen gekommen, um dem
137 1938 1149 1997 populären Dichter zu huldigen, der sich viele Herzen
149 1971 1146 2040 erobert hat, dessen Phantasiegestalten den Wienern
148 2022 1111 2078 und den Wienerinnen lieb und wert geworden sind.
249 2070 1148 2116 Den Anfang machte der Schriftsteller Felix
140 2110 1144 2175 Salten, der einen Vortrag über Artur Schnitzler
138 2160 1141 2209 hielt, einen Essay voll Geist und Witz bot. Salten
144 2193 1145 2259 schilderte zuerst den Widerstand, den Schnitzler beim
148 2237 1151 2300 großen Publikum fand, den er aber sieghaft über¬
136 2286 1141 2355 wunden hat. Heute können die Anatolszenen auf
140 2321 1140 2367 keiner deutschen Bühne fehlen. Mit dem „süßen
144 2363 1142 2416 Mädel“ hat Schnitzler einen neuen Mädchentypus in die
132 2407 1146 2462 deutsche Literatur eingeführt. Der Dichter hatte gegen
140 2455 1144 2519 viel Feindseligkeit zu kämpfen. Zu einer Zeit, in der
138 2496 1142 2559 man „Hanneles Himmelfahrt“ für ein — porno¬
131 2533 1132 2584 graphisches Werk erklärte, kam Schnitzler mit seinen
135 2580 1141 2623 Liebesdichtungen, mit jener seinen echtwienerischen
150 2619 1147 2675 Mischung von Heiterkeit und Schwermut, von
147 2667 1150 2725 satirischem Witz und Weltschmerz. Er zeigte,
131 2716 1148 2754 wie die Liebe entscheidend wirkt auf das ganze
145 2751 1138 2795 Seelenleben des Mannes und des Weibes. Durch
129 2796 1143 2848 alle seine Worte bricht ein tiefes, großes Erbarmen
142 2844 1143 2885 mit den Schwachen durch. Schnitzler hat aber auch
140 2883 1142 2935 den Mut, den Starken und Mächtigen die Wahrheit
130 2925 1146 2973 zu sagen. Dieser Poet hat eine ganz spezifisch
135 2973 1136 3019 wienerische Note; die weitere Entwicklung des jetzt
128 3015 1143 3050 auf der Höhe des Lebens stehenden Dichters kann
131 3054 655 3111 man noch gar nicht absehen.
241 3097 1136 3143 Saltens graziöse Plauderei war von leb¬
126 3127 1138 3182 haftem Beifall begleitet. Dann traten Frau
131 3181 729 3230 Galafrés=Huberman
776 3184 874 3237 vom
873 3185 1138 3234 Deutschen
129 3211 1130 3264 Volkstheater, Fräulein Lili Marberg und Arnold
127 3269 1143 3322 Korff vom Burgtheater auf den Plau und lasen
130 3304 1131 3352 aus Schnitzlers Dichtungen. Das Publikum bereitete
126 3351 1127 3401 den ausgezeichneten Interpreten große und verdiente
123 3392 612 3451 Sympathiekundgebungen.
330 3466 914 3550 Schnitzler — abgereist.
230 3526 1129 3594 Schnitzler hat sich den ihm zugedachten Ehrungen
125 3590 1130 3649 entzogen. Er ist am vorigen Freitag mit seiner Gattin
127 3628 1123 3679 zunächst nach Brioni abgereist. Von dort gedenkt das
121 3677 1120 3727 Ehepaar eine zwei= bis dreiwöchentliche Vergnügungs¬
124 3719 1126 3770 reise anzutreten. In dem reizenden Hein des Dichters,
124 3761 1122 3816 der vormaligen Villa des Hofschauspielers Römpler
123 3788 1126 3858 im Cottageviertel. Sternwartestraße Nr. 71, blieben
117 3848 1127 3917 nur die zwei Kinder, ein elfjähriger Knabe und ein
127 3886 695 3946 zweijähriges Mädchen, zurück.
239 3928 1133 3980 Ungemein groß ist die Zahl der schriftlichen und
118 3975 1129 4016 telegraphischen Glückwünsche. Zuerst kam ein Schreiben
126 4013 1123 4058 der Grillparzer=Gesellschaft, dann folgten
121 4059 1123 4101 Telegramme von Direktor Dr. Freiherrn v. Berger,
116 4103 1133 4140 Dr. Richard Rosenbaum und Frau Kory Towska,
218 4140 376 4169 ##all.„
1731 263 2664 369 — aus: Deutsches Tagblatt
1812 354 2694 435 15. MAl. IZaitsche Hundschar
1771 400 1856 479 21
1708 407 1773 479 90
2328 431 2480 496 Wien
1729 533 2728 661 Cheater und Knnst.
1846 628 2746 712 Was sich vor etwa zwanzig Jahren ein bißchen
1710 670 2760 751 anmaßend das literarische Jungwien
1700 698 2755 807 nannte und seine genialen Stirnlocken in Kaffeehäusern
1704 754 2752 833 stolz zur Schau stellte, setzt nun auch schon Fett an und
1702 781 2751 890 läßt Haare, verschmäht schon lange nicht mehr die
1696 841 2746 929 Tantiemen und bereitet sich schön langsam auis Jubi¬
1693 874 2745 979 lieren vor. Mit Artur Schn#hl##ha#es-dieser Tage
1695 914 2742 1000 begonnen und allerlei Festveranstaltungen sollen die ver¬
1689 970 2733 1056 geßlichen Mitbürger an die unabwendliche Tatsache er¬
1688 1016 2741 1105 innern, daß der Dichter des „Süßen Mädels“ fünfzig
1688 1047 2742 1151 Jahre alt geworden ist. Gibt es wo eine Gschaftlhuberek,
1687 1082 2761 1197 dann schreitet der „Merker“ immer voran und er beeilte
1686 1133 2753 1224 sich, die Schnitzlerhuldigungen mit einem Vortragsabend##
1687 1178 2728 1276 im Beethovensaal zu eröffnen. Herr Felix Salten,
1676 1215 2734 1317 selbst einer von den damaligen Jungwienern, hielt die Fest¬
1679 1263 2729 1362 rede und die Damen Galafrés und Marberg sowie Herr
1683 1308 2718 1411 Korff waren dazu ausersehen, durch Rezitationen aus den
1678 1348 2726 1448 Werken des Jubilars zu illustrieren, was der Festredner
1671 1391 2722 1495 Liebevolles von ihm auszusagen wußte. Die schönen
1670 1439 2716 1538 Dinge, die er ihm nachrühmte, haben nur die fatale
1670 1482 2711 1578 Eigenschaft, daß sie nicht ganz den Tatsachen entsprechen,
1658 1519 2714 1615 wie etwa die Behauptung, daß Schnitzler Wien in die
1654 1557 2717 1644 Literatur eingeführt habe oder daß heute die jungen Leute
1667 1605 2694 1699 in Wien so lieben, wie es Schnitzler in seinen Anatol¬
1655 1648 2709 1755 szenen beschrieben hat. Ist dem wirklich so? Es gibt ernste
1649 1697 2701 1797 Literaten, die das gerade Gegenteil davon halten, und es
1659 1732 2707 1836 sei nur an Hans Sittenberger erinnert, der in
1652 1783 2701 1881 seinen Studien zur Dramaturgie der Gegenwart im
1654 1827 2701 1923 Hinomk aus die Angsolizenen von unseren Modedichtern
1647 1868 2691 1977 sagt, ne würden in ihrer Eigenliebe nicht müde, sich
1662 1974 2697 2027 immer wieder von allen Seiten zu beschauen. Sie
1661 2023 2687 2066 entdecken jede Stunde etwas Neues an sich und merken
1666 2051 2689 2105 nicht, daß sie im Grunde doch immer dieselben sind, daß
1667 2098 2698 2153 sie heute gerade so aussehen wie gestern und vorgestern,
1656 2141 2693 2188 und daß sie morgen um kein Haar anders aussehen
1655 2188 2693 2237 werden als heute. Die indischen Fakirs betrachten stunden¬
1667 2234 2698 2282 lang ihren eigenen Nabel und sie empfinden eine Art
1666 2270 2699 2320 Wollust dabei. Aber was geht uns, meint Sittenberger,
1663 2311 2698 2364 der Nabel anderer Lente an? In Wirklichkeit ist Schnitzler
1657 2352 2699 2409 niemals ins Volk gedrungen, bestenfalls in die Gesellschaft,
1657 2398 2688 2451 die sich für ihr Geld auch den Luxus gestatten kann,
1657 2440 2687 2484 literarischen Moden zu gehorchen. Das Wien Schnitzlers
1661 2487 2704 2547 ist ein noch begrenzter, knapp abgesteckter Vezirk
1658 2525 2696 2581 und seine Mädchen, Frauen und Männer gehören
1661 2569 2706 2623 einem ganz bestimmten Milieu an, das Schnitzler selbst
1663 2628 2701 2671 mit genügender Deutlichkeit als die Kreise des reich ge¬
1661 2664 2703 2705 wordenen Indentums kennzeichnet. Noch sein letzter großer
1663 2698 2718 2760 Roman „Der Weg ins Freie“ behandelt fast ausschließlich
1664 2746 2708 2795 die Judenfrage und auch die Hauptgestalten seines letzten
1665 2792 2699 2838 Bühnenwerkes „Das weite Land“ sind mit dem Juden¬
1657 2829 2707 2886 tum untrennbar verwachsen. Noch aber sind Judentum
1671 2887 2705 2937 und Wienertum keine identischen Begriffe. Also nur keine
1663 2922 2704 2966 Fülschung und das Kind, wie es sich gehört, mit dem
1655 2957 2706 3014 rechten Namen nennen! Daß Schnitzler in der sogenannten
1664 2995 2705 3053 Junzwiener Literaturgruppe der Begabtesten einer und
1669 3036 2703 3094 von dem redlichsten und ernstesten Streben erfüllt ist,
1661 3091 2707 3150 braucht darum nicht bestritten zu werden. Auch nicht, das
1663 3131 2706 3187 #r heute der einzige ist, der noch nicht der Operetten¬
1661 3182 2708 3236 macherei verfallen ist, während seine Sturmgenossen schon
1661 3214 2706 3277 längst ihre literarischen Heilsbotschaften im Stiche gelassen
1668 3270 2706 3314 haben und heute ohne Scheu und Scham dem huldigen,
1663 3322 2705 3365 was sie einst verhöhnten: Der handfesten Theatralik, die
1662 3359 2707 3404 wenig Ehre. aber desto mehr Tantiemen abwirft. Zwar
1670 3394 2706 3459 hat auch schon Schnitzler Wasser in seinen Wein
1670 3431 2707 3488 gegossen und gerade sein Schauspiel „Der Schleier der
1666 3481 2705 3530 Beatrice“, das gestern in der vom Akademischen Verband
1672 3522 2703 3582 für Literatur und Musik veranstaltelen Schnitzlerseier
1673 3567 2708 3617 von Herrn Onno demonstrativ vorgelesen wurde, weil
1673 3601 2707 3669 sich nuch dem Bereiner Mißerfolg noch keine Wiener
1665 3644 2711 3705 Bühne bisher zu einer Aufführung verstehen wollte, er¬
1669 3701 2704 3746 innerte unzeitgemä an den unglückseligen Versuch des
1670 3733 2692 3796 Verfassers, es unter dem Titel „Der Schleier der Pierrette“
1663 3785 2711 3841 als Ballettpankomime auszuschroten. Immerhin: auch bei
1661 3821 2700 3879 diesem Versuch wurde die literarische Würde gewahrt.
1671 3865 2698 3921 Daß aber heute gleich drei Wiener Bühnen — auf ein
1662 3910 2705 3961 Haar wäre noch als vierte das Berliner Lessingtheater
1663 3959 2710 4013 im Johann Stnn#ecgeater hinzugetreten — den jünfzig¬
1674 4005 2712 4057 sten Geburtstag Schnitlers durch Aufführungen seiner
1669 4028 2707 4096 Werke feiern, wärde man wohl für eine voreitige Ueber¬
1662 4103 2712 4158 treibung hatten, handelte es sich um einen arischen Schrift¬
