3344 4352
1986 145 2344 252 ——
1235 243 1319 314 d
1589 234 2036 350 box 39/2
680 247 776 319 5
221 242 1484 348 SehandtBirtay
635 902 2385 977 deutschen Bühne vernommen.“ Auch hier war die weiche, poetisch durch¬
643 968 2404 1028 schimmernde Atmosphäre Wiens; auch hier wieder war Jugend und Liebe.
646 1037 2403 1100 Aber da war noch mehr. Voll Echtheit, Farbe, Duft und Leben war hier
642 1099 2354 1150 eine kleine Welt geschaffen, in der wir uns wieder fanden, wie man —
642 1143 2393 1207 irgendwo in der Ferne weilend — in einem kleinen Lied seine Heimat
647 1216 2413 1277 wiederfindet. Diese Welt ließ sich überall hintragen und, auf welchem
650 1268 2402 1337 Schaugerüst immer ihre Kulisse aufgerichtet, ihr Horizont abgesteckt wurde,
658 1332 2400 1393 da war dann immer Wien. Der merkwürdig linde Zauber, der diese Stadt
654 1396 2409 1445 umfließt, war hier einmal von einer malerischen Kraft festgehalten, die
657 1440 2394 1504 holde, wiegende Melodie dieser Stadt von einem musikalischen Sinn einge¬
661 1508 2410 1584 fangen, ihre spielerische Nachdenklichkeit aufgeschlossen, von einem Geist,
656 1572 1637 1636 dem jedes Denken sich zum Spiele formte.
773 1631 2401 1699 In diesem Stück war aber auch der ganze Arthur Schnitzler schon
657 1690 2399 1754 enthalten. Der mondaine Glanz seiner Menschen, ihre kultivierte Empfind¬
648 1739 2411 1798 lichkeit, ihr Hang, grüblerisch zu werden, ihre ewig wache Bewußtheit, ihr
667 1796 2403 1866 spöttisches Mißtrauen gegen große Worte und gegen sich selbst, ihre welt¬
662 1855 2412 1916 männische Ironie dem eigenen Fühlen gegenüber, ihre anmutig ängstliche,
658 1912 2414 1978 ein wenig demonstrative Flucht vor dem Pathos. Junge Männer aus einer
652 1971 2416 2040 reichen, aufgehellten Sphäre der Gesellschaft, in jeder Kompliziertheit geübt,
661 2034 2406 2103 voll Sehnsucht nach Lyrik und zugleich voll Argwohn gegen das Lyrische.
655 2090 2406 2156 Aus den prunkhaften Straßen und Häusern, darin sie leben, gehen sie hinaus
659 2160 2418 2217 in die stillen Gassen und ärmlichen Stuben der Vorstadt. Genießen hier die
658 2212 2417 2280 Einfachheit der tiefer Wohnenden als eine Schönheit des Daseins. Zwei
668 2270 2410 2334 Gesellschaftsschichten, die durch unmeßbare Weiten von einander getrennt
666 2315 2411 2394 sind, berühren sich, begegnen einander am Frühlingstag der Jugend und der
661 2377 2414 2448 Liebe. Genießen ihre Fremdheit, entdecken ihr Verwandtsein. Sie heben
667 2436 2422 2499 Distanzen auf, die trügerisch gewesen, haben ein Gefühl der Nähe und
674 2498 2420 2571 Verbundenheit, das vielleicht ebenso trügerisch ist, entzücken sich aneinander
673 2587 2421 2640 und haben sich gegenseitig unversehens so vieie Wunden zugefügt, daß sie
673 2620 1800 2694 eins vom andern blutiges Leid im Herzen tragen.
783 2675 2427 2740 Eine ganz einfache Liebesgeschichte. Der elegante junge Mann, der ein
673 2732 2424 2799 Vorstadtmädchen gern hat. Das frische junge Ding ist ihm eine Erquickung,
666 2785 2419 2867 nun, da ein kurzer, etwas schwüler Roman mit einer eleganten Frau eben
663 2872 2418 2922 zu Ende geht. Die andächtige, bewundernde Liebe, die sich ihm da draußen
674 2908 2421 2966 in der Vorstadt bedingungsios ergibt, rührt seine Seele seltsam auf. Vielleicht
672 2963 2417 3030 wird auch er sich verlieben, vielleicht wird das kleine Abenteuer ein großes
669 3044 2424 3104 Abenteuer werden. Aber jener Roman, der fast schon zu Ende ist, stößt ihn,
669 3097 2422 3154 gleichsam auf der letzten Seite des letzten Kapitels, ins Verderben. Der
670 3145 2425 3203 Ehemann jener Frau fordert, verspätet und beinahe post festum, Genugtuung,
680 3206 2424 3278 und schießt ihn tot. Am Abend vor dem Duell, am Abend vor seinem
672 3263 2432 3333 frühen Sterben, geht der junge Mann zu dem Vorstadtmädchen hinaus,
677 3341 2441 3404 sitzt bei ihr in ihrem lieben kleinen Zimmer, mit einem wunderbar süßen
1494 3410 1635 3497 327
