3392 4352
233 235 936 339 SothBirthdar
1075 231 1526 311 box 39/1
852 1221 2201 1297 Menschen meiner nächsten Nachbarschaft (Wienerleute mit einem Getue
869 1274 2202 1353 und Gehabe, wovon der vom Ernst durchwachsene Nord= und Mittel¬
864 1322 2203 1396 deutsche die Uebelkeit bekommt) auf die Innenfläche meiner Hand nahm
867 1372 2208 1442 und untersuchte auf Hirn und Unterleib . . . ich, bin ich meiner ganz
864 1426 2206 1501 gewiß? Bin ich nicht vielleicht auch gedrängt, einen herrlich gelebten
862 1474 2211 1533 Augenblick zu Jahren, zu einem Leben voll Herrlichkeit erweitern zu
876 1523 2216 1590 wollen? Zwar bin ich ein Spieler mit Menschenseelen, doch da ich
876 1587 1579 1659 spiele, wird mit mir selbst gespielt.
1047 1627 2211 1693 Dies sonderte erkennend und gestaltete die zeit= und ewig¬
882 1675 2213 1742 keitsgewanderte, dann wiedergeborene und in Arthur Schnitzler vor
885 1714 2217 1795 nun fünfzig Jahren niedergekommene Seele des Paracelsus. Vielen,
886 1765 2207 1844 denen seine Durchforschung seelischer Geschlechtsbezirke, allen Ein¬
887 1814 2231 1892 wänden zutrotz, göttlich dünkt, fühlen sich als Gläubiger dieses Mei¬
894 1860 2224 1950 sters mit apollinischer Hand, freuen sich des halbhundertjährigen Da¬
901 1916 2180 2002 seinsgenossen und bringen ihm heutigentags tiesempfundenen Dank.
895 2076 1953 2163 Sonate von Maximilian Brantl
1309 2163 1821 2230 ulderin, im dichten Leid
1194 2203 1932 2313 1 wie ein müdes Kind Verirrte,
1318 2263 2059 2340 ganz von buntem Lärm Umschwirrte,
1192 2313 1808 2391 bist du nah und bist du weit.
1191 2414 1938 2500 Hörst du mich? Was sinnst du so?
1206 2478 1851 2543 „Immer nur das drückend Eine:
1204 2523 1845 2594 Er begann im Strahlenscheine,
1211 2564 1975 2654 doch des Tags ward ich nicht froh ...“
1222 2671 1871 2743 Sagt dir niemand, daß ich bin?
1219 2729 1891 2795 Siehst du mich? Ich sitze neben.
1230 2779 1880 2846 Kosend strömt dein armes Leben,
1227 2830 1862 2910 gnadenvoll durch meines hin. ..
1231 2931 1743 3011 Ob es eine Stunde gibt,
1231 2995 1807 3052 eine nur, die uns verbände?
1229 3036 1788 3102 Sieh, ich küsse deine Hände
1234 3082 2016 3151 stumm und kühl, wie der der liebt ...
1244 3188 1852 3260 Alles weißt du. Nun befiehl!
1245 3234 2019 3305 Nur ein Hauch — ich bin entschwunden.
1248 3289 1979 3363 Wie du willst — und diese Stunden
1237 3344 1897 3421 gelten als ein töricht Spiel. .
953 3475 1075 3530 558
