3344 4320
2080 92 2214 163 1
138 154 1591 295 1. 50th Birthdag box 39/1
3076 1206 3281 1292 S
2603 1244 2774 1337 W
3031 1253 3305 1332 —
344 1265 1626 1376 Dentestiter die Stenr im ihrer Jahleneschtl, 1d Whih die
1705 1319 3296 1386 Nicht etwa, daß ich nach dem Glück strebte, das man furchtbar gesund und
345 1324 1627 1419 Partie stockt. Ausgesperrt, sagt man: es bleiben Steine zurück,
1606 1349 3301 1435 Eheglück nennt, ich wollte auch nicht eine Frau an meine Seite war lieb, so ein nieb
338 1381 3299 1468 die sich nicht mehr einreihen lassen. Auch das Leben macht solche ketten, denn ich wußte ja nun, daß man mit zwanzig Jahren war, nicht mehr von
343 1430 555 1509 Scherze.
1598 1445 2876 1516 so unentwickelt ist, daß man nicht wissen kann, ob eine Frau,
2972 1461 3293 1521 Nun war ich fü
457 1497 3315 1587 Es ist oft beklagt worden, daß Schnitzler kein großes Lustspiel die man in dieser Zeit lieb hat, auch später noch die richtige hatte noch viel Studic
337 1533 1622 1623 schreibt. Komik und Tragik, Wehmut und Heiterkeit liegen ja
1608 1551 2883 1610 Frau ist, wenn man innerlich ganz etwas anderes geworden ist.
2959 1555 3295 1635 Mein Kind sch
344 1581 1619 1672 dicht bei einander. In Wirklichkeit hat Schnitzler schon oft und
1703 1591 3313 1683 Also, ich wünschte mir nur ein Kind. So einfach ist ja das kleinen Bettlein, mei
344 1640 1612 1716 oft Lustspiele geschrieben, nur wurden sie ihm unter der Hand
1606 1641 3312 1737 nicht für einen Mann, oowohl mich viele gewiß vom Gegenteil golbenen Tag hinein,
341 1705 1609 1763 zu ernsten Charakterkomödien. Die Anmut seines Witzes hat sie
1610 1690 3297 1764 überresen wollen. Ich wünschte nämlich ein Kind von einer fast ganz allein den
344 1736 1615 1812 erdacht. (Man könnte es an den meisten seiner Stücke aufzeigen.)
1606 1743 3316 1837 Muttr, die durch und durch brav, geistig und körperlich von die ich brauchte, un
341 1780 1615 1859 Aber plötzlich mag er tiefer ins Charakterisieren gekommen sein
1604 1786 3044 1859 vornehmer Natur war, denn alles das sollte doch mein Kind Garten.
341 1820 1222 1916 und sah das Schicksal hinter den Menschen.
1607 1845 2885 1912 auch werden. Wie gesagt, es ging zwar schwer, aber ich fand
2966 1834 3313 1919 Ja, es war wo
1603 1878 3312 1961 dige Mutter und bekam mein Kind, ganz für mich allein. Das Geschichte, das will
458 1899 3315 2025 Schnitzler gehört Wien. Er hat von dieser Stadt alles wär so ausbedungen: an einem Tage starb nämlich einfach das wohl an Fensterscheiben
345 1954 3313 2006 empfangen und ihr alles getreulich wieder zurückgegeben. Auch er Kind für die Mutter, sie weinte sie war traurig, ihre Eltern anderer Leute Blumen
341 1995 3314 2117 könnte das dichterische Selbstbekenntnis Grillparzers auf das Und Bekannten suchten sie zu trösten, wie das so ist, wenn einer wollte oder behandelte
332 2047 3303 2151 Titelblatt seiner gesammelten Werke setzen: „Hast du vom Kahlen-Mutter das Kind stirbt. Aber sie war vernünftig und sie wußte, wasser, es spielte A
334 2091 3317 2206 berg dir rings das Land beseh'n, so wirst du, was ich schrieh daß sie das Leben vor sich hatte; sie überwand das, und das manches liebe Markstüch
327 2138 927 2230 und was ich bin, versteh'n.“
1594 2181 2548 2251 Kind war mein, ganz und gar mein Eigentum.
2838 2186 3281 2263 dumme Tollheiten,
1705 2211 3277 2288 Ich brachte es in gute Hände, nämlich zu meiner Mutter. machten an ihren
502 2259 1494 2356 Der Vater von zwanzig Jahren.
1591 2249 3318 2357 Die sagte zwar, das sei noch das allertollste, und sie lärmte brachte mein Kind doch
1583 2322 3314 2392 rechtschaffen, aber sie pflegte mein Kind so sorgsam, und sie gerade wie die anderen
925 2331 1057 2408 Von
1581 2369 3316 2471 behütete es so gut, daß ich beruhigt meine Studien fortsetzen mit hundert Freuden n
780 2379 1225 2488 Fritz Sänger.“)
1601 2419 1782 2486 konnte.
2840 2420 3250 2503 Kinde zu kommen.
1709 2442 2873 2542 Die Mutter meines Kindes war meine gute Freundin,
458 2447 1626 2545 Ich war wieder zwanzig Jahre alt, und ich war eminent
2961 2475 3320 2555 Und es war viel
1608 2511 3318 2592 aber wir kamen in diesen Jahren nicht zusammen und später, zehn Prozent von dem
338 2521 1613 2586 gescheit, so eminent gescheit, wie ich jetzt bin, nachdem ich in
346 2570 991 2620 Wirklichkeit so unsagbar viel
1604 2564 3320 2633 wie es ja zu erwarten war, hat sie sich verheiratet und ist verbrauchten und die F#
1059 2576 1605 2646 — Ungescheitheiten gemacht
339 2618 1602 2711 habe. Natürlich sing ich mein neues Leben in einer ganz anderen
1602 2621 3314 2691 eine recht brave Frau und gute Mutter anderer Kinder ge= ganz anderer Art als
1590 2654 1790 2736 worden.
329 2658 573 2742 Weise an.
2944 2676 3306 2744 Das war schön.
1703 2684 2097 2768 Und mein Kind?
2926 2711 3332 2796 „Hart wurde es m
450 2702 1633 2802 Alles und jedes wurde gleich so eingefädelt, wie es eben
1700 2765 3321 2845 Ja, das war schön. Wenn ich jetzt in den Ferien nach aber auch das ging, mnd
337 2778 1601 2839 für einen eminent gescheiten Menschen von zwanzig Jahren selbst¬
1597 2804 2875 2889 Hause kam, so streckten sich mir zwei kleine Aermchen ent¬
2947 2818 3324 2890 Mein Kind wuchs
338 2828 1608 2913 verständlich ist. Ich will nun aber bloß das erzählen, war mir
1598 2867 3322 2942 gegen, schon nach einem Jahre hörte ich die ersten Worte, Kind wurde ein Mädche
333 2865 1281 2959 das Merkwürdigste und das Gescheiteste scheint.
1589 2910 2860 2980 nach Jahren war mein Kind schon so, daß man sah, wie gut ich
2945 2915 3317 2984 Ich hatte längst
445 2919 1035 3004 Ich wünschte mir ein Kind.
1583 2939 3321 3044 die Wahl der Mutter getroffen, der Mutter des Kindes und auch Arbeit, aber mein Kind,
1583 3001 3296 3079 der Pflegerin. Und mein Kind, das Kind zweier junger Menschen meine müden Hände,
506 3003 1589 3073 Die vorstehende ungewöhnlich feinempfundene Skizze ist in
334 3036 3306 3114 der soeben erschienenen Nummer der „Zeitschrift“ (Herausgeber Albert in der ersten Liebe, wurde beneidet von jung und alt. Es hatte wenn ich des Abends
341 3090 721 3165 Helms, erschienen.
1626 3098 3324 3193 laue Augen und prächtiges, dichtes, blondes Haar, es war Hause kam. Ich hatte #
