3344 4352
1160 152 1610 249 box 39/1
170 137 1017 268 1. 50th Birthdar
2115 1235 2606 1323 M#r vor¬
1577 1241 2014 1313 reonen
2625 1271 3315 1336 übersteigt, wenn ihr Geschäftsbetrieb
299 1266 1462 1352 rückt sind. Hüten wir uns, in den gleichen Fehler zue
1456 1267 2081 1355 Hamburg=Amerika=Linie berufen.
2609 1316 3319 1368 korrentverkehr und Scheckverkehr erstr
1586 1310 2615 1384 Die Reisedispositionen des Kaisers. Nach den bis¬
295 1320 1461 1394 verfallen und jetzt wieder Tamtam zu schlagen. Wir
2622 1356 3318 1419 machungen nur innerhalb des Gara
1461 1365 2605 1417 herigen Festsetzungen werden sich die Reiseverfügungen und
301 1388 1464 1440 betonten schon, daß die Schwierigkeiten in den Dingen
2624 1400 3317 1464 Kreisen desselben erscheinen, und ih
1471 1404 2615 1478 der Aufenthalt des Kaisers für die Folgezeit bis zum Herbst
307 1408 1457 1491 liegen, und auch der schlaueste Unterhändler wird die
2624 1442 3321 1495 und die Gewährung von Darlehen fü
1480 1451 2615 1516 im großen und ganzen wie folgt gestalten: Der Kaiser trifft
305 1458 1465 1525 Engländer nicht bekehren, wenn nicht durch Entgegen¬
2637 1484 3310 1543 sich auf den Stadt= und Landkreis, in
302 1535 2611 1589 kommen auf beiden Seiten eine Grundlage für die von Straßburg und Metz aus am 16. d. M. in Wies¬
2617 1526 3311 1596 belegen ist, oder die angrenzenden
1498 1538 2619 1612 baden zur Teilnahme an den Festspielen ein. Der dort bis
293 1557 1209 1622 gegenseitige Verständigung gefunden wird.
2620 1621 3316 1673 Aber immerhin: er bleibt Repräsen
1548 1631 2626 1695 Vielleicht ließe sich der Tonfall, der Rhythmus, die Melo¬
2640 1664 3319 1722 Welt, Bruder janes Mädchens, das ü
1483 1669 2624 1740 die, in der all das auf weiche, wienerische Art gesagt ist, —
325 1679 1273 1787 Jszu Arkur Schnißlers
2630 1704 3318 1774 weg, gelockt von dem „Ruf des Leber
1486 1722 2621 1784 vielleicht ließe sich auch über die Dichtung Schnitzlers der
2640 1751 3319 1810 nantsarme springt, Bruder jenes L#
1476 1763 2614 1823 Titel schreiben, der uns von Grillparzer her geläufig ist:
559 1777 1201 1862 50. Geburtstag.
2633 1794 3314 1845 Duell von morgen heute den Ang
1228 1776 1310 1873 K
1477 1811 2629 1891 Leben und Traum; denn ein unbändiges Leben=Wollen ist in
331 1789 507 1872 #
1302 1803 1474 1899 30
2644 1835 3320 1892 treibt, und jenes armen Schwindsüch
386 1842 1216 1918 28 Von Dr. Hans Wantoch (Wien).
1484 1850 2630 1926 allen Gestalten Schnitzlers, eine schwelgerische Daseinsfreude
2634 1878 3321 1942 hinsiecht, während sein Mädel, diese
389 1899 1460 1960 Ein Stück Wien ist in seine Werke versponnen. There¬
1482 1905 2625 1960 und ein kennerisches Genießen des Seins, wie es in den
2634 1925 3316 1978 Magdalena, neu dem Leben entgege
1491 1941 2625 2003 Rebengeländen rings um die Stadt der Phäaken erblüht und
314 1947 1466 2018 sianische Zärtlichkeiten ftngen in seinem Blut, und von der
2642 1967 3318 2032 ist es „Der Ruf des Lebens“, den S
322 1975 1479 2046 Darstellung des modern Lebens weicht er immer mehr im
1486 1995 2626 2046 daheim ist. Schon in dem wundervollen einen Akt der „Leben¬
2642 2008 3301 2061 es wird gewöhnlich ein Sterben. R
329 2032 1471 2100 „Medardus“, im „Ruf des Lebens“ in jene still verrinnenden
1480 2032 2629 2090 digen Stunden“, da spricht es diese Vormärzgestalt des Anton
2643 2044 3334 2113 schen, denen das Leben am teuersten
320 2069 1471 2132 Zeiten zurück, in denen sich der Begriff österreichisch und der
1486 2081 2644 2133 Haushofer gegen den Sohn, dem der Tod der Mutter zum Ge¬
2647 2094 3309 2150 vom Tod? Es ist, als würde er
324 2099 1481 2180 Begriff wienerisch durch Schubert=Weisen und Grillparzer¬
1492 2130 2635 2184 dicht wird, aus: „Was ist denn deine ganze Schreiberei,
2651 2143 3324 2201 damit schreiben. Und sehr mutig sin
323 2150 1472 2229 Dichtungen am besten erfüllt hat, in denen das harte, feste
1485 2158 2631 2229 und wenn du das größte Genie bist: was ist sie denn gegen
2640 2179 3333 2246 im „Freiwild“ nicht, wo der eine
328 2203 1472 2274 und kantige Dasein in Versonnenheit, in Traum und Märchen
1486 2205 2629 2271 so eine Stunde, so eine lebendige Stunde, in der deine Mutter
2639 2215 3324 2275 über den Haufen knallt, im „Jung
319 2255 1480 2319 vergleitet. Denn es sind immer Märchen gewesen, was
1492 2252 2632 2328 hier auf dem Lehnstuhl gesessen ist und zu uns geredet hat,
2648 2263 3322 2330 der Held kein Täter ist, sondern ei
328 2285 1481 2354 Schnitzler geschrieben hat. Auch dort, wo er den Vibrationen
1496 2299 2634 2359 oder auch geschwiegen — aber da ist sie gewesen — da! Und
3073 2302 3328 2364 Auch Grillp
2638 2309 3089 2372 Leutnant Gustl
331 2321 1486 2400 der allergegenwärtigsten Seele nachgespürt hat, im „Zwischen¬
1500 2344 2627 2407 sic hat gelebt, gelebt!“ Und Schnitzler hat in diesem Kleinod
2647 2350 3326 2410 Helden. Rustan deklamiert: „Und
332 2370 1481 2437 spiel“ etwa, da drang er so tief und so innig ins heimliche
1488 2385 2632 2443 seiner Kunst ein wenig gegen sich selber polemisiert, hat mit
2646 2386 3310 2454 und der Ruhm ein leeres Spiel: 1
325 2419 1483 2499 Fühlen, daß es ihm langsam und sacht ins Ungewisse, ins
1500 2429 2635 2491 der souveränen Allüre der Ganz=Großen sich selber in die
2648 2440 3265 2496 Schatten, was er nimmt, es
327 2456 1479 2525 Unwahrscheinliche und Märchenhafte verflimmerte. Ein
1489 2471 2633 2540 Feder und über den Papierrand geschaut und hat in diesem
2653 2469 3321 2535 Naturen werden anders denken, abe
333 2494 1479 2585 Märchen vom Lieben und vom Sterben ist sein ganzes Werk.
2654 2519 3330 2591 und Schnitzler ist Wien, und was G
1499 2513 2642 2583 Einakter zum ersten Male jene leise, Heinische Selbstironie
1138 2545 1481 2613 eines soignierten
336 2549 1147 2610 „Anatol“ war sein erstes Buch, das Buch
2647 2558 3334 2630 tung gesetzt hat, dies ließe sich auch
1488 2562 2645 2625 gewonnen, die als Kontrapunkt in den meisten seiner späteren
341 2595 1482 2668 Flaneurs, eines homme à femme, und „Sterben“, diese
2658 2608 3316 2680 setzen: „Wenn du vom Kahlenberg
1492 2604 2646 2668 Werke mitschwingt und in dem letzten, dem „Weiten Land“,
325 2632 1491 2699 melancholische Nachdenklichkeit, sein zweites. Er hat wunder¬
2723 2645 3322 2720 Hier ist er geboren und aufgewe
1502 2629 2648 2720 eine prickelnde Hontrastierung zwischen weithin hallender Be¬
326 2692 1492 2742 voll tiefe Dinge über die Liebe gesagt und erstaunlich lässige,
2662 2679 3332 2749 Bruder eines Professors der Medizin
1502 2686 2651 2771 zeichnung und engorüstigem Inhalt gibt. Auch da ist wieder¬
339 2736 1491 2791 frappierend vornehme, gleichsam manikurte über den Tod,
2659 2735 3326 2801 selber einmal von sich gesagt, er hät
1499 2742 2645 2801 um — freilich in den ungeistigsten, animalischen Formen —
338 2760 1499 2833 und er hat, ganz früh schon, im „Anatol“ bereits, jene For¬
2653 2777 3329 2837 liche Kenntnis nie sein „Sterben“
1499 2785 2645 2855 solch ein Stück Wille zum Leben gestaltet, in dem Fabrikanten
336 2807 1491 2869 mulierung gefunden, in der uns das Märchen zeitlich näher
2663 2818 3316 2879 Masken“ dichten können. Wo die
1501 2832 2644 2890 Hofreiter (dünkt er Euch nicht der minder liebenswürdige,
337 2852 1406 2916 gerückt, moderner und — wenn man so sagen darf
2665 2848 3336 2919 und die sanften Hügelketten des Kah
1499 2865 2660 2949 weil öliere Bruder Anatols zu sein; denn einen Flaneur mit
341 2896 1487 2961 realistischer erscheint: den Somnambulismus, die Telepathie,
2663 2905 3336 2962 in die Fenster schauen, dort ist sei
1496 2916 2642 2977 40 oder 45 Jahren, einen Mann jenseits der Schaffensmitte,
337 2935 1498 2993 die Suggestion, deren rätselhaftes Wesen die Geliebte des
2665 2949 3330 3007 strickendes Aroma Altwiener Patriz#
1504 2959 2645 3030 der immer nur den Schürzenschleifen und Automobilschleiern
337 2975 1506 3046 Herrn von Sala auf seinem „Einsamen Weg“ erfüllt und
1512 2989 3322 3071 nachläuft, den können wir fünf Akte hindurch nicht ertragen). Makartbouquet und Perserteppich, a
347 3020 1428 3100 die ganz in samtene Dunkelheit gehüllten letzten Novellen.
1743 3059 1946 3186 417
3171 4040 3236 4110 S
