3344 4352
1141 173 1604 268 box 39/1
143 191 1011 288 1. S0thBirthdar
1482 1182 1973 1271 in Bom Tierkorfam der
124 1196 835 1271 r uns, in den gleichen Fehler zu“,
1998 1207 3143 1284 übersteigt, wenn ihr Geschäftsbetrieb sich nicht auf den Kor e
839 1213 1480 1305 Hamburg=Amerika=Linie berufen.
119 1257 821 1317 jeder Tamtam zu schlagen. Wir
1994 1257 3154 1326 korrentverkehr und Scheckverkehr erstreikt, wenn ihre Bekan w
957 1253 1982 1330 Die Reisedispositionen des Kaisers. Nach den bis¬
123 1301 834 1373 ie Schwierigkeiten in den Dingen
1995 1309 3138 1370 machungen nur innerhalb des Garantiebezirks oder doch n
845 1307 1982 1373 herigen Festsetzungen werden sich die Reiseverfügungen und
1997 1346 3143 1411 Kreisen desselben erscheinen, und ihre Grundstücksbeleihn g.
115 1347 824 1407 schlaueste Unterhändler wird die
840 1364 1989 1419 der Aufenthalt des Kaisers für die Folgezeit bis zum Herbst
2000 1390 3146 1450 und die Gewährung von Darlehen für Personalkredit künft 9
125 1402 833 1463 ren, wenn nicht durch Entgegen¬
834 1402 1988 1460 im großen und ganzen wie folgt gestalten: Der Kaiser trifft
2011 1442 3125 1493 sich auf den Stadt= und Landkreis, in der der Garantiebezi
838 1443 1980 1493 von Straßburg und Metz aus am 16. d. M. in Wies¬
115 1429 832 1512 Seiten eine Grundlage für die
1992 1482 3135 1535 belegen ist, oder die angrenzenden Kreise des Garantiever;
838 1475 1986 1550 baden zur Teilnahme an den Festspielen ein. Der dort bis
116 1496 585 1550 gung gefunden wird.
1998 1574 3158 1619 Aber immerhin: er bleibt Repräsentant der Schnitzlerschen
914 1578 1985 1638 Vielleicht ließe sich der Tonfall, der Rhythmus, die Melo¬
2009 1607 3157 1685 Welt, Bruder jenes Mädchens, das über die Leiche des Vaters
844 1624 1960 1678 die, in der all das auf weiche, wienerische Art gesagt ist, —
103 1595 649 1717 fur Schnißlers
1995 1670 3158 1727 weg, gelockt von dem „Ruf des Lebens“, in zwei offene Leut¬
846 1669 1995 1743 vielleicht ließe sich auch über die Dichtung Schnitzlers der
1998 1708 3149 1757 nantsarme springt, Bruder jenes Leutnants Gustl, dem das
842 1711 1988 1757 Titel schreiben, der uns von, Grillparzer her geläufig ist:
119 1705 568 1795 Geburtstag.
2000 1736 3168 1803 Duell von morgen heute den Angstschweiß aus den Poren*
591 1728 843 1836 01
843 1747 1994 1828 Loben und Traum; denn ein unbändiges Leben=Wollen ist in
110 1776 619 1851 Hans Wantoch (Wien).
2001 1777 3158 1849 treibt, und jenes armen Schwindsüchtigen, der im „Sterben“
842 1801 2001 1861 allen Gestalten Schnitlers, eine schwelgerische Daseinsfreude
2010 1835 3161 1893 binsiecht, während sein Mädel, diese ins Unendliche duldende
125 1817 839 1904 in seine Werke versponnen. There¬
846 1853 1992 1910 und ein kennerisches Jenießen des Seins, wie es in den
2004 1876 3161 1931 Magdalena, neu dem Leben entgegenatmet. Immer wieder
109 1878 841 1936 ingen in seinem Blut, und von der
838 1892 1990 1958 Rebengeländen rings um die Stadt der Phäaken erblüht und
2004 1909 3158 1980 ist es „Der Ruf des Lebens“, den Schnitzler dichten will, aber
118 1930 838 1987 n Lebens weicht er immer mehr im
844 1941 2001 2009 daheim ist. Schon in dem wundervollen einen Akt der „Leben¬
2000 1962 3166 2021 es wird gewöhnlich ein Sterben. Reden nicht auch die Men¬
123 1964 835 2023 es Lebens“ in jene still verrinnenden
834 1982 1991 2042 digen Stunden“, da spricht es diese Vormärzgestalt des Anton
2006 2006 3163 2067 schen, denen das Leben am teuersten gilt, sehr viel und häuftg
125 1997 842 2063 sich der Begriff österreichisch und der
847 2026 1989 2075 Haushofer gegen den Sohn, dem der Tod der Mutter zum Ge¬
156 2054 830 2112 Schubert=Weisen und Grillparzer¬
2013 2043 3156 2100 vom Tod? Es ist, als würde er sich eine Angst vom Leib
838 2070 1995 2142 dicht wird, aus: „Was ist denn deine ganze Schreiberei,
2008 2094 3150 2140 damit schreiben. Und sehr mutig sind auch seine Helden nicht,
115 2089 835 2147 Erfüllt hat, in denen das harte, feste
851 2120 1994 2171 und wenn du das größte Genie bist: was ist sie denn gegen
2019 2129 3159 2186 im „Freiwild“ nicht, wo der eine den anderen hinterrücks
123 2141 837 2207 ersonnenheit, in Traum und Märchen
854 2163 1999 2212 so eine Stunde, so eine lebendige Stunde, in der deine Mutter
2001 2178 3155 2236 über den Haufen knallt, im „Jungen Medardus“ nicht, mo
124 2184 835 2235 sind immer Märchen gewesen, was
853 2207 1990 2265 hier auf dem Lehnstuhl gesessen ist und zu uns geredet hat,
1998 2218 3155 2279 der Held kein Täter ist, sondern ein Dulder, und dann der
127 2231 841 2285 t. Auch dort, wo er den Vibrationen
851 2254 1991 2306 oder auch geschwiegen aber da ist sie gewesen — da! Und
2427 2260 3164 2314 Auch Grillparzers Helden sind keine
2003 2269 2435 2332 Leutnant Gustl
135 2273 841 2325 Seele nachgespürt hat, im „Zwischen¬
857 2294 1994 2348 sie hat gelebt, gelert!“ Und Schnitzler hat in diesem Kleinod
2003 2296 3154 2367 Helden. Rustan deklamiert: „Und die Größe ist gefährlich
124 2305 836 2376 r so tief und so innig ins heimliche
859 2336 2001 2399 seiner Kunst ein wenig gegen sich selber polemisiert, hat mit
2017 2331 3171 2403 und der Ruhm ein leeres Spiel: was er gibt, sind nicht'ge
123 2359 840 2416 ngsam und sacht ins Ungewisse, ins
853 2380 1992 2438 der souveränen Allüre der Ganz=Großen sich selber in die
2007 2389 3169 2446 Schatten, was er nimmt, es ist so viel.“ Norddeutsche
142 2393 842 2459 Märchenhafte verflimmerte. Ein
847 2425 1992 2488 Feder und über den Papierrand geschaut und hat in diesem
2014 2438 3157 2495 Naturen werden anders denken, aber Grillparzer war Wien,
119 2442 839 2502 d vom Sterben ist sein ganzes Werk.
844 2465 2006 2538 Einakter zum ersten Male jene leise, Heinische Selbstironie
2015 2481 3158 2535 und Schnitzler ist Wien, und was Grillparzer über seine Dich¬
107 2483 842 2559 s Buch, das Buch eines soignierten
847 2511 2001 2568 gewonnen, die als Kontrapunkt in den meisten seiner späteren
2020 2524 3162 2592 tung gesetzt hat, dies ließe sich auch über Schnitzlers Dichtung
166 2527 847 2590 à femme, und „Sterben", diese
859 2560 1993 2616 Werke mitschwingt und in dem letzten, dem „Weiten Land“,
2017 2569 2757 2629 setzen: „Wenn du vom Kahlenberg ...“
120 2555 840 2624 ichkeit, sein zweites. Er hat wunder¬
846 2580 1994 2663 eine prickelnde Kontrastierung zwischen weithin hallender Be¬
2087 2604 3158 2670 Hier ist er geboren und aufgewachsen, Sohn eines Arztes,
123 2622 851 2684 e Liebe gesagt und erstaunlich lässige,
2013 2651 3162 2697 Bruder eines Professors der Medizin und selber ein Arzt, der
850 2643 2007 2703 zeichnung und engbrüstigem Inhalt gibt. Auch da ist wieder¬
124 2666 848 2717 gleichsam manikurte über den Tod,
2010 2695 3164 2749 selber einmal von sich gesagt, er hätte ohne diese wissenschaft¬
856 2691 1982 2751 um — freilich in den ungeistigsten, animalischen Formen —
122 2708 851 2756 schon, im „Anatol“ bereits, jene For¬
2010 2742 3164 2794 liche Kenntnis nie sein „Sterben“ und nie „Die letzten
849 2734 1998 2801 solch ein Stück Wille zum Leben gestaltet, in dem Fabrikanten
142 2749 839 2809 der uns das Märchen zeitlich näher
2014 2786 3154 2835 Masken“ dichten können. Wo die Stabt ins Land verrinnt
852 2775 2006 2843 Hofreiter (dünkt er Euch nicht der minder liebenswürdige,
207 2782 770 2855 wenn man so sagen darf
2012 2820 3164 2881 und die sanften Hügelketten des Kahlengebirges den Menschen
850 2831 2006 2879 weil ältere Bruder Anatols zu sein; denn einen Flaneur mit
120 2828 845 2888 en Somnambulismus, die Telepathie,
2011 2869 3160 2918 in die Fenster schauen, dort ist sein Heim, von dem ein be¬
849 2871 2001 2923 40 oder 45 Jahren, einen Mann jenseits der Schaffensmitte,
124 2880 850 2942 rätselhaftes Wesen die Geliebte des
2014 2912 3151 2975 strickendes Aroma Altwiener Patriziertums, mit einem Schuß
845 2913 2005 2965 der immer nur den Schürzenschleifen und Automobilschleiern
125 2920 853 2992 seinem „Einsamen Weg“ erfüllt und
852 2949 3163 3026 nachlänft, den können wir fünf Akte hindurch nicht ertragen). Makartbouquet und Perserteppich, ausgeht. Die ganze Längs¬
125 2957 820 3034 nkelbeit gehüllten letzten Novellen.
622 3032 782 3111 PU
