3392 4352
1172 178 1642 293 box 39/1
185 210 1049 315 1. 50th Birthdav
516 1863 3086 1985 suchen, um Schnitzlers Christine eine gleich liebenswerte Gestalt an, versteckten Trieben der Seele, wenn sie im Dunkel tastet, und leidet,
510 1911 1794 1969 die Seite stellen zu können. Trotz der Sentimentalität, die sie zu¬
1800 1925 2553 2010 wenn sich die Arme im Glücke betrügt.
516 1952 1804 1997 letzt umgibt. Und wem hätte nicht die Bettlergeschichte „Vom
2684 1946 3056 2016 Fritz Droop.
136 1948 316 2023 tstage.
511 1989 1796 2050 blinden Geronimo und seinem Bruder“ oder die Er¬
1902 1962 3109 2090 *) Sämtliche Werke von Schnitzter sind bei S. Fischer=Berlin erschienen.
166 1995 506 2069 Jahre alt wird,
515 2032 1799 2080 zählung „Andreas Thameyers letzter Brief“ ans Herz
1879 2032 2435 2122 1
146 2050 495 2106 ublikums ein Me¬
515 2066 1806 2133 gegriffen? Wen zöge nicht der, echteste Großstadtatmosphäre aus¬
155 2090 511 2155 nAnlasses bedarf,
505 2104 1796 2157 strömende Roman „Der einsame Weg“ in seinen Bann, wer
192 2135 506 2183 machen. Wir
511 2146 1827 2204 bliebe hart bei der Schilderung des langsamen Unterganges des
159 2170 517 2227 das Werden der
510 2185 1798 2262 Schwindsüchtigen in der Novelle „Sterben“, die vielleicht das
164 2202 513 2272 Gaben, die uns
509 2223 1126 2285 stärkste seiner Prosawerke ist?
154 2242 513 2309 Freude und wird
609 2279 1793 2342 Als Schnitzlers männliche Leidenschaften die Oberhand ge¬
150 2287 511 2354 en, die uns nicht
501 2295 1795 2389 wonnen hatten, brach seine Liebe für das Historische stark hervor,
148 2328 510 2385 Weg geraten sind,
509 2363 1794 2425 und es entstanden jene Dramen von der Art des „Grünen Ka¬
155 2358 514 2432 noch lange, nach¬
510 2398 1795 2439 ladu“ wo das Spielen zwischen Schein und Wirklichkeit ebenso
510 2438 1804 2502 deutlich wird, wie im „Paracelsus“ das Ineinander von Wirklich¬
132 2433 340 2508 und Moll
369 2442 516 2523 — ein
520 2477 1805 2537 keit und Traum. Im „Schleier der Beatrice“ zeichnet der Dichter
339 2493 514 2551 1 — ein
149 2495 346 2550 elig spricht
512 2517 1800 2582 den Heißhunger nach Glück und die Enttäuschung, die dem lebens¬
141 2536 503 2593 Weinen, das von
506 2552 1797 2605 durstigen Filippo schließlich die Waffe in die Hand drückt, die ihn
165 2576 504 2635 ich noch immer
513 2594 1791 2652 von aller Erdenqual befreit. So wird das Weib der Feind, der die
145 2609 507 2669 nitzler las. Ein
508 2637 1793 2680 Sehnsucht nach Glück bestraft, der Feind, der letzten Endes Sieger
146 2658 514 2718 ner Kultur, hat
508 2669 1796 2733 bleibt. In neuerer Zeit ist Schnitzler zum historischen Drama zu¬
150 2693 503 2757 Strindberg und
505 2717 1786 2761 rückgekehrt, indem er im „Jungen Medardus“ das Wien vor 1809
144 2727 512 2797 nten zu geraten.
509 2747 1793 2818 zum Schauplatz leidenschaftlicher Kämpfe machte. Auch hier ist das
144 2771 500 2823 orden auf eigener
507 2776 1782 2844 Weib der rollende Ball, den die Männer zu werfen glauben, und
149 2813 511 2864 Dunkel verfolgen
506 2829 1800 2874 der sie immer wieder selber trifft. Der Roman „Der Wegins
150 2852 512 2910 ucht vom Baume
503 2862 1797 2906 Freie“ endlich ist eine. Verstehen und Liebe heischende Geschichte
135 2896 500 2950 trug und Selbst¬
508 2900 1793 2965 der gegenwärtigen jüdischen Strömungen und wie alle Bücher
154 2923 503 2987 zu Mensch, trotz
507 2938 1799 3018 Schnitzlers von dem Pulsschlag starken inneren Erlebens durch¬
149 2966 505 3036 newig zwischen
511 2970 895 3044 glüht und geadelt.
611 3029 1798 3098 So ist Artur Schnitzler weit über jene Erstlingswerke der
140 3031 512 3115 öffentlichung der
513 3058 1799 3130 Liebespsychologie hinausgewachsan, die seine starke Position in der
139 3073 507 3148 ien auf die Spur
514 3111 1796 3172 zeitgenössischen Literatur begründeten, und es liegt eine schwere
145 3130 504 3189 uinischen Grund¬
504 3132 1799 3214 Ungerechtigkeit darin, ihn immer nur als den Dichter des „Süßen
146 3170 501 3223 n und Melancho¬
501 3176 1789 3249 Mädels“ abzutun. Der Tod der Menschen, die er als Arzt hat
139 3210 504 3267 gt herb ein Weh,
502 3226 1797 3293 ringen und sterben sehen, ist nicht spurlos an ihm vorübergegangen,
147 3243 500 3307 der Novelle vom
502 3262 1790 3329 und der Gedanke an das Nachher faßt ihn mit Schauern an, weil
150 3282 507 3355 logischen Analyse
505 3288 1790 3357 weder der Glaube, noch die Wissenschaft hier Antwort geben, die
144 3321 505 3387 s „Dämmer¬
500 3333 1788 3400 ihn trösten kann. „Warum reden sie vom Sterben?“ heißt es im
159 3361 505 3429 spiel“ in dem
510 3376 1798 3446 „Einsamen Weg“ und die Antwort lautet: „Gibt es einen anstän¬
203 3394 498 3464 „Amadeus
501 3408 1783 3471 digen Menschen, der in irgend einer guten Stunde an etwas ande¬
150 3437 499 3502 kilie an uns vor¬
506 3455 1775 3526 res denkt?“ Wer so vom immer gegenwärtigen Todesgedanken be¬
160 3479 500 3547 e letzten Spuren
507 3500 1789 3568 gleitet wird, für den gibt es kein lässiges Erfassen der Lebensidee,
151 3524 508 3588 ragik Platz ge¬
499 3539 1775 3609 der hält mit allem, was er denkt und dichtet, wie Ibsen Gerichts'
162 3545 514 3625 schon fehr 1az#¬
551 3576 1775 3642 über sein eigenes Selbst. Der sucht mit allen Fühlern nach de
