3344 4352
181 229 256 300 1
1183 224 1608 321 box 39/1
250 229 1028 316 50th Birthday
417 1115 1637 1218 Ausschnitt aus: ORESDNER ANZEIGER
410 1227 1038 1327 vom: 14. MAL 1912
448 1277 713 1350 Literdrur
405 1344 1413 1432 * Zum 50. Geburtstag von Autbur Schnitler
342 1407 1506 1442 Klieste der Dichter, die uns der gute Jayrgang 1861 be¬
342 1437 1505 1500 scherte, Arthur Schnitzler, vollendet am Mittwoch das
332 1476 1504 1543 fünfzigste Lebensjahr. Seit der junge Wiener Arzt 1893
331 1519 1491 1581 seinen melancholisch=leichtsinnigen Anatol durch die sieben
337 1554 1490 1605 Einakter seines Junggesellenlebens führte, „frühgereift
325 1607 1497 1661 und zart und traurig“, die halben Empfindungen festzu¬
323 1623 1488 1687 halten wußte und für einfachstes Geschehen die zart an¬
328 1677 1484 1722 deutende, wie von einem lyrischen Unterton getragene
321 1712 1491 1755 und doch scharfe Anmut seiner Sprache formte, gilt er in
321 1748 1494 1797 seiner Heimat und bei uns draußen im Reich als einer
316 1791 1492 1830 der führenden Vertreter des österreichischen Schrifttums.
319 1829 1483 1883 Und wie in symbolischer Handlung gab sein Landsmann
312 1871 1485 1912 Hugo v. Hofmannsthal sein reizvoll spielendes Ein¬
314 1913 1477 1961 leitungsgedicht dem Anatol auf den Weg. Schnitzler, der
322 1944 1487 2000 Sohn des Wiener Laryngologen Professor Johann Schnitz¬
311 1984 1486 2045 ler, war damals mit 31 Jahren Assistent an der Wiener
311 2025 1477 2078 Poliklinik. Er hatte die Universität seiner Vaterstadt be¬
325 2053 1483 2122 sucht und war dann Sekundärarzt im Allgemeinen
311 2103 1469 2151 Krankenhause geworden. Seitdem lebt er zugleich seinem
317 2141 1467 2188 literarischen Schaffen und der ärztlichen Praxis. Der
311 2174 1479 2235 Mann, der im Leben steht, überall das Leid sieht und
315 2217 1481 2279 überall helfen will, nicht einer, der am Schreibtisch
307 2250 1469 2307 literarische Probleme erklügelt — so steht Schnitzler vor
307 2306 1478 2352 uns. Österreicher ist er mit der schwermütigen Liebens¬
305 2345 1472 2392 würdigkeit seines Wesens, seiner gedämpften geistreichen
309 2375 1467 2425 Heiterkeit. In Wien, von kurzen Abstechern abgesehen,
312 2409 1472 2469 spielen seine Werke, von denen wir nur nennen: Liebelei,
310 2453 1468 2518 Der grüne Kakadn, Leutnant Gustl, Der einsame Weg,
282 2481 1149 2544 Das weite Land, Der junge Medur#u#¬
410 2514 1453 2581 *Dichtern und Denkern eine Staatsrente! Im
1192 2574 1456 2636 S#fr. 0
2232 491 2508 572 tes
1903 508 2964 627 M#AedaceeAger
1929 587 3114 691 beic Motihes
2084 2187 2832 2281 Artnur Schnitzler.
2289 2274 2637 2356 1862-15-1912.—
2089 2376 2909 2450 Att den österrikiske dramatikernD
2058 2423 2916 2510 Arthur Schnitzler pä onsdagen fyllerk
2048 2483 2879 2550 50 är, kan äfven intressera svensk pu¬
2050 2535 2875 2599 blik, com sett nägra af hans pjäser
2061 2584 2640 2654 pä vär hufvudstads scener.
2087 2624 2875 2689 Det stycke af honom, som tysk kri¬
2059 2673 2873 2738 tik stundom har satt högst, hans de¬
2064 2734 2863 2787 butdrama frän 1895, 'Liebelei' hand¬
2055 2773 2857 2855 lar om en ung flicka, som efter ein
2061 2838 2857 2902 älskades död upptäcker, att hon för
2057 2897 2860 2954 honom blott varit en leksak. Bland
2045 2946 2852 3010 hans senare pjäser märkas 'Einsamer
2057 3000 2862 3067 Weg'' och ett antal enaktare, bland
2047 3034 2854 3127 hvilka vär främsta dramatiska scen
2051 3092 2848 3160 uppfört exempelvis de verksamma'' Da¬
2045 3135 2840 3217 med med dolken' '’Gröna papegojan''
2055 3184 2855 3269 (en liten ypperlig situation frän 1789
2051 3248 2863 3311 ärs Paris) samt cykeln 'Anatol’. En,
2052 3297 2863 3362 älskvärd och poetisk fantasi, ett visst
2050 3338 2860 3435 vemod, men äfven en särdeles spiri¬
2054 3406 2851 3482 tuell anda räda i dessa. och andra af
2051 3445 2848 3530 Schnitzlers pjäser. Deras intryck är
2045 3494 2868 3595 icke starkt men fint. Han kan ocksä
2051 3569 2859 3627 vara en diskret novellist, medan hane
2102 3623 2852 3689 i somras öfversatta och i denna tid¬
2044 3649 2860 3724 ning anmälda — roman Der Weg ins
2041 3720 2864 3791 Freie' knappt är nägot särdelcs afse¬
2496 3758 2750 3844 00 b se¬
2058 3772 2343 3845 värdt arbete.
