3344 4352
224 224 1545 316 Soth Birthdag box 39/1
1859 107 2879 164 durchflochtenen Conference über Artur Schnitzler er¬
1857 145 2880 228 öffnete. Salten war mit Schnitzler schon zu einer Zeit
1854 191 2886 267 freundschaftlich verbunden, wo die neue literarische
1860 246 2877 292 Generation einem großen Widerstande begegnete, noch mehr
1852 282 2873 355 beim großen Publikum als bei der literarischen Kritik.
1848 333 2885 394 Es sind kaum zwanzig Jahre her, daß die Anatolszenen
1852 383 2879 452 zuerst erschienen sind, die jetzt einzeln oder zusammen fast
1846 426 2871 491 keiner deutschen Bühne fehlen. Erst siebzehn Jahre sind
1840 476 2885 540 es her, daß die „Liebelei“, die einen neuen Mädchentypus
1847 521 2873 589 in die deutsche Poesie brachte, „Das süße Mädel“, dessen
1845 568 2876 632 Variationen uns nun schon fast zum Ueberdruß be¬
1847 620 2869 662 gegnen, zuerst gespielt wurde. Wie hat sich seitdem die
1841 649 2873 729 Zeit verändert! Man kommt, sagte Salten ungefähr,
1846 710 2873 756 über die Verwunderung ob der Feindseligkeit der älteren
1856 743 2870 819 Generation gegen diese neue Poesie gar nicht heraus. Zwar
1849 790 2876 851 haben verständnisvolle Männer, wie Friedrich Uhl, auch
1847 852 2886 911 nicht so ganz ohne Vorbehalt der neuen, manche Schleier
1848 894 2879 956 der Konvention zerreißenden Erotik zugestimmt; aber Uhl
1856 932 2874 1008 sagte doch: „Ich kann mir nicht helfen. er schreibt pracht¬
1848 968 2881 1031 voll!“ Das war zur selben Zeit, wo die höheren Töchter
1845 1022 2869 1078 noch für die „Aegyptische Königstochter“ schwärmten,
1844 1067 2873 1141 und gute Männer, die berufsmäßig Wohltätigkeit zu üben
1844 1116 2864 1186 pflegten, „Hanneles Himmelfahrt“ von Georg Haupt¬
1838 1163 2871 1231 mann für ein — pornographisches Werk erklärten! Da,
1846 1216 2871 1274 meinte Salten, war allerdings eine Verständigung der
1847 1248 2873 1329 Generationen kaum möglich und die neue Poesie mußte
1851 1293 2881 1360 sich ihr Publikum erst erziehen. Kunst und Moral werden
1851 1345 2865 1417 in jedem Zeitalter solche Kämpfe miteinander auszu¬
1845 1393 2876 1462 fechten haben, führte Salten weiter aus, und zeigte, wie
1843 1438 2872 1514 erziehend gerade auch diese dem älteren Geschlechte oft
1837 1487 2869 1555 so gefahrvoll erschienenen Liebesdichtungen Schnitzlers auf
1838 1525 2866 1602 das Gemüt wirken. Entscheidend für das ganze Seelen¬
1831 1582 2865 1653 leben sowohl des Mannes wie des Weibes ist es, in welcher
1831 1635 2864 1688 Weise sie zum erstenmal die Liebe kennen gelernt haben.
1833 1670 2862 1740 Der tiefe Humanismus, die Wärme und Güte Schnitzlers,
1846 1716 2867 1795 sein großes Mitleid mit den Schwachen, der Mut seiner
1838 1776 2863 1815 Kritik an den Starken und Mächtigen — sie sind die
1835 1812 2867 1866 Quellen seiner Dichtung. Dazu kommt noch ihre spezifisch
1834 1863 2866 1925 wienerische Note. Salten zog hier Vergleiche mit dem
1832 1909 2858 1979 Charakter der Londoner und Berliner Natur und Poesie,
1837 1953 2860 2018 wies auf die Schönheit und Bedeutung der „Patina“ an
1831 1997 2857 2050 der Kultur Wiens und wies auf Schnitzlers Verwandt¬
1842 2045 2864 2118 schaft mit dem Pariser Henri Murger hin. Nur in dem
1829 2094 2859 2161 einen Punkte muß man die Darstellung Saltens ergänzen,
1832 2139 2866 2204 da er behauptete, daß Schnitzler der allererste gewesen!
1828 2187 2852 2247 wäre, der die spezifisch wienerische Note in die Poesie
1830 2229 2846 2302 gebracht hätte. Er vergaß offenbar, daß Grillparzer
1820 2263 2849 2333 im „Armen Spielmann“, die noch heute nicht übertroffene
1828 2319 2853 2401 erste Wiener Novelle, geschrieben hat, und daß Adalbert
1827 2362 2863 2424 Stifter, Ferdinand v. Saar, Marie Ebner ihm hier
1820 2410 2849 2488 Gefolgschaft leisteten und neue Töne anschlugen: Im
1830 2463 2846 2522 übrigen hielt sich Salten bei aller Wärme für den ge¬
1836 2508 2851 2582 feierten Dichter mit gutem Geschmack von Ueberschwäng¬
1821 2556 2857 2621 lichkeiten fern und sprach auch von den äußerlich günstigen.
1830 2596 2857 2663 Umständen, welche die Wirkung Schnitzlers ins Breite
1823 2650 2846 2711 förderten. Schon das aber, so schloß Salten, sei ein Vor¬
1823 2689 2844 2761 teil, daß sich heute die zwei literarischen Generationen nicht
1825 2736 2846 2793 mehr so unversöhnlich wie vor zwanzig Jahren gegenüber¬
1828 2784 2840 2850 stehen. Die weitere Entwicklung des nun erst auf die Höhe
1821 2832 2855 2916 des Lebens gelangten Dichters könne noch gar nicht ab¬
1830 2874 2111 2939 gesehen werden.
1927 2910 2845 2976 Saltens jedem Pathos anmutig ausweichendes
1822 2969 2849 3020 Plauderei wurde mit großem Beifall ausgenommen, und
1817 3011 2834 3082 dann lasen drei der beliebtesten Wiener Künstler aus
1820 3068 2836 3128 Schnitzlers Dichtungen vor. Frau Elsa Galafrés¬
1824 3107 2841 3162 Hubermann vom Deutschen Volkstheater las „Dies
1817 3151 2832 3223 dreifache Warnung“, jener erschütternde Aufschrei des Welt¬
1822 3200 2843 3255 schmerzes über das undurchdringliche Dunkel des Lebens,
1810 3249 2838 3323 bessen innere Gesetzmäßigkeit und Gerechtigkeit wir ahnen,
1818 3302 2829 3348 ohne darum geschützt vor Fehl und Irrtum zu bleiben.
1807 3333 2850 3431 Dann las Fräulein Lilli Marberg vom Burgtheater die
1788 3437 2825 3511 Geschichte „Der Ehrentag“ vor: die Tragödie des armen,
1795 3465 2822 3533 zu kleinen Nebenrollen verurteilten, in seinen künstlerischen
1808 3516 2827 3579 Hoffnungen vom Leben so tief enttäuschten Schauspielers,
1809 3560 2838 3617 mit dem sich übermütige Jugend einen unverantwortlichen
1799 3609 2827 3680 Scherz erlaubt hat. Die Wirkung der sich erschütternd zu¬
1802 3647 2816 3723 spitzenden Erzählung blieb bei der Vorlesung des Fräuleins
1802 3697 2816 3758 Marberg nicht aus. Und endlich — es war schon spät, nach
1810 3743 2826 3808 elf Uhr nachts geworden — las Herr Arnold Korff uns
1799 3789 2822 3834 die prachtvolle Geschichte „Exzentrik“ vor, aber mit so
1803 3825 2823 3896 amüsanter Charakteristik der einzelnen darin zitierten
1804 3883 2823 3931 Schauspieler (Sonnenthal, Mitterwurzer), und so humor¬
1806 3929 2831 3981 voller Zeichnung der Exzentrikdame in ihrem internationalen
1804 3973 2848 4052 Sprachgemisch, daß er trotzdem große Heiterkeit erweckte,
1799 4013 2283 4091 und reichen Beifall erntete.
