3296 4352
1178 220 1579 302 box 39/1
170 227 994 313 1. 5oth Birthdav
563 1265 1348 1382 Klose & Seidel
510 1350 1411 1455 = Bureau für Zeitungsausschnitte. =
468 1411 1449 1509 Berlin NO.43, Georgenkirchplatz 211.
572 1541 1361 1605 (Liest die meisten Zeitungen und ist das
568 1583 1374 1660 bestorganisierte Bureau Deutschlands.)
439 1697 1362 1815 Zeitung: Dresdner Anzeiger
1078 1805 1412 1885 Dresden
455 1838 589 1898 Ort:
1275 1898 1504 1975 asssstasessesen
453 1946 851 2032 Datum:
762 1987 1026 2075 14.Mai
579 2113 843 2164 Literatur
593 2133 1635 2224 Zum 50. Geburtstag von Arthur Schnitzler. Der
478 2202 1633 2257 älteste der Dichter, die uns der gute Jahrgang 1861 be¬
481 2235 1636 2296 scherte, Arthur Schnitzler, vollendet am Mittwoch das
475 2279 1638 2341 fünfzigste Lebensjahr. Seit der junge Wiener Arzt 1893
476 2311 1640 2376 seinen melancholisch=leichtsinnigen Anatol durch die sieben
484 2349 1641 2413 Einakter seines Junggesellenlebens führte, „frühgereift
467 2391 1634 2434 und zart und traurig“, die halben Empfindungen festzu¬
471 2430 1636 2504 halten wußte und für einfachstes Geschehen die zart an¬
477 2463 1641 2542 deutende, wie von einem lyrischen Unterton getragene
469 2523 1630 2573 und doch scharfe Anmut seiner Sprache formte, gilt er in
471 2546 1637 2611 seiner Heimat und bei uns draußen im Reich als einer
464 2579 1637 2661 der führenden Vertreter des österreichischen Schrifttums.
457 2629 1643 2695 Und wie in symbolischer Handlung gab sein Landsmann
472 2677 1635 2727 Hugo v. Hofmannsthal sein reizvoll spielendes Ein¬
473 2696 1638 2760 leitungsgedicht dem Anatol auf den Weg. Schnitzler, der
470 2739 1648 2813 Sohn des Wiener Laryngologen Professor Johann Schnitz¬
478 2780 1640 2844 ler, war damals mit 31 Jahren Assistent an der Wiener
482 2812 1654 2880 Poliklinik. Er hatte die Universität seiner Vaterstadt be¬
486 2854 1644 2922 sucht und war dann Sekundärarzt im Allgemeinen
469 2897 1638 2952 Krankenhause geworden. Seitdem lebt er zugleich seinem
473 2957 1642 3004 literarischen Schaffen und der ärztlichen Praxis. Der
489 2977 1645 3038 Mann, der im Leben steht, überall das Leid sieht und
477 3019 1649 3077 überall helfen will, nicht einer, der am Schreibtisch
482 3042 1641 3120 literarische Probleme erklügelt — so steht Schnitzler vor
471 3083 1651 3171 uns. Österreicher ist er mit der schwermütigen Liebens¬
475 3126 1646 3190 würdigkeit seines Wesens, seiner gedämpften geistreichen
481 3166 1651 3232 Heiterkeit. In Wien, von kurzen Abstechern abgesehen,
481 3206 1669 3275 spielen seine Werke, von denen wir nur nennen: Liebelei,
473 3242 1655 3313 Der grüne Kakadn, Leutnant Gustl, Der einsame Weg,
474 3285 1311 3380 Das weite Land, Der junge Medardus.
2278 276 2660 357 tentlienangabe ohne Gewühr.
1950 307 2312 404 ueschnitt aus:
2515 346 3090 451 eesen Zeitung, Berlin
2523 422 2876 500 genausgabe
1945 418 2538 526 m.I4 MAl 1912
2114 563 2809 638 Kunst und Wissenschaft.
2090 636 2953 695 Der älteste der Dichter, die uns der gute Jahr¬
2007 681 2939 732 gang 1861 bescherte, Arthur Schnitzler, vollendet
2648 716 2939 770 Seit der junge
2006 719 2647 781 morgen das fünszig
1995 756 2944 808 Wiener Arzt 1893 seinen melanchonhisinnigen
2006 794 2957 863 Anatol durch die sieben Einakter seines Junggesellen¬
2259 824 2943 889 „frühgereift und zart und traurig“
2005 842 2258 900 lebens führte,
2777 871 2946 925 wußte!
2004 886 2778 931 die halben Empfindungen festzuhalten
2132 898 2942 969 für einsachstes Geschehen die zart an¬
1999 926 2099 982 und
2009 943 2939 1009 deutende, wie von einem lyrischen Unterton
2013 972 2964 1047 getragene und doch so pikante Anmut seiner
2014 1029 2947 1093 Sprache formte, gili er in seiner Heimat und bei)
2016 1079 2950 1126 uns draußen im Reich als einer der führenden Verz
2017 1105 2952 1168 treter des österreichischen Schrifttums. Und wie i
2012 1169 2951 1203 symbolischer Handlung gab sein Landsmann Hugo
2026 1166 2982 1248 von Hofmannsthal sein reizvoll spielendes Einleitungs= K.
2019 1230 2946 1294 gedicht dem „Anatol“ auf den Weg. Schnitzler —
2028 1263 2958 1320 einunddreißigjährig — war damals Assistent an der
2029 1308 2962 1369 Wiener Poliklinik. Der Sohn des Wiener Laryn¬
2023 1354 2961 1401 gologen Prof. Johann Schnitzler, besuchte er die
2027 1393 2967 1440 Universität seiner Vaterstadt und wurde dann Sekun¬
2021 1423 2960 1484 därarzt im Allgemeinen Krankenhause. Seitdem lebt
2029 1465 2974 1537 er nicht nur seinem literarischen Schaffen, sondern
2029 1512 2929 1562 auch der ärztlichen Praxis. Der Mann, der ##
2018 1546 2973 1596 Leben steht, überall das Leid sieht und überall helfen
2031 1605 2968 1645 will, nicht einer, der am Schreibtisch literarische Pro¬
2026 1625 2967 1687 bleme erklügelt — so steht Schnitzler vor uns, Oester¬
2023 1656 2967 1724 reicher ist er mit der schwermütigen Liebenswürdigkeit
2038 1704 2967 1765 seines Wesens, seiner gebämpften geistreichen Heiter¬
2038 1726 2966 1802 keit. In Wien, von kurzen Abstechern abgesehen,
2033 1781 2971 1853 spielt sein Schaffen. Aber er ist kein Stockwiener:
2044 1810 2965 1880 Sein Drama vom jungen Medardus ist voll des ironi¬
2035 1850 2969 1925 schen Hohnes über die Wiener von 1809, denen die Be¬
2033 1904 2966 1959 lagerung Wiens nur eine Gandi ist, während ihre Kinders
2040 1943 2965 2003 drüben bei Aspern fallen. Ueber Oesterreich hinaus
2041 1981 2962 2040 führte ihn gleich der Erfolg seines „Anatol“ — „Das
2037 2017 2967 2073 liebe süße Mädl“ dem Fontaue bereits den Platz ims
2039 2060 2975 2117 Roman gesichert hatte, eroberte sich nun von der#
2032 2103 2981 2164 Bühne die Herzen. In diesen Jahren blieb Schnitzler
2037 2142 2981 2201 dabei, in Gesellschaftsstücken von leicht Ibsenscher For¬
2034 2188 2966 2239 mung der Thesen eine ironische Kritik des österreichischen
2046 2232 2973 2284 Wesens zu üben. Die Schauspiele „Das Märchen",
2042 2257 2976 2323 „Liebelei“ und „Freiwild“ gehören hierher, später etwa
2038 2321 2977 2364 noch die „Lebendigen Stunden“. Als Erzähler trat
2039 2343 2978 2404 er in der minutiös zeichnenden Novelle, die das
2039 2383 2976 2441 Sterben eines Schwindsüchtigen schildert, in der
2049 2427 2974 2480 „Frau des Weisen“, dann in zwei Arbeiten voll
2041 2456 2980 2518 köstlich ironischer Grazie und bitter herben Leichtsinns,
2037 2501 2973 2548 der „Frau Bertha Garlan und dem „Leutnant
2048 2539 2981 2589 Gustl“ hervor. Schnitzler aber, wie er sich den
2038 2578 2984 2628 Vierzigern näherte, wollte mehr sein als der beste
2043 2612 2984 2673 Oesterreicher. Er schrieb das historische Kabinettstück
2054 2664 2990 2721 aus der Revolution „Der grüne Kakadu“, dann einen
2044 2699 2986 2761 vielleicht nur halbgelungenen Versuch auf dem Gebiete des
2050 2739 2988 2797 Stildramas, den „Schleier der Beatrice“ Seine
2043 2776 2982 2832 Menschendarstellung vertieft sich, dunkle Schicksale
2050 2828 2984 2874 reizen ihn zur Gestaltung, sein Skeptizismus, nur er¬
2050 2863 2991 2910 träglich bei einem Mann von so weicher Empfindsam¬
2046 2898 2986 2957 keit, steigert sich. 1904 erschien das Meisterwerk „Der
2062 2938 2988 2995 einsame Weg“. Von ähnlicher Haltung folgt das
2062 2971 2982 3033 Schauspiel „Der Ruf des Lebens“. Und Schnitzler,
2053 3013 2990 3069 der in der etwas gequälten Harmlosigkeit seiner
2057 3062 2993 3110 Puppenspiele sich das Marionettenkleid umgetan
2060 3096 2994 3159 hatte, läßt in den Novellen „Dämmerseelen“ Schicksale
2061 3138 2994 3193 aus dunklen Quellen rinnen und hat vor allem in
2066 3177 2993 3235 seinem großen Wiener Zeitroman vor der unerbittlichen
2068 3217 2994 3273 Logik des Lebens sich gebeugt, wenn er seinen aristo¬
2064 3254 3004 3309 kratischen Musiker nur über das Schicksal der Ge¬
2070 3292 2999 3352 liebten hinweg den „Weg ins Freie“ finden läßt.
2066 3345 3006 3393 Als Künstler, und nur als solcher, der die düsteren
2073 3391 3002 3435 Farben liebt und vor allem die schwerblütige Ironie,
2070 3413 3001 3471 tritt er, der Jude, der Indenfrage gegenüber, voll
2072 3443 3013 3509 trüber Ahnung von „dieses Volkes geheimnisvollem
2063 3490 3005 3556 Los“. Die großzügig ausgreifende Historie vom jungen
2070 3520 3017 3590 Medardus, den ein Weib zum Narren seines
2063 3565 3006 3628 Schicksals macht, und die Tragikomödie vom Weiten
2065 3596 2994 3674 Lund“, die in die Sphäre des Einsamen Weges“
2071 3645 2994 3708 zurückführt, sind die letzten Werke des Fünfzigers,
2072 3692 3011 3744 dessen innerer Reichtum, dessen seine Meisterschaft noch
2072 3729 2999 3783 lange nicht erschöpft scheint. Dem alternden Schnitzler
2065 3769 3010 3826 aber möge die tranrige Wahrheit erspart bleiben, die
2081 3814 3005 3863 eine seiner Meisterfiguren, der unglückliche Lebens¬
2071 3848 2997 3905 künstler Stefan von Sala im „Einsamen Wege“,
2072 3893 3013 3937 machen muß, wenn er die Höhe des Lebens über¬
2072 3925 3012 3979 schritten hat: „Wenn uns ein Zug von Bacchanten
2073 3967 2929 4026 begleitet, den Weg hinab gehen wir alle allein.
2573 4087 3294 4172 n
2121 4128 2186 4174 L
