3392 4352
259 243 964 333 Soth Birthdar
1114 227 1565 322 box 39/1
2616 82 2726 158 105
1782 95 2143 180 Ausschnitt aus:
2255 104 2567 185 Das Forum,
1779 185 2233 268 vom: 1-JUA1912
2180 308 2431 388 Notizen.
1879 372 2860 445 Vom Enfug des Sterbens“.) 101. Wir Men¬
1787 449 2871 493 Schen müssen uns alse, um des Glückes leil¬
1784 495 2877 553 haftig zu werden, das schiefe Denken und dus
1794 543 2806 606 ewige Schielen nach dem Ted abgewöhnen.
1883 576 2868 654 102. Gegenwärtig haben wir in Oesterreich
1786 644 2870 695 einen einzigen grossen Dichter: Arthur
1792 680 2879 746 Schnitzler. Manchmal lesen wir ihm, selten
1778 725 2878 811 kaufen wirsegar seine Bücher, aber jüngst
1791 794 2889 853 wurde er fünfzig Jahre alt, und da feierten
1790 841 2021 902 wir ihn.
1872 873 2873 932 103. Der grösste Satiriker aller Zeiten war
1709 912 2878 1012 ###auch ein Oesterreicher: Jenann Nestroy.
1800 971 2878 1035 Was für Geschichten machten wir mit ihm
1791 1022 2876 1080 neulich, als sich sein Todestag zum fünfzigsten
1795 1079 2086 1146 Male jährte!
1883 1132 2890 1193 104. Versteht man also, was wir unter
1802 1183 2885 1243 schiefem Denken meinen? Wir sollten den
1794 1234 2879 1289 Dichter wegen seiner Werke feiern, aber wir
1799 1268 2881 1336 müssen immer einen Gedenktag für seinen Tod
1864 1340 2876 1397 er kommt eder war schon da — haben, ehe
1795 1383 2889 1442 wir uns seiner erinnern. Und dabei müssen
1807 1429 2631 1483 wir immer runde Zahlen haben.
1893 1487 2882 1536 105. Wir sollten uns auch die Feier der
1802 1527 2886 1588 Geburtstage abgewöhnen. Was ist es auch für
1805 1580 2888 1636 eine besondere Sache, dass wir einmal ge¬
1804 1623 2886 1684 beren wurden? Was für einen Sinn hat es auch,
1800 1673 2890 1736 dass man einem ein langes Leben und Gesund¬
1808 1723 2894 1781 heit wünscht? Wobei wir doch alle wissen,
1809 1770 2896 1838 dass solch ein Wunsch eine leere Phrase be¬
1808 1829 1983 1892 deutet.
1895 1863 2895 1930 106. Langes Leben und die Gesundheit da¬
1808 1920 2883 1984 bei, das hängt nur von unserem Denken ab.
1817 1972 2881 2032 Und in unser ruhiges Denken fallen diese fata¬
1805 2016 2883 2076 len Glückwünsche, die uns sagen: Mensch, ge¬
1810 2075 2257 2142 denke des Todes!
1904 2103 2898 2186 107. Ein Mann, der von Bagdad kam, traf
1814 2170 2887 2229 unweit Damaskus ein seltsames Weib, das sei¬
1819 2226 2899 2284 nen Weg ebenfalls nach dieser Stadt zu nehmen,
1815 2269 2897 2331 schien. Der Mann erfuhr zu seinem Entsetzen,
1812 2317 2903 2377 dass es die Cholera sei, und diese sagte ihm,
1818 2363 2894 2429 dass ihr Allah befohlen habe, in Damaskus
1822 2427 2891 2490 fünfhundert Menschen zu töten. „Bin ich dar¬
1816 2463 2880 2525 unter?“ — „Nein, dich habe ich nicht zu töten.“
1822 2523 2902 2577 Da ging nun der Mensch in die Stadt, bei deren
1824 2561 2895 2633 Ter er sich von der Botin Allahs trennte. Am
1818 2625 2885 2685 nächsten Morgen begann schon das grosse Ster¬
1859 2670 2923 2765 ben. Nach vier Wechen verliess der Mann
1864 2749 2933 2820 Damaskus, und als er so seines Weges schritt,
1862 2804 2949 2871 siehe da, da kam ihm die Cholera nach. „Dug
1861 2871 2937 2916 hast das Gebet Allahs schön vollzegen“, sprach
1856 2898 2935 2954 er zu der Fürchterlichen, „du hättest fünfhun¬
1855 2945 2951 3017 dert Menschen löten sollen, allein es starben weit
1863 2995 2948 3069 über fünftausend.“ — „Nicht ven meiner
1866 3053 2951 3123 Hand,“ antwertete die Cholera, ich habe nur
1859 3096 2945 3158 fünfhundert getötel; die anderen slarben an
1857 3145 2191 3219 der Angst.“
1955 3196 2951 3255 108. Die Bakteriolegen sollten diese Mär
1863 3266 2951 3316 nie vergessen und uns stets daran erinnern, dass
1862 3298 2943 3356 die mikreskopisch kaum wahrnehmbaren Or¬
1857 3335 2949 3412 ganismen uns nur dann schaden können, wenn
1865 3409 2946 3462 wir selber geschwächt sind, und dass unsere
1865 3446 2946 3508 Schwäche wieder auf Gefühle der Furcht zu¬
1864 3503 2286 3569 rückzuführen ist.
1966 3552 2948 3612 109. Natürlich müssen wir uns auch vor Tor¬
1867 3613 2951 3660 beilen bewahren. Springe ich mit den Worten:
1872 3651 2944 3711 „Ich will leben“, vom vierten Stock auf die
1886 3708 2948 3761 Strasse, se werden meine Glieder zerschellen.
1877 3749 2954 3816 Und reiche ich einem Tuberkulesen die Hand,
1875 3812 2731 3865 se werde ich sie mir dann waschen.
1968 3865 2953 3926 110. Wir bergen in uns die verschiedensten
1879 3911 2954 3980 gesundheilsschädlichen Bakterien, aber sie tun
1877 3964 2969 4039 uns dech nichts, insclange wir selber krüftig
1881 4020 2022 4076 Sind.
2755 4040 2926 4125 g. I.
1973 4051 2266 4151 e
