3344 4352
1514 99 2475 162 M.
488 130 1497 188 geheure Mannigfaltigkeit von Eigenschalten im Seelen¬
1510 155 1977 214 Marktware geschrieben.
484 164 1509 232 komplex jedes einzelnen. Seine Menschen sind kom¬
1561 169 2550 248 Der fünfzigjährige und doch so jugendfrische Dichter!
477 204 1507 265 pliziert, zerklüftet, schwankend. Sie sind immer im
1510 207 2550 280 hat eine große andächtige, nicht bloß numerisch,
488 240 1515 298 Fluß. Was man an ihnen tadeln könnte, ist, daß sie
1512 264 2531 317 sondern auch qualitativ überaus starke Gemeinde in
483 295 1510 339 keine Spur von Lebensfreude haben. „Ich finde die
1515 286 2562 368 Wien, die es sich angelegen sein lassen wird, das er=
481 331 1399 384 Lebensfreude — sagt Strindberg aber einmal
1509 336 2546 413 reichte halbjahrhundertste Lebensjahr ihres Apostels!
471 366 1369 423 den starken grausamen Kämpfen des Lebens.“
1512 383 1908 454 würdig zu begehen.
2319 370 2729 464 2. 2. er
551 404 1517 470 Diese Lebensfreude war ihm selber reichlich zuteil
2522 438 2708 488 In' der
476 439 1528 504 geworden. Von dem Opus des Zwanzigjährigen „de
1569 457 2720 526 Ein merkwürdiges Wahlprograte Werk 18
486 488 1513 539 creatione ct sentenzia vera mundi“, das die
1527 518 2719 572 Harmand, Grundst icksmakler und Häuservermittler in Residen;
471 534 1508 587 Mysterien der inneren Kämpfe darstellt, bis zum
1523 541 2535 596 Longuyon, hat seine Mitbürger mit einer eigenartigen
2527 557 2723 613 Bearbei
489 564 1521 625 „Blaubuch“ des Sechzigjährigen kann man eine gerade
1530 590 2526 636 Kundmachung beglückt. „Das Gesetz“, sagt er im Eingang
2538 601 2709 654 kinder“
479 605 1511 659 Linie ziehen, die den Weg eines genialen Menschen
1518 617 2520 671 des Manisests. „ermächtigt Euch, einen neuen Gemeinderat
2527 633 2723 700 man sich
479 653 1511 702 bezeichnet, der stark gelitten, grausam gekämpft, viel
1521 663 2533 708 zu wählen. Ihr braucht aber für diesen Gemeinderat einen
1519 683 2721 741 Mann. Longuyon besitzt ihn und ahnt es nicht: ich selbst von H
489 687 1519 748 erfahren und ungeheuer viel gelernt hat. Ueberblickt
1520 722 2661 778 bin dieser Mann. Aus Temperament bin ich Republikaner, Anti= und
493 730 1516 781 man ihn, dann erkennt man in Strindberg den ewigen
2537 753 2710 812 worden
1532 765 2526 813 bilist (gegen die Schwarzgalligkeit) und Antiasthmatiker.
484 776 1519 826 Renegaten; einen Rebell, der den Himmel stürmt; einen
2538 794 2728 855 anteil d
1519 804 2523 853 Alle vier Jahre derselbe Schwindel. Ihr werdet einsehen,
483 816 1523 859 Uebermenschen, der die Erde vernichtet und von neuem
1518 836 2530 888 daß dies noch bis zum Weltuntergang so weiter gehen
2532 844 2730 896 einem n
493 851 1515 913 gestaltet; der die Götter erst untersucht, ehe er sich zu
1525 873 2532 923 kann. Man hat Euch den Mond versprochen, und Ihr
2541 883 2724 937 sich Fra
488 890 1526 948 ihnen bekennt, und denen er abtrünnig wird, wenn sie
1522 906 2534 958 habt Euch auf die Versprechungen verlassen: aber habt
2538 924 2718 991 an die
482 933 1519 991 nicht gehalten, was er erhoffte; einen Menschen
1524 935 2528 999 Ihr etwas davon zu sehen bekommen? Ich verspreche
2545 959 2711 1018 ward t
498 981 2526 1043 schließlich, der ein Kind war und geblieben ist und nur reale Dinge“. Und Herr Harmand zählt auf, was
2535 1001 2698 1057 lotte #
1534 1016 2541 1071 seine Wähler von ihm erhoffen dürfen: „Wenn ich
493 1015 1532 1072 der noch als Greis an das Leben glaubte als an ein
2538 1040 2726 1099 Keldt
1523 1053 2547 1105 gewählt werde, vertrinke ich in jedem Kaffeehause
487 1060 1524 1106 Märchen. Denn das klingt immer wieder auch in
2539 1082 2713 1144 auch K
1524 1089 2536 1138 50 Francs.“ Dadurch sind nicht nur die Kaffeehausbesitzer,
504 1110 1534 1155 seinen Briefen an mich durch: „Sie müssen zum
2540 1120 2710 1171 und G¬
1533 1129 2537 1178 sondern auch die Weinhändler und die Kaffeehausgäste, die
497 1147 1529 1194 Kinde werden, schöne Märchen lieben und glauben,
2539 1159 2719 1222 Rhythn
1528 1163 2537 1221 freigehalten werden, an Hamands Erfolg interessiert.
497 1172 1517 1227 wie unglaublich sie auch erscheinen. Dann kommt
1534 1195 2533 1249 „Euch, meine Herren Bäcker“, heißt es weiter, „kaufe ich
2545 1205 2728 1255 ersten I
492 1221 972 1292 das himmlische Glück“.
1534 1225 2536 1281 Brot ab, und Euch, meine Herren Kuchenbäcker, Kuchen.
2540 1246 2719 1297 deutsch
561 1253 1517 1310 Nun er tot ist, möchte man Zwiesprach halten
1535 1265 2530 1320 Ich nasche gerne und liebe Lecereien. Wenn Ihr für mich
2544 1286 2715 1337 hin m
491 1288 1528 1366 können mit seinem Geist, um etwas von dem Märchen
1533 1297 2535 1354 stimmt, verdoppele ich meine Bestellung, damit meine Gäste,
2550 1321 2731 1381 gemälde
1540 1339 2545 1390 die alle Süßmäuler sind, reichlich zu essen bekommen.“
496 1345 1523 1417 des Himmels zugerfahren, an das seine gottesdurstige
2542 1356 2735 1435 Leitung
1532 1373 2541 1427 Den Fleischern und Wurstmachern wird das gleiche ver¬
510 1388 1524 1453 Seele wähn#nd ihrer Erdentage immer geglaubt hat.
1527 1400 2553 1463 sprochen. Den Brauern gegenüber könnte Harmand in
1521 1437 2543 1505 einige Verlegenheit geraten, denn er trinkt nur Wein;
2599 1451 2725 1512 Au¬
810 1472 1254 1545 Artur Schnitzler.
1537 1465 2552 1538 aber er hebt hervor, daß er ihnen, so oft er in der Stadt
2549 1485 2724 1552 Direkto
1530 1519 2537 1569 oder in der Umgegend ein Grundstück für ein neu zu er¬
556 1520 1398 1598 Unser Wiener Korrespondent schreibt uns:
2549 1538 2725 1597 Magdel
1536 1558 2538 1606 öffnendes Lokal verkauft, neue Absatzgebiete verschafft. Den
560 1557 1526 1625 Artur Schnitzler wirklich schon Fünfzig?
1536 1601 2717 1645 Dienstboten ruft er ins Gedächtnis, daß er ein Stellen=spielen,
508 1613 1537 1670 Wenn's nicht verbürgt wäre und die allergetreuesten
2547 1618 2730 1676 Magdel
1538 1624 2547 1679 vermittlungsbureau begründet hat. Er hat allen Ständen
505 1654 1525 1714 Biographen des liebenswürdigen Wiener Poeten es
1536 1671 2555 1717 Verdienst und Arbeit verschafft und wird, wenn er gewählt
2551 1661 2719 1715 Ensem!
499 1695 1529 1747 nicht authentisch verzeichnet hatten, müßte man das
1544 1697 2554 1747 werden sollte, ihnen noch weit mehr Arbeit ins Haus bringen.
2549 1703 2707 1755 eine#
1541 1728 2541 1781 Er wird der Wohltäter aller Geschäftsleute sein, und wenn
517 1732 1527 1790 für ein Märchen halten, denn nichts an Schnitzler,
2556 1742 2698 1796 Frau
1540 1763 2545 1837 sie sich einmal ihres Geschäfts entledigen wollen, wird er
510 1779 1527 1822 weder in seiner frischen Schaffenskraft, noch in seiner
2559 1780 2713 1838 (abgese!
1552 1807 2541 1862 sicher „einen Esel“ finden, der es ihnen für einen
517 1817 1531 1872 äußeren Erscheinung deutet darauf hin, daß er diesen
2552 1823 2717 1874 treffen
1550 1833 2544 1889 recht guten Preis abkaufen wird. Die Aerzte, die Apotheker
521 1854 1536 1918 Zenithpunkt erreicht hat. Und doch: Schnitzler erst
2562 1866 2719 1916 Besetzu
1542 1875 2549 1933 sind ihm Dank schuldig; es gibt deren sechs in Longuyon,
512 1890 1532 1941 Fünfzig? Zieht man die Bilanz seines bisherigen
2557 1905 2733 1957 führung
1540 1911 2541 1964 und welchen von ihnen hätte er noch nicht beschäftigt?
512 1931 1542 1992 Schaffens, untersucht man namentlich seine Produktion
2553 1946 2737 1997 zwischet,
1538 1948 2552 2004 Beklagen könnte sich nur der Tierarzt; aber Herr Harmand
525 1980 1542 2030 in den letzten Jahren kritisch, so würde man glauben,
2562 1986 2740 2040 Drama
1551 1982 2550 2039 entschüldigt sich bei ihm so nett: „Herr Peccavy“ schreibt
521 2020 1538 2070 daß die abgeklärte Weisheit eines viel längeren
1544 2007 2551 2075 er, „Sie besuchen mich nicht allzu oft; es ist aber nicht
2556 2027 2739 2083 Mittwo
1549 2049 2554 2114 meine Schuld, daß Sie Asthmatiker nicht behandeln; ich
522 2058 1542 2120 Lebens sich da kundgiebt. Artur Schnitzler ist seiner¬
2566 2067 2725 2125 des De¬
1544 2090 2551 2151 gab Ihnen jedoch zwei Francs dafür, daß Sie meiner
517 2094 1542 2159 zeit der Begründer und durch eine geraume Epoche
2563 2104 2738 2174 gab an
2258 2124 2550 2178 Ich bin also
1543 2139 2266 2190 Katze den Schwanz gekürzt haben.
512 2137 1544 2202 der Führer der sogenannten Jungwiener Schule ge¬
2556 2144 2701 2197 Teile
1544 2164 2553 2217 immerhin Ihr Kunde.“ Herr Harmand setzt dann aus¬
513 2185 1537 2239 wesen. Er ist aber dann seine eigenen Wege gegangen
2569 2187 2717 2238 Vernei¬
1557 2200 2558 2253 einander, daß man im Stadtrat einen tüchtigen Mann
517 2214 1542 2269 und mit der sogenannten Jungwiener Schule
1548 2224 2737 2287 braucht, der sich durch Formalitätenkram nicht irre machen Wieder
509 2261 1546 2330 von heute hat er eigentlich nichts mehr gemein. Er
2556 2271 2720 2319 komme
1544 2271 2559 2321 läßt. Dieser tüchtige Mann ist gleichfalls nur er. Zuletzt
515 2307 1547 2360 ist einer von den wenigen Neidlosen, einer von denen,
1545 2306 2562 2360 teilt der sonderbare Kadidat den Wählern mit, daß er ihnen
2567 2310 2727 2366 abgesch
1553 2341 2560 2399 keine Wahlzettel ins Haus schicken wird. „Meine Gegner
509 2347 1546 2399 die gleichwie Hermann Bahr, jungen Talenten nicht
2564 2351 2694 2397 als G
1558 2374 2554 2432 werden Euch solche Zettel schicken. Streicht einfach den
520 2384 1542 2440 bloß mit freundlichem Zuspruch sich zuneigen, sondern
2575 2382 2720 2443 Adele
1555 2407 2560 2468 Namen des dümmsten von ihnen aus und setzt dafür den
519 2406 1549 2476 ihnen auch die Wege ebnen helfen. Schnitzler ist,
2571 2432 2692 2482 ging?
1561 2449 2558 2519 Namen Harmand. Hoch Frankreich! hoch die Republik!
515 2455 1545 2513 so wenig im engeren Sinne Lokales auch seine Werke
2564 2455 2728 2529 Regies
1549 2498 1866 2557 hoch Harmand!“
523 2503 1543 2557 an sich haben, doch ein echter Wiener Poet. Die
2559 2498 2734 2564 wußte,
1604 2518 2566 2597 Napoleons Degen. Schon während der Verbannung
516 2545 1556 2597 Psyche seiner Gestalten ist von besonders fesselndem
2565 2552 2735 2604 heutige
1564 2569 2558 2631 Napoleons wurde in Paris ein schwungvoller Handel mit
520 2585 1547 2637 Reiz, und man wird kaum einen von unserer neueren
2578 2594 2728 2644 Komöd
1563 2611 2568 2667 historischen Degen getrieben, die der Kaiser geführt haben
512 2625 1552 2677 großen deutschen Bühnendichtern zu nennen vermögen,
2571 2630 2731 2691 welche?
1555 2644 2557 2708 sollte. Nach seinem Tode setzte man den Reliquienhandel
513 2664 1557 2729 der Schnitzler in der Psychologie seiner Figuren über¬
2569 2673 2723 2725 haus i
1564 2686 2568 2744 fort, aber man sing doch an, gerade den Degen gegenüber
514 2709 1544 2762 legen wäre. Dies rührt vielleicht daher, daß Artur
2566 2712 2725 2771 selbst 9
1554 2718 2566 2777 vorsichtig zu werden. Denn es ist sehr zweifelhaft, ob
2569 2752 2732 2807 als S
526 2751 1556 2803 Schnitzler durch die harte Schule des Mediziners ge¬
1562 2758 2558 2812 Napoleon seit seinem Austritt aus dem eigentlichen
516 2787 1551 2847 gangen ist. Er hat auf dem Seziertisch sozusagen das
2570 2789 2743 2859 doch g.
1553 2791 2563 2850 Truppendienst, das heißt als erster Konsul und Kaiser die
1561 2827 2561 2881 Waffe öfter gewechselt hat, zumal er mit einem gewissen
525 2830 1554 2889 Innere des Menschen kennen gelernt, und nicht wenig
2574 2835 2719 2888 Gestal
1562 2862 2559 2926 Aberglauben an Dingen hing, die er in glücklichen Tagen
2576 2867 2720 2936 schatti,
522 2865 1547 2929 zu seiner seelischen Erforschung mag die ärztliche Ab¬
1565 2900 2565 2959 getragen hatte. Im Kampfe soll Napoleon nur dreimal
2570 2916 2719 2972 beseelt
513 2904 1556 2984 nahme der Beichten bei der großen Zahl seiner
2491 2932 2564 2980 zu
1555 2934 2504 3001 in die Lage bekommen sein, den Degen
2577 2949 2715 3018 so sin
517 2949 1101 3026 Patienten beigetragen haben.
1571 2972 2567 3030 gebrauchen. Das erstemal tat er es während des
586 2972 1558 3048 Das Sterben hat keiner vor Schnitzler so ergreifend,
2571 2996 2714 3050 mit d
1564 3004 2561 3066 Rückzuges aus Rußland 1812, einen Tag nach der
2572 3037 2719 3093 Gesell
523 3034 1555 3094 so wahr, so menschlisch schön geschildert. Die Wiener,
1559 3045 2573 3093 Schlacht von Mala=Jaroslawez, als ein Trupp Kosaken
2580 3079 2717 3130 wider
524 3074 1558 3127 namentlich aber die Wienerinnen, schätzen Artur
1557 3077 2573 3134 ihn und seinen Stab heftig bedrängte. Das zweitemal war
524 3109 1549 3162 Schnitzler als den großen Sänger der Liebe,
1560 3112 2567 3172 der Vorgang noch dramatischer. Es war bei Arcis=sur¬
2584 3117 2717 3175 burge
1569 3147 2577 3216 Aube 1814, als die Kavalleriedivision des Generals Colbert
520 3135 1559 3204 der Liebe mit all' ihren Abstufungen, mit ihren süßen
2587 3156 2704 3229 ihm :
1565 3183 2580 3253 gegen die Oesterreicher und Russen vorrückte, aber, von
527 3189 1549 3244 Reizen und ihren herben Schmerzen. Mit leichter
1569 3219 2578 3286 mörderischem Kartätschenfeuer empfangen. Kehrt machen
524 3234 1561 3294 Aquarellfarbe hub er an, als er seine „Anatol“=
1567 3256 2577 3319 mußte und von den Kosaken verfolgt wurde. Als
528 3271 1562 3341 Szenen schuf, und ganz realistisch, um nicht zu sagen
1568 3292 2575 3354 Napoleon das sah, geriet er außer sich vor Zorn; er
532 3318 1556 3372 naturalistisch war er im „Reigen“ — diesem Buch,
1571 3316 2593 3392 spornte sein Roß an und sprengte mitten in den Knäuel
2227 3366 2583 3415 Er wollte den
530 3361 1559 3414 das er allerdings nicht hätte der großen Oeffentlich¬
1568 3372 2220 3427 der Fliehenden und Verfolger.
521 3392 1561 3448 keit übermitteln sollen, die nur das Sinnliche
1571 3388 2580 3464 Degen aus der Scheide reißen, es gelang ihm jedoch
2583 3402 2720 3475 werd.
523 3437 1566 3500 daraus nahm und nicht die Absicht des Dichters ver¬
1560 3435 2580 3510 nicht: die Waffe war offenbar eingerostet. Erst mit Hilfe
2587 3458 2702 3506 eine
2138 3460 2516 3524 ihm, die Klinge
526 3468 1484 3528 stand. Sein chef d’oeuvre aber ist „Liebelei“
1570 3479 2149 3547 eines Adjutanten gelang es
2582 3492 2705 3549 punk
1575 3480 2565 3573 lockern, worei er sich an der Hand verletzte. Inzwischen
536 3510 1566 3569 blieben, diese packende Lebensschilderung, diese grandiose
2585 3526 2712 3594 unte¬
1571 3546 2571 3606 war bereits ein Teil der flüchtigen französischen Reiterei
533 3565 1565 3622 Wiedergestaltung eines Menschenschicksals. Die
2594 3578 2704 3633 seine
1576 3578 2575 3648 bis vor Arcis gekommen. Der Kaiser holte sie ein, machte
528 3603 1563 3649 Christine der „Liebelei“ wird immerdar als eine der
2576 3620 2695 3674 liche
1574 3613 2586 3687 vor dem Brückenkopf halt und rief, den Degen schwingend:
535 3644 1564 3695 reinsten und tiessten Schöpfungen der zeitgenössischen
2582 3656 2696 3705 Kün
1579 3654 2576 3716 „Wer wagt es, mich niederzureiten!" Die fliehenden
534 3679 1563 3743 Literatur, speziell der Wiener Bühnendichtkunst an¬
2581 3696 2695 3747 Stü
1576 3693 2583 3754 Truppen machten wie angedonnert Halt, wandten die Rosse,
536 3726 873 3793 gesehen werden.
1577 3726 2571 3786 griffen den Feind mit Todesverachtung von neuem an und
2589 3739 2702 3793 The¬
601 3747 1560 3811 Ein Wahrheitssucher und ein Wahrheitsfinder, hat
1575 3757 2580 3827 schlugen ihn zurück. Das dritte und letzte Mal zog
2579 3774 2707 3846 Zur
1576 3793 2578 3861 Napoleon den Degen bei Waterloo, als er am Abend, von
531 3800 1551 3867 Artur Schnitzler niemals die feinen ästhetischen Grenz¬
1573 3830 2578 3898 einem Karree seiner alten Garde geschützt, die Flucht er¬
529 3849 1561 3898 linien verlassen, in seinem Denken und Schaffen, in
1569 3863 2590 3935 griff. Noch einmal wollte er in dumpfer Verzweiflung den
532 3885 1567 3942 der Verfolgung seiner Ziele, ist er immer lauter und
1583 3900 2585 3972 Kampf wieder aufnehmen, aber bald ließ er die Waffe
539 3923 1564 3972 vornehm geblieben. Nicht das sexuelle Moment in
2577 3920 2686 3990 Dr.
1572 3949 2268 4027 sinken und ergab sich in sein Schicksal.
541 3962 1576 4029 der Ehe, sondern die geistige Zusammen¬
2593 3969 2701 4027 Ur
1632 3971 2580 4059 „Der Gardegraf“ ist der Titel eines humoristischen
543 4003 1575 4066 gehörigkeit zwischen Mann und Frau, zwischen
2582 4010 2699 4082 „T
538 4062 2589 4090 Ehemann und Eheweib beschäftigt ihn in seinen Romans, den Freiherr v. Schlicht soeben im Verlag Carl
1576 4064 2603 4138 Reißner, Dresden, hat erscheinen lassen, und der zugleich
540 4078 1586 4151 Werken: als Muster dieser Gattung können „Zwischen¬
