3344 4320
108 1695 281 1775 hungen
145 1760 274 1820 Liste
115 1713 288 1923 ar
148 1898 278 1975 vor¬
109 1968 279 2054 erden
160 2036 282 2101 littel
117 2254 287 2363 nkaci
133 2356 278 2450 neue
1139 208 1594 324 box 39/1
139 227 1118 343 1. 5oth Binthdan
1577 1566 3303 1661 betrachten. Im allgemeinen ist ja das Publikum gewohnt, heute noch, nachdem der S
768 1453 1240 1673 Belage
1582 1614 3322 1686 seine Autoren immer nur im Lichte ihres letzten Werkes und jeder seine eigenen
378 1615 859 1729 100 M.
1158 1626 1492 1729 VU71-
904 1638 1050 1727 zur
1578 1673 2758 1737 zu sehen, und jederzeit geneigt, über dem jüngsten alle
2748 1679 3309 1756 zusammenhält. Sein Wien
1584 1720 3302 1795 früheren zu vergessen. Das hat etwas Mißliches, zumal Programm erhoben, da es
476 1686 1488 1825 Sonntagsnummer:
1574 1756 2762 1825 bei einem Dichter wie Schnitzler, dessen Produktion keine
2739 1770 3285 1857 er es eben darum weder z
1573 1804 2756 1867 mechanische ist und in dessen künstlerisches Gesicht jede
2740 1829 3297 1897 zu betonen suchte. Im G
389 1806 1565 1901 In der Beilage auf Seite 31 und 32 bringen wir die
1567 1864 2747 1928 neue Arbeit auch einen neuen Zug einprägt. Die Oeffent¬
705 1875 1313 1956 4. Fortsetzung der Komödie
2740 1874 3297 1929 einzelnen seiner Novellen un
1567 1903 2743 1960 lichkeit sieht dann nur diesen, sieht ihn womöglich unter
2736 1925 3296 1990 liche Region weit hinausget
1359 1934 1428 2018 6
1567 1951 2747 2023 dem Scheinwerser des Erfolges, dessen greller Glanz auch
2730 1970 3302 2037 die, völlig frei von munda
548 1925 1384 2077 „Der Lebenssport“
1572 2001 2748 2080 die stärksten Augen ein wenig blinzeln macht, und trägt
2739 2020 3289 2086 den Schriften anderer im 9
904 2030 1055 2118 von
1579 2050 3315 2125 so ein verzerries Bild nach Hause. Ein halbwegs ähn= oft nur dadurch unterscheide
1561 2100 3301 2170 liches wird sich nur gewinnen lassen, wenn man den geschrieben sind. Indessen
388 2016 788 2197 4#.##
764 2055 1204 2211 Mar Nordan.
1578 2141 3241 2222 Dichter im Zusammenhang mit allen seinen Werken und am ursprünglichsten en
1572 2189 3308 2284 in einem ruhigeren Augenblick betrachtet. Artur Schnitzler seiner Produktiope“, die vo
1559 2234 3310 2321 hat heute bereits ein Recht darauf, so angeschaut,hen Aroma von der Wu
461 2220 1359 2326 Ferner enthält die vorliegende Nummer:
1561 2290 3301 2359 werden. Ein bedeutender Dramatiker unb hervorragender; dieses Aroma ist bei ihm
471 2307 1563 2415 „Literaturblatt“: „Deutsche Lyrik
1557 2335 3265 2411 Erzähler, steht er auf zwei Gebieten unter den Ersten tuernfeld, der ja auch i
1556 2383 3325 2450 Deutschlands und ist überdies vermöge seiner Perso lich= und doch einen wienerischen
382 2407 1547 2495 aus Oesterreich.“ Von Alberta v. Putt¬
1551 2431 2756 2504 keit, in der sich seltene Gaben auf das liebenswürdigste
2732 2437 3308 2503 ersten Büchern, dem „Anatol
1558 2478 2741 2549 verbinden, in den letzten Jahren geradezu der repräsen¬
383 2458 1566 2569 kamer. „Ostwalds „Monistische Sonntags¬
2733 2493 3305 2562 junge Schnitzler diese heim
1566 2526 2753 2599 iative Schriftsteller Oesterreichs geworden. Was er darüber
2732 2530 3314 2591 freilich aus einem anderen
379 2540 1567 2645 predigten“.“ von Rudolf Goldscheid.
1554 2582 2748 2644 hinaus noch ist und werden kann, wäre unmöglich, heute
2733 2583 3323 2654 weniger zum Leichtsinn und
1558 2628 2745 2709 zu entscheiden. In die Schneeregion der zeitlosen Likeratur
2732 2631 3307 2689 ist, und in seinen letzten, de
371 2614 1562 2723 Literarische Notizen. Eingesendete Bücher.
1553 2673 2740 2751 ragt sein vorderhand noch blonder Scheitel nicht hinein,
2734 2681 3324 2746 „Weiten Land“ ist der reife
384 2680 784 2772 Seite 31 bis 42.
1563 2725 2743 2795 aber ein großer Schriftsteller seiner eigenen Zeit zu sein,
2729 2711 3308 2803 gebogen, die ihn zu seinen
485 2746 761 2827 Schließlich:
2733 2766 3304 2834 scheint. Nicht in allen, ab
1567 2772 2743 2823 ist auch etwas, ist vielleicht alles, und diesen Ehrenplatz!
2731 2808 3314 2891 charakteristischesten Werken ha
1551 2813 2745 2898 wird man Schnitzler nicht abstreiten können. Seine Kunst
459 2809 1562 2909 Die 74. Fortsetzung des Romans „Die Götter
2727 2861 3298 2932 Wiener Leben dargestellt,
1557 2866 2733 2943 spricht heute schon zu vielen Tausenden, und ihre Gemeinde
384 2859 1542 2959 dürsten ...“ von Anatole France. Seite 39.
2728 2906 3292 2976 Schicksal scheinbar ganz
1558 2913 1998 2991 wird täglich größer.
2724 2942 3321 3023 projiziert er dieses bewußt od
1638 2949 2730 3026 Diese Kunst wurzelt im Leben, und dieses Leben ist
2738 3009 3331 3074 grund der Wiener Landschaft
1551 2986 2734 3059 in Wien zu Hause. Schnitzler, ein ebenso unruhiger als
586 2991 1349 3097 Feuilleton.
2732 3037 3275 3120 Was diese letzte betrifft, so
1554 3048 2733 3130 seßhafter Wiener, ist heute unstreitbar und unbestritten der
2731 3101 3314 3173 von ganz unten bis ganz h
1555 3101 2727 3163 höchste Ausdruck des Wienertums in der deutschen
739 3105 1202 3207 Artur Schuitzler.
2718 3143 3316 3214 tungen, Verästelungen und
1558 3151 2730 3213 Literatur. In Deutschland gilt er für den Gründer von
441 3142 1551 3246 Der Wiener Dichter Artur Schnitzler wird dieser Tage
2718 3177 3319 3258 so flenau, daß er sie auch n
1550 3190 2726 3261 Jung=Wien, worunier man sich dort eine Art Gesellschaft
367 3192 1554 3280 fünfzig Jahre alt, und wenn das auch noch lange kein
2727 3239 3335 3312 sinnfällig zu beschreiben verm
1556 3241 2725 3307 mit beschränkter Haftung vorstellt. In Wahrheit hat unser
365 3272 1549 3349 Datum ist, das ihn oder uns besonders seierlich simmen
2732 3287 3337 3373 stalten und ihren Ton jederzc
1540 3286 2727 3351 Dichter diese Gesellschaft oder Schule nie begründet noch
362 3313 1553 3385 müßte, so mag es doch als willkommener Anlaß gelten,
2721 3331 3261 3406 diese intime Kenntnis, di
1545 3335 2736 3390 geleitet. Er war nur da und ist allmählich infolge seines
361 3372 3321 3463 um sein literarisches Bild einmal unabhängig von dem Talents und einer gewissen natürlichen Ueberlegenheit der zum Prinzen, vom Fiaker
365 3405 3332 3498 äußeren Anlaß einer Première heraufzuführen und zu Mittelvunkt eines literarischen Kreises geworden, der auch vom Wurstelprater bis zum
3219 4096 3337 4179 24
