3344 4320
224 248 929 328 —Y
1068 219 1529 302 box 39/1
1877 3788 1921 3846 18
1878 3945 1919 3994 10
1877 3400 1921 3462 10
1851 552 1893 615 11
2021 567 2639 644 HAUPTMANN AND
2101 639 2534 717 SCHNITZLER.
2152 749 2506 816 By Fanny Johrson.
1956 800 2731 874 Two German dramatists, Arthur Schnitz.
1940 858 2734 908 ler and Gerhart Hauptmann, have in the
1840 875 1917 933 his
1926 901 2728 959 current Fear attained the age of 50, and
1882 929 1917 968 1,
1850 957 1924 1017 Sts
1938 944 2733 1016 their respective birthdays (May 15 and
1854 992 1925 1044 ws
1942 997 2727 1049 November 15) have been celebrated in
1854 1035 1928 1088 he
1943 1042 2737 1088 various ways as literary events. Haupt¬
1850 1073 2735 1139 stymann’s reputation at least is European.
1856 1110 1937 1173 he
1937 1120 2738 1176 Some of nis work is known to English
1857 1140 1926 1202 ebt
1930 1157 2742 1206 readers in translation, and in bis own
1937 1194 2729 1249 ccuntry the Hauptmann Society (Gemeinde)
1858 1218 1925 1273 1ot
1930 1245 2742 1283 puts him on a level with such great men
1855 1267 1908 1311 che
1940 1273 2733 1327 as Browning and Goethe, who are not only
1860 1309 2732 1367 ent Fread but written about. The epithet, too
1842 1338 1933 1412 int
1935 1348 2736 1394 often profaned, realistic is constantly
1837 1381 1922 1432 son
1940 1390 2734 1432 applied to Hauptmann. From first to last
1848 1454 1922 1507 ion
1938 1476 2732 1518 peasants than princes, and even with social
1939 1508 2741 1557 strata far helow the comfortable indepen¬
2622 1542 2735 1593 Die
1936 1536 2619 1589 dence of the German peasant class.
1928 1576 2740 1637 Ratten, for example, one of his latest
1937 1623 2734 1674 plays, takes place in a Berlin slum. He is
1864 1652 1920 1701 Jof
1942 1658 2736 1704 attentive to the cry of the poor, and, as a
1862 1690 1920 1739 #a¬
1931 1701 2734 1751 recent critic has observed, pity, as well as
1933 1736 2744 1781 the sincere presentment of fact, is his
1852 1768 1924 1813 he
1936 1777 2745 1820 greatest qualty. But there is another side
1932 1816 2751 1860 to his genius, the impulse towards a mystia
1932 1853 2735 1900 treatment of Nature. In his case an indi¬
1949 1898 2740 1954 vidual as well as a Teutonic characteristic.
1842 1928 1918 1975 on
1932 1930 2730 1987 Of his social plays, Die Weber (1892),
1933 1970 2736 2011 records a risig of the Silesian weavers in
1939 2010 2735 2063 1844, of which the poet’s grandfather, a
1951 2054 2734 2095 weaver himself, had been an eye-witness.
1934 2090 2738 2140 No single figure, but the mobile Vulgus
1942 2128 2742 2171 itself, is the hero of the piece. The weavers
1856 2133 1925 2186 hy
1942 2163 2733 2204 are shown in the warchouse, docked of their
1853 2177 1913 2240 ihe
1932 2202 2738 2257 legitimate earnings by a species of fines and
1855 2225 1914 2285 ten
1935 2247 2734 2291 other devices for getting much and giving
1841 2276 1927 2341 ses
1935 2276 2738 2321 little, such as capital too often employs
1933 2320 2730 2365 against labour; then in the public house,
1860 2326 1917 2371 par
1935 2356 2743 2400 goaded to fury and whetting their courage
1938 2397 2735 2434 tor conflict by drink and song; and agai
1933 2435 2746 2477 destroying the ill-gotten wealth accumulated
1947 2473 2736 2532 in their master’s house. Lastly, appears
1931 2512 2741 2563 the solitary figure of" Father Hilse, - the
1945 2557 2736 2601 God-fearing old weaver, to whom patience
1937 2588 2736 2636 seems better than rebellion. He is struck
1933 2627 2751 2673 and killed by a chance shot from the rioters,
1935 2675 2742 2723 and thus resistance and submission äppear
2600 2703 2741 2749 The
1934 2703 2598 2758 equally impotent. To compare
1941 2739 2735 2796 Weavers, produced, in spite of police
1939 2782 2746 2830 opposition, in 1892, with such a recent
1944 2817 2741 2863 labour play as Mr Galsworthy’s“ Strife is
1947 2858 2735 2904 to realise how far in 20 years the labour
1940 2899 2741 2944 question and the public attitude have
1929 2926 2745 2995 modified, though the problems remain essen¬
1944 2972 2737 3031 tially the same. In previous plays Haupt¬
1940 3020 2747 3065 mann had treated the fate of a group of
1936 3055 2737 3104 individuals such assthe miserable family of
1948 3092 2738 3148 drunkards in“ Vor Sonnenaufgang, orthe
1932 3112 2744 3167 incompatible married pair in" Einsame
1938 3166 2745 3207 Menschen. The novel technique and em¬
1940 3207 2745 3263 ployment of the crowd motive in Die
1946 3243 2736 3290 Weber' marked him out to students of the
1948 3284 2648 3347 drama as well as to the general public.
1940 3327 2297 3378 The Sunken Bell.
1972 3356 2750 3416 In Die versunkene Glocke (1895) he
1952 3402 2740 3447 reached anôther kind of excellence. Its
1942 3444 2742 3497 immediate and continuous popularity tes¬
1941 3487 2742 3530 tifies that his countrymen are, above all
1946 3523 2737 3573 things, lovers of fairy tales. The bell that
1945 3560 2742 3610 Heinrich had founded for the church,
1944 3600 2741 3639 sweetest and most flawless of all his work,
1942 3634 2742 3676 slips from the cart that is carrying it to the
1945 3672 2742 3712 belfry and falls into a mountain tarn.
1946 3709 2738 3759 Heinrich wanders desperate with grief into
1946 3759 2738 3799 the mountains, is found by the nymph-like
1948 3786 2738 3830 sprite Rautendelein, tended to life and hap¬
1944 3829 2744 3875 piness again, and inspired with new crcative
1945 3865 2742 3905 energy. He now determines to found joy¬
1950 3900 2750 3946 bells, not church bells. But his forsaken
1948 3946 2736 3987 children wander up into his retreat, hearing
1943 3983 2736 4040 in an urn the tears of their mother, who had
1951 4027 2745 4069 cast herself into the lake. Her dead hand
1948 4059 2753 4100 touches and sounds Die versunkene
1953 4097 2740 4134 Glocke?' and Heinrich awakes from his
2731 391 2801 458 5
