3344 4352
1140 202 1610 302 box 39/1
162 190 1024 322 1. 50thBirthdar
598 706 1228 893 Klose & Seidel
501 882 1333 955 Bureau für Zeitungeaussch tte.
452 935 1368 1007 Berlin NO. 43, Georgenkirchplatz 211
518 1034 1298 1116 (Liest die meisten Zeitungen und ist das
517 1094 1313 1172 bestorganisierteste Bureau Deutschlands.)
774 1218 946 1337 Ner
280 1248 597 1337 Zeitung:
883 1355 940 1439 4
287 1350 547 1438 Ort: —
1019 1356 1178 1448 15 7
280 1458 544 1549 Datum: —
1227 1463 1391 1561 ——
2933 1559 3297 1653 M
2065 1577 2509 1659 e
3047 1635 3327 1703 Zwei Jahre
1815 1650 3028 1710 Personen ist Schnitzler kühl; der Gegensatz zwischen Mann
891 1661 1502 1756 Arthur Schnitzler.
3030 1680 3317 1747 prächtigen F
1827 1696 3024 1751 und Weib ist ihm nicht, wie Strindberg, eine Tragödie, die
3036 1729 3321 1787 tigste heraus
1827 1732 3037 1790 Schauer und Mitleid fordert, sondern gewissermaßen ein
684 1722 1698 1814 Zum 50. Geburtstag des Dichters am 15. Mai.
3035 1771 3321 1831 kraftvoll, in
1822 1778 3032 1831 Fechten, bei dem sich schlinke Klingen elegant kreuzen, bei
630 1790 1800 1859 Arthur Schnitzler! Beim Klange dieses Namens wird
3023 1812 3313 1879 bis in den
1813 1821 3029 1882 dem aber bisweilen doch der Stich trifft, und dann gewöhn
586 1835 1814 1908 eine Welt lebendig. Nicht die Welt des ewigen Kampfes
1815 1867 3324 1920 lich tief ins Herz. Daß Schnitzler so vollkommen über den „Grüne Kaka
589 1878 1811 1947 um die Existenz mit ihren Klippen und Untiefen, sondern
3033 1906 3320 1968 Gesellschaft be
1819 1905 3023 1968 Dingen steht, die er dichtet, bewirkt es, daß er am meisten
584 1926 1813 1992 die Welt der glättenden Gesellschaft, einer sehr feinen, sehr
3034 1949 3324 2006 verwandt Sch
1824 1950 3051 2004 von allen jüngeren Deutschen das Attribut „klassisch“ ver¬
588 1966 1812 2042 galanten und sehr, sehr kulturellen Gesellschaft. Nur in
3042 1988 3321 2048 zen auf dem
1809 2003 3028 2058 dient; und daß jede Seite und jede Szene von ihm, auch
591 1996 1813 2074 Wien konnte auf dem Boden des deutschen Sprachgebietes
3036 2041 3320 2093 Wiener und
1811 2045 3027 2097 in seinen schwächeren Werken, den Eindruck bestätigt, daß
580 2064 1808 2136 die Schnitzlersche Kunst gedeihen, wo seit des Minnesangs
3046 2071 3315 2141 Rokoko geerb
1817 2087 2494 2147 hier ein Großer zu uns spricht.
587 2108 1802 2172 goldenen Tagen die Jahrhunderte ihre mildernde Macht
3033 2122 3313 2181 „Reigen“ (19
1864 2105 3028 2197 Arthur Schnitzler, am 15. Mai in Wien geboren, ist der
582 2147 1797 2209 geübt, wo man unendlich fein empfinden kann und doch,
3048 2165 3318 2231 netischen Sp
1819 2170 3028 2224 Sohn des geschätzten Laryngologen Professor Johann
585 2193 1802 2251 wenn der Schmerz fast die Brust zersprengt, das resignierte
3038 2212 3323 2279 wird dieses
1816 2216 3025 2277 Schnitzler und selbst von Hause aus Arzt. In der modernen
591 2233 1801 2302 Lächeln des Vielerfahrenen zur Schau trägt. Diese jungen
3031 2250 3324 2326 der Fleichen
1810 2261 3032 2325 Literatur spielt der Arzt eine bedeutsame Rolle hat einmal
588 2280 1798 2345 Lebemänner, oberflächlich und herzlich, gemütlich und vor¬
3047 2300 3322 2360 Drama „Der
1820 2307 3021 2361 Geord Brandes bemerkt. Zunächst als Dargestellter; man
593 2314 1809 2385 nehm, von Genuß zu Genuß eilend und doch nie befriedigt;
3041 2343 3304 2404 samen Weg“
1814 2341 3032 2414 denke an Doktor Stockmann und seine Kollegen; aber hicht
592 2363 1809 2430 diese blasierten Aristokraten, diese nervenreichen Künstler;
3046 2388 3322 2450 gische Tragö
1815 2392 3030 2445 minder als Schaffender. Ein merkwürdiger Zufall hat es
580 2399 1806 2490 dieses ewig „süße Mädel“ und diese ewig unverstandene
3032 2429 3281 2490 Akte sind
1826 2441 3027 2502 so gefügt, daß heute die beiden stärksten Dramatiker Oester¬
590 2448 1809 2520 und abwechselungsgierige Frau, wie wir sie bei Schnitzler
3043 2470 3285 2535 nicht die Be
1816 2480 3029 2541 reichs Aerzte sind, Dr. Arthur Schnitzler und Dr. Karl
582 2496 1801 2547 immer wieder finden und lieben, sie sind rechte Wiener Ty¬
3035 2514 3302 2584 Werke scheid
1818 2521 3031 2588 Schönherr. Die beiden sind sonst die rechten Antipoden;
579 2538 1810 2608 pen, von einer Meisterhand herausgegriffen aus dem frisch
3034 2563 3294 2626 Publikum,
1817 2571 3021 2620 Schönherr hat das große Pathos und die Freude am Sturm,
582 2578 1813 2663 pulsierenden Leben der Donaustadt. Wien hat stets seine
3040 2612 3319 2672 schert gewesen
1816 2608 3026 2664 die dem Skeptiker Schnitzler fehlt. Und als die Dichter
590 2625 1799 2695 Kinder an sich zu halten vermocht, Wiener Dichter sind zu¬
3035 2653 3289 2722 schenspiel“
1826 2651 3027 2712 Oesterreichs zur hundertjährigen Erinnerung an 1809 auch
591 2667 1810 2736 meist auch die Dichter Wiens geworden. Es hat ihrer schon
3045 2683 3325 2760 gelehnt werd
1817 2698 3024 2757 ihr Schärflein beisteuerten, hat Schönherr seine Bauers¬
577 2711 1808 2777 viele vor Schnitzler gegeben, und viele wirken neben ihm.
3033 2741 3321 2795 schwer sich of
1817 2723 3027 2808 novellen aus Tirol geschrieben, blinkend und fest wie Stahl,
588 2755 1808 2839 Und doch ist es ein gewisses Etwas, das seine Schöpfungen
1816 2790 3301 2846 während Schnitzlers „Medardus“, als Fresko angelegt, sich f leute, die si
589 2807 1799 2868 aus allen anderen Produkten des wienerischen Geistes her¬
3035 2828 3323 2893 Grund eines
1826 2832 3024 2887 in eine Reihe von Miniaturen auflöste. Dafür hätte der
583 2844 1793 2914 aushebt. Ein Walzer von Strauß, eine Rolle von Girardis
3027 2876 3320 2933 doch weiter n
1819 2869 3029 2932 Tiroler niemals den Jüngling und die fünf Weibchen bilden
584 2890 1803 2948 und ein Einakter Schnitzlers — Blumen desselben Beeses
3043 2915 3334 2985 Form der „E
1814 2909 3027 2985 können, die uns im „Anatol“ entzücken. In diesem seinen
588 2933 1811 2993 und doch wie verschieden an Farbe und Duft! Was bei
3040 2965 3334 3021 Gewohnheit.
1812 2959 3025 3031 frühen Jugendwerk — es stammt vom Jahre 1893 — stcht
594 2971 1807 3037 Schnitzler fehlt, ist das Rührselig= Sentimentale, das Be¬
3038 3006 3320 3065 ten Lund“ vo
1818 3006 3012 3073 Schnitzler schon völlig fertig vor uns da, wie Hauptmann
589 3011 1802 3094 schränkt= Spießbürgerliche, das sonst zum Wienertum zu ge¬
3038 3038 3335 3109 die sich lieben
1811 3046 3018 3106 im „Sonnenaufgang" und Halbe in der „Jugend“. Der
582 3069 1801 3134 ###n scheint. Die Befreiung von ihm verdankt er seinem
3033 3090 3326 3154 des betrogene
1814 3077 3029 3155 liebe Wiener Junge geht von Cora zu Gabriele, von Annie
577 3110 1803 3167 großen französischen Muster. Bei Flaubert hat er gelernt,
3069 3139 3317 3197 Was uns
1810 3139 3017 3210 zu Bianca und von Ilona in die Ehe. Die Titel der fünf
582 3153 1802 3229 daß das Leben stark ist und unerbittlich, daß es gleichmäßig
3031 3175 3322 3246 fens geschenkt
1818 3173 3031 3241 Einakter des „Anatol“ sind in ihrer Art symbolisch. Jede
589 3195 1796 3266 geht wie die Uhr und dessen nicht achtet, der zu ihr hinauf¬
3032 3224 3334 3288 und doch steh
1815 3224 3019 3284 „Frage an das Schicksal“ entpuppt sich schließlich als „Epi¬
590 3225 1806 3308 blickt; und bei Maupassant, daß die Liebe ein ewiges Spiel
3043 3262 3337 3328 So dürfen wi
1808 3269 3012 3337 sode“. Von jedem noch so verheißungsvollen „Weihnachts¬
589 3273 1808 3343 ist, das das Schicksal mit uns treibt, bei dem es viel Nieten
3044 3316 3317 3388 Meisterwerk
1813 3301 3019 3379 einkauf“ führt der Weg doch endlich zum „Abschiedsoupet“.
592 3326 1796 3398 gibt und wenig Gewinn, ein wenig Lächeln und viele Trä¬
1815 3332 3028 3416 bis einmal der Vielgeliebte am „Hochzeitsmorgen“ aufwacht
596 3368 1809 3427 #een, den ungeheuren Genuß des Augenblicks und den langen
580 3401 3030 3494 Katzeniammer des Lendemain. Bei aller Leidenschaft seiner und nun die alte Rolle im neuen Gewande weiterspillt.
