3392 4320
480 444 565 521 14
480 514 557 556 co.
480 581 563 641 ste
475 625 565 675 ng,
482 663 556 710 age
476 699 567 746 nde
470 737 570 785 iche
477 775 550 817 mec
474 811 562 861 lan¬
459 849 562 894 gen,
467 883 563 926 tär¬
458 913 558 965 #ts
467 955 547 999 isen,
464 993 561 1038 rial¬
455 1026 565 1073 nach
464 1066 561 1118 chen
464 1330 566 1393 nd¬
463 1423 558 1472 der
468 1461 555 1519 los
475 1504 565 1554 ern
480 1547 560 1592 bot
465 1585 551 1633 ter
479 1626 558 1675 cht
480 1664 565 1720 ite
481 1709 557 1775 m.
490 1865 576 1944 rn
487 2211 565 2313 m
488 2318 570 2388 ng
483 2537 562 2588 er
1590 31 2589 84 anechgmgenseencumechecn
1148 27 1574 96 am.
585 28 1148 100 reneercheen
1588 78 2622 141 Semper. Gewiß, es ist immer noch viel zu viel
560 72 1575 140 Das ist immer ein Zeichen von Stabilität. Sie
1588 119 2620 174 Gemüt in dem Jungen. Viel zu viel „Instinkt“. Die
568 119 1576 178 schaut zurück. Das ist immer ein Symbol von Er¬
1583 155 2618 208 Moral des Kopfes, wie der große Friedrich sie nennt,
572 169 775 224 mattung.
1581 190 2624 252 fehlt. Aber die kleinen Konflikte und die großen
615 186 1575 261 Die Kämpfer von einst reinigen die Waffen. Das
1582 219 2629 293 Heiterkeiten der Kindesseele hat Otto Ernst gefunden
568 237 1031 314 ist Altvater=Stimmung.
1591 274 2628 327 und aufgedeckt. Und was von Max Dreyers
627 263 1580 338 Im Grunde genommen sind es nur zwei Kämpfer.
1586 320 2620 374 Kunst bleiben wird — ist die Seele der „Siebzehn¬
569 320 1579 377 Ein offener, wilder, loser Draufgänger: Johannes
1581 365 2631 412 jährigen" oder besser die Seelen. Die Seelen mit
566 361 731 429 Schlaf.
1593 395 2620 455 Frühlingsfieber im Blut. Die da lachen, wenn sie
621 384 1578 459 Und einer, der zwar im Vordergrunde des Gefechts
1592 437 2624 497 weinen müssen. Die da weinen, wenn ihnen große
571 445 1576 503 stand, dessen Kunst umstritten wurde, der aber selbst
1598 475 2623 527 Freude begegnet. Die Halbkinder, die Liebe zu
571 495 1576 540 mehr auf dem Aussichtshügel stand und ins Gewimmel
1582 515 2636 575 Menschen macht. Die Schmetterlinge, die trunken
558 523 1575 580 hineinschaute. Für ihn wurde gekämpft, um ihn. Er
1587 564 2074 614 werden vom vielen Licht.
570 572 1153 627 selbst blieb in kühler Reserve.
1642 577 2627 662 Ludwig Fulda ist einer von den Fünfzigern, der
619 602 1587 663 Johannes Schlaf, der redlichste und ehrlichste
1593 638 2625 698 am wenigsten ins „Programm“ hineinpaßt. Er stand
573 642 1576 713 Wortführer des Naturalismus, sah als erste und
1586 670 2628 739 zuviel im Vordergrund der Gesellschaft. Man möchte
566 695 1458 745 tiefste Aufgabe der Kunst und des Schaffens:
1589 731 2631 773 sagen: er hat zuviel Vereine geleitet. Er war immer
629 731 1576 787 „Etwas Ganzes, Rundes herauszuschaffen aus
1587 759 2637 824 da. Er hat oft charaktervoll protestiert. Er hat viel
568 770 1575 820 einem gesunden, kräftigen Empfinden, aus einer um¬
1600 803 2632 863 geschrieben. Er hat viel und sehr schöne Reden ge¬
562 818 1579 875 fassenden, sicheren Stimmung heraus gestalten, die
1596 853 2631 904 halten. Eine große Persönlichkeit war er nicht, aber
570 860 1582 905 einen trägt von Beginn bis zu Ende. Die Welt
1591 891 2633 947 eine vielseitige und gewinnende. Er hat auch den
562 891 1580 946 wiederzugeben, wie sie Empfindung und treibendes
1583 934 2630 981 „Dummkopf“ geschrieben, etwas, das sich wie die
561 946 1581 994 quellendes Leben in einem geworden, ohne zu denteln
1590 953 2637 1019 Tragödie einer Zeit ausnahm. Allzutief gings ihm
574 970 1484 1036 und zu urteilen, zu verdammen und zu preisen
1588 1006 2645 1065 nicht. Er hat mit Geist und Geschick alle Fragen auf¬
622 1005 1584 1073 Als ob Schlaf Gerhart Hauptmanns Kunstschaffen
1591 1047 2631 1109 gefaßt, die in der Luft lagen. Aber er hat es immer
569 1059 1582 1119 charakterisieren wollte, hört sich sein Programm¬
1592 1088 2627 1147 fast vergessen, daß die Luft mitgenommen werden muß
568 1107 786 1170 wort an:
1640 1146 2632 1187 mit dem Problem. „Die Sklavin“ die moderne
628 1119 1598 1196 „Kein kluges, kaltes Beobachten: mit seinem
1587 1155 2629 1226 Frau hat ihn interessiert. Aber ihre Umgebung, ihre
568 1174 1575 1230 Empfinden aufgehen im Leben, es selbst werden.
1589 1210 2636 1258 Existenzbedingungen, ihre gewordene Art, ihre inneren
564 1219 1586 1280 Farbe sein, Ton, Licht, eigener und fremder Schmerz,
1592 1253 2402 1307 Keime hat er nicht mit der Wurzel gefaßt.
568 1267 1587 1331 eigene und fremde Lust, jede Leidenschaft, wie sie in
1651 1281 2641 1340 Diese Zeilen sollen keine Wertung sein. Sonst
568 1300 1592 1357 schlichter, natürlicher Kraft sich äußert.“ So ist Gerhart
1591 1342 2635 1389 müßte man konstatieren, wo die Dichter angefangen
562 1343 1187 1411 Hauptmanns Kunst geworden:
1587 1381 2629 1431 haben und wo sie jetzt stehen. Gerhart Hauptmann
616 1374 1589 1444 „Ganz selbst und doch seiner selbst entledigt“ wie
2401 1418 2639 1473 Johannes
1599 1414 2361 1476 schreibt Romane für Tageszeitungen -
567 1407 1587 1477 Friedrich Nietzsche das Pathos der antimoralischen
2049 1452 2639 1508 nein, diese Betrachtung sollte
1599 1458 1954 1515 Schlaf ist religiös
559 1472 1581 1522 Moral bezeichnet — das Pathos, das dem Viertel¬
1579 1503 2634 1559 gnur eine knappe Entwickelung dieser sechs Fünfziger
569 1513 1478 1572 jahrhundert dieser Fünfziger das Gepräge gab.
618 1539 2640 1601 Hat ein anderer Führer des Naturalismus dasfaehen. Möge das sechste Jahrzehnt tiefere und
1602 1574 2059 1627 stärkere Kunst gebären.—
559 1577 1594 1647 Wort gesprochen: „Subjektivität ist Wahrheit" (Carl
566 1624 1603 1675 Bleibtreu), so hat die Entwickelung der modernen
562 1662 1604 1727 Literatur das Wort umgemobelt, umgedreht: Wahrheit
567 1699 1595 1769 ist Subjektivität. Oder auch: Wahrheit ist Wirklichkeit.
556 1752 1606 1802 Keinen Finger breit von der Wirklichkeit abweichen,
561 1792 1596 1851 nichts schön färben, nichts heucheln, was die Sonne
559 1837 1606 1895 nicht sieht — und doch wahr bleiben, doch Kunst
566 1864 1611 1934 schaffen, das ist es, was uns der Naturalismus lehrte.
619 1914 1611 1961 Kunst ist nicht ein Idyll, wo gute Kinder mit ihren
558 1950 1595 2002 Gefühlen tändeln und schlechte die Gefühlchen miß¬
569 2005 1594 2056 achten; Kunst nicht ein Spiel hinter verwachsenen
564 2036 1596 2094 Hecken, wo Liebe schmollt und Stolz heuchelt und
562 2071 1597 2122 Hoheit markiert. — Kunst ist leidenschaftliches Leben.
555 2115 1593 2192 Wie Gerhard Hauptmann sagt: Läuternde Erschütte¬
567 2170 695 2228 rung.
604 2183 1591 2255 Durch Friedrich Nietzsche haben es die Jungen ge¬
561 2245 1586 2311 lernt, daß Liebe kein träger, verspielter Paradies¬
572 2288 1590 2339 Zustand ist, kein Paradies, das böse Tanten und harte
573 2331 1588 2377 Mütter mit dem Schwert in Händen bewachen —
557 2377 1601 2434 sondern daß Liebe ein Kampf der Geschlechter und des
566 2406 881 2468 Geschlechts ist.
607 2438 1602 2504 Man kann ruhig sagen: Der Writte, der ahnen¬
563 2485 1595 2552 stolze Vater, die verbohrte Mutter — sie wurden aus¬
556 2521 1603 2599 geschaltet. Die zwei Menschen blieben, die miteinander
560 2573 1595 2628 zu kämpfen, fertig zu werden hatten... so oder so...
562 2618 1602 2666 lachend oder weinend ... lebend oder tot. Die starke
558 2654 1593 2700 Andacht des Lebens ist an Stelle der matten, lenden¬
555 2696 1100 2759 lahmen Sehnsucht getreten.
612 2723 1592 2791 Gewiß, sie verliebten sich in das Leben. Hoffmanns¬
566 2778 1601 2840 thal sagt einmal von Peter Altenberg: „Er ist allzu
568 2819 1608 2867 verliebt in das schöne Leben“ und will damit die
566 2852 1600 2908 Ueberschätzung des Lebens, das sich in dieser Epoche
563 2903 1602 2955 breit macht, charakterisien. Aber Hoffmannsthal ist
557 2940 1514 2989 bereits über den Naturalismus hinausgewachsen.
617 2961 1626 3046 Die Naturalisten wußten von Nietzsches Definition
564 3024 1586 3076 der Liebe: Schätzung und Ueberschätzung von etwas,
554 3068 1579 3111 dessen Besitz man begehrt. . oder fühlten sie voraus.
608 3113 1588 3156 Das Allzuverliebtsein in das schöne Leben kenn¬
565 3143 1585 3193 zeichnet das Lebenswerk von Arthur Schnitzlers,
558 3188 1590 3236 dem Landsmann Peter Altenbergs. Schnitzlers
560 3216 1595 3279 Menschen sind allzuverliebt. Sie sind Kinder, die zu
562 3269 1609 3322 Grunde gehen oder Oberwasser gewinnen, wie in
816 3301 1596 3370 sie werden melancholische Zyniker wie
552 3306 791 3385 „Liebelei“:
564 3347 1606 3407 „Anatol“. Sie werden spielerisch und versonnen,
557 3390 1599 3438 müde und vergrübelt: aber sie bleiben verliebt.
558 3422 1602 3485 Worin? In „das weite Land der Seele". Sie sind
561 3466 1613 3532 entzückt von den vielen Formen des Lebens, von den
560 3518 1597 3569 vielen Möglichkeiten der Liebe, von den tausend
564 3552 1606 3605 Farben, die das Frühlingsfieber hervorzaubert. Sie
561 3599 1618 3647 lächeln leise über die Sentimentalitäten des ewig
546 3630 1598 3683 wechselnden Gefühls, sie werden wohl auch gerührt,
546 3675 1611 3750 weil sie selbst mitspielen in der Komödie, werden wohl
558 3714 1603 3777 gerührt von der inneren Unrast, die sie immer aufs
555 3753 1597 3807 neue in die buntbewimpelte Arena des Lebens
545 3796 1610 3856 treibt — aber sie wissen genau und klar: „Wir lügen
556 3835 1169 3899 alle — wer es weiß, ist klug ..
614 3880 1606 3931 Der Naturalismus hat die Wunder des Nächst¬
551 3919 1606 3976 liegenden gepredigt. Wir sollen nicht den Alltag hin¬
558 3955 1613 4023 nehmen, wie er kommt, sondern ihn würdigen, ihn
688 4001 1619 4093 Verantwortlich (Zr, inmere Polik: M. Wenck. 6e
589 4037 712 4110 —
