3344 4352
256 218 1565 327 Soth Birthday box 39/1
1951 110 2974 169 offnete. Salten war mit Schnitzler schon zu einer Zeit
1964 149 2964 214 freundschaftlich verbunden, wo die neue literarische
1956 187 2975 260 Generation einem großen Widerstande begegnete, noch mehr
1945 230 2961 302 beim großen Publikum als bei der literarischen Kritik.
1947 299 2965 352 Es sind kaum zwanzig Jahre her, daß die Anatolszenen
1955 336 2969 385 zuerst erschienen sind, die jetzt einzeln oder zusammen fast
1956 377 2961 444 keiner deutschen Bühne fehlen. Erst siebzehn Jahre sind¬
1948 415 2964 488 es her, daß die „Liebelei“ die einen neuen Mädchentypuss
1951 470 2964 523 in die deutsche Poesie brachte, „Das süße Mädel“, dessen
1950 519 2958 565 Variationen uns nun schon fast zum Ueberdruß bei
1959 560 2958 631 gegnen, zuerst gespielt wurde. Wie hat sich seitdem di
1958 610 2954 675 Zeit verändert! Man kommt, sagte Salten ungefähr
1949 657 2952 723 über die Verwunderung ob der Feindseligkeit der älterer
1957 699 2944 757 Generation gegen diese neue Poesie gar nicht heraus. Zwa
1947 738 2944 807 haben verständnisvolle Männer, wie Friedrich Uhl, auch
1947 786 2944 857 nicht so ganz ohne Vorbehalt der neuen, manche Schleie
1957 842 2937 894 der Konvention zerreißenden Erotik zugestimmt; aber Uh
1951 888 2950 941 sagte doch: „Ich kann mir nicht helfen. er schreibt prachts
1959 921 2965 987 voll!“ Das war zur selben Zeit, wo die höheren Töchter
1947 972 2956 1033 noch für die „Aegyptische Königstochter“ schwärmten
1959 1026 2949 1078 und gute Männer, die berufsmäßig Wohltätigkeit zu übe
1956 1071 2947 1138 pflegten, „Hanneles Himmelfahrt“ von Georg Haupt
1950 1126 2949 1177 mann für ein — pornographisches Werk erklärten! Da
1951 1160 2948 1224 meinte Salten, war allerdings eine Verständigung der
1960 1204 2946 1264 Generationen kaum möglich und die neue Poesie mußt
1957 1254 2970 1304 sich ihr Publikum erst erziehen. Kunst und Moral werden
1947 1297 2975 1365 in jedem Zeitalter solche Kämpfe miteinander auszu¬
1961 1344 2973 1412 fechten haben, führte Salten weiter aus, und zeigte, wie
1949 1400 2975 1454 erziehend gerade auch diese dem älteren Geschlechte oft
1949 1438 2972 1497 so gefahrvoll erschienenen Liebesdichtungen Schnitzlers auf
1946 1489 2980 1536 das Gemüt wirken. Entscheidend für das ganze Seelen¬
1951 1535 2970 1593 leben sowohl des Mannes wie des Weibes ist es, in welcher
1946 1568 2965 1631 Weise sie zum erstenmal die Liebe kennen gelernt haben.
1942 1610 2963 1678 Der tiefe Humanismus, die Wärme und Güte Schnitzlers,
1946 1662 2974 1734 sein großes Mitleid mit den Schwachen, der Mut seiner
1950 1719 2975 1766 Kritik an den Starken und Mächtigen — sie sind die
1954 1762 2975 1822 Quellen seiner Dichtung. Dazu kommt noch ihre spezifisch
1946 1804 2975 1865 wienerische Note. Salten zog hier Vergleiche mit dem
1947 1849 2981 1907 Charatter der Londoner und Berliner Natur und Poesie,
1946 1898 2980 1956 wies auf die Schönheit und Bedeutung der „Patina“ an
1949 1939 3000 2021 der Kultur Wiens und wies auf Schnitzlers Verwandt¬
1950 1995 3041 2058 schaft mit dem Pariser Henri Murger hin. Nur in den
1946 2040 2959 2091 einen Punkte muß man die Darstellung Saltens ergänzen
1937 2075 2966 2147 da er behauptete, daß Schnitzler der allererste geweser
1931 2130 2958 2190 wäre, der die spezifisch wienerische Note in die Poesic
1948 2175 2972 2240 gebracht hätte. Er vergaß offenbar, daß Grillparzen
1952 2227 2970 2284 im „Armen Spielmann“, die noch heute nicht übertroffene
1948 2281 2968 2330 erste Wiener Novelle, geschrieben hat, und daß Adalbert¬
1945 2321 2961 2381 Stifter, Ferdinand v. Saar, Marie Ebner ihm hier
1946 2359 2959 2408 Gefolgschaft leisteten und neue Töne anschlugen: Ims
1938 2408 2962 2481 übrigen hielt sich Salten bei aller Wärme für den ge¬
1955 2457 2970 2513 feierten Dichter mit gutem Geschmack von Ueberschwäng¬
1940 2493 2966 2562 lichkeiten fern und sprach auch von den äußerlich günstigen
1943 2549 2968 2592 Umständen, welche die Wirkung Schnitzlers ins Breite
1955 2589 2959 2656 förderten. Schon das aber, so schloß Salten, sei ein Vor¬
1943 2637 2970 2682 teil, daß sich heute die zwei literarischen Generationen nicht
1954 2685 2963 2732 mehr so unversöhnlich wie vor zwanzig Jahren gegenüber¬
1948 2724 2963 2791 stehen. Die weitere Entwicklung des nun erst auf die Höhe
1951 2770 2969 2854 des Lebens gelangten Dichters könne noch gar nicht ab¬
1936 2819 2234 2889 gesehen werden.
2044 2843 2967 2934 Saltens jedem Pathos anmutig ausweichende
1940 2913 2956 2979 Plauderei wurde mit großem Beifall aufgenommen, und
1928 2961 2962 3017 dann lasen drei der beliebtesten Wiener Künstler aus
1949 3010 2952 3064 Schnitzlers Dichtungen vor. Frau Elsa Galafrés¬
1935 3043 2959 3108 Hubermann vom Deutschen Volkstheater las „Die
1925 3095 2960 3153 dreifache Warnung“, jener erschütternde Aufschrei des Welt¬
1944 3145 2955 3219 schmerzes über das undurchdringliche Dunkel des Lebens,
1939 3178 2957 3262 dessen innere Gesetzmäßigkeit und Gerechtigkeit wir ahnen,
1939 3233 2960 3294 ohne darum geschützt vor Fehl und Irrtum zu bleiben.
1925 3287 2976 3353 Dann das Fräulein Lilli Marberg vom Burgtheater die
1926 3393 2953 3451 Geschichte „Der Ehrentag“ vor: die Tragödie des armen,
1935 3433 2958 3491 zu kleinen Nebenrollen verurteilten, in seinen künstlerischen
1936 3481 2962 3538 Joffnungen vom Leben so tief enttäuschten Schauspielers,
1944 3533 2964 3585 Rit dem sich übermütige Jugend einen unverantwortlichen
1926 3564 2962 3622 Scherz erlaubt hat. Die Wirkung der sich erschütternd zu¬
1930 3621 2962 3673 spitzenden Erzählung blieb bei der Vorlesung des Fräuleins
1924 3669 2961 3716 Marberg nicht aus. Und endlich — es war schon spät, nach
1932 3730 2960 3775 self Uhr nachts geworden — las Herr Arnold Korff uns
1918 3763 2951 3824 die prachtvolle Geschichte „Exzentrik“ vor, aber mit so
1929 3812 2957 3864 samüsanter Charakteristik der einzelnen darin zitierten
1927 3843 2953 3899 Schauspieler (Sonnenthal, Mitterwurzer), und so humor¬
1925 3892 2962 3941 voller Zeichnung der Exzentrikdame in ihrem internationalen
1915 3937 2962 4013 Sprachgemisch, daß er trotzdem große Heiterkeit erweckte
1927 3978 2402 4060 und reichen Beifall erntete.
