3344 4352
1191 162 1643 249 box 39/1
193 159 1038 257 1. 50th Birthdar
134 926 655 1034 bse & Seidel
141 1005 828 1114 ür Zeitungsausschnitte.
144 1074 796 1170 43, Georgenkircbplatz 21!
130 1202 725 1270 meisten Zeitungen und ist das
140 1249 747 1327 ierteste Bureau Deutschlasds.)
248 1475 655 1558 Frankfürt a.
1082 1597 3200 1676 möbilschleiern nachtauft, den konnen wir funf Atte miteswbieder einmal ähnlich, Papa.“ Die Wiener
2139 1660 3203 1716 haben sich bis auf den heutigen Tag jenen mondänen
1080 1665 2128 1712 durch nicht ertragen). Aber immerhin: er bleibt Reprä¬
2134 1699 3209 1758 jungen Mann nicht aus dem Gedächtnis gewöhnt, der
1082 1703 2138 1750 senkant der Schnitzlerschen Welt, Bruder jenes Mädchens,
169 1698 492 1804 4. Malisia
2141 1743 3213 1790 ganze und halbe Tage lang wie andere mondäne junge
1087 1746 2133 1803 das über die Leiche des Vaters weg, gelockt von dem
2140 1778 3209 1826 Herren im Café Griensteidl saß, tief in die Stirn die
1081 1779 2140 1837 Ruf des Lebens“, in zwei offene Lentnantsarme springt,
2143 1806 3207 1874 Heinische Schnitzlerlocke, die beinahe so populär geworden
1080 1825 2128 1877 Bruders jenes Leutnants Gustl, dem das Duell von morgen
177 1771 941 1914 Arthur Schnitler, der 50er.
2139 1860 3198 1905 ist wie die rote Weste Gautiers. Noch durch ein anderes
1091 1861 2134 1920 heute den Angstschweiß aus den Poren treibt, und jenes
2137 1885 3201 1948 Werk neben der Liebelei ist er hier populär und berühmt,
324 1880 823 1948 Von Dr. Hans Wantoch.
1090 1895 2139 1947 armen Schwindsüchtigen, der im „Sterben“ hinsiecht, wäh¬
2141 1925 3200 1980 durch die Geschichte vom „Leutnant Gustl“, die ihm die
1090 1935 2151 1988 rend sein Mädel, diese ins Unendliche duldende Magda¬
149 1913 1085 1987 Stüch Wien ist in die Werke dieses Wieners ver¬
2137 1966 3206 2026 Offizierscharge gekostet und für lange den Weg ins Hof¬
1093 1963 2136 2023 lena, neu dem Leben entgegenatmet. Immer wieder ist
163 1976 1091 2027 n. der morgen seinen 50. Geburtstag feiert.
2141 2011 3202 2061 theater versperrt hat. Erst Max Burckhard legte ihn
1085 2021 2139 2073 es „Der Ruf des Lebens“, den Schnitzler dichten
153 2018 1086 2071 sianische Zärtlichkeiten singen in seinem Blut, und
1096 2037 3210 2108 will, aber es wird gewöhnlich ein Sterben. Reden nicht frei, und „Der junge Medardus“: das war im vergangenen
147 2046 1075 2106 kr Darstellung des modernen Lebens weicht er immer
1086 2088 3198 2142 auch die Menschen, denen das Leben am teuersten gilt, Jahre ein verblüffend grandioser Beweis von dem
155 2097 1099 2147 im „Medardus“, im „Ruf des Lebens“ in jene still!
2145 2121 3198 2178 Können des längst totgesagten Burgtheaters. Aber immer
157 2127 2128 2186 nenden Zeiten zurück, in denen sich der Begriffl sehr viel und häufig vom Tod? Es ist, als würde er sich
2136 2163 3210 2218 noch spielt das Deutsche Reich die Dichtungen Schnitzlers
1093 2169 2141 2219 eine Angst vom Leib damit schreiben. Und sehr mutig
157 2166 1103 2223 ichisch und der Begriff wienerisch durch Schubert¬
1088 2204 2128 2259 sind auch seine Helden nicht, im „Freiwild“ nicht, wo
2139 2194 3200 2255 den Wienern zuvor. Man hat den „Ruf des Lebens“ in
147 2210 1080 2260 und Grillparzer=Dichtungen am besten erfüllt hat,
1095 2228 2136 2292 der eine den anderen hinterrücks über den Haufen knallt,
2148 2233 3199 2298 Berlin drei Jahre früher sehen können als in seiner
154 2249 1090 2296 en das harte, feste und kantige Dasein in Versonnen¬
1092 2284 2140 2337 im „Jungen Medardus“ nicht, wo der Held kein Täter
2148 2279 3212 2328 Heimat, und hat den „Einsamen Weg“ nur an jenen Gast¬
147 2287 1085 2338 n Traum und Märchen vergleitet. Denn es sind
1086 2321 2140 2381 ist, sondern ein Dulder, und dann der Leutnant Gustl...
2138 2317 3210 2374 spielabenden genießen dürfen, an denen Sauer und Basser¬
160 2316 1096 2375 Märchen gewesen, was Schnitzler geschrieben hat.
155 2370 1093 2417 dort, wo er den Bibrationen der allergegenwärtigsten
2144 2367 3208 2414 mann, die Lehmann und Reicher auf der Szene des
1121 2362 2135 2415 Schnitzler ist in Wien geboren und aufgewachsen. Sohn
2144 2385 3210 2453 Theaters an der Wien standen. Und wenn die Zeitungs¬
146 2405 1087 2458 nachgespürt hat, im „Zwischenspiel“ etwa, da drang
1099 2408 2134 2458 eines Arztes, Bruder eines Professors der Medizin und
2140 2441 3206 2493 meldungen recht behalten, dann wird am 15. Mai Arthur
154 2444 1087 2492 tief und so innig ins heimliche Fühlen, daß es ihm
1097 2447 2132 2503 selber ein Arzt, der selber einmal von sich gesagt, er hätte
153 2474 1092 2528 im und sacht ins Ungewisse, ins Unwahrscheinliche
2132 2478 3204 2538 Schnitzler, ein Stück verkörperten Wiens, auf dem letzten
1096 2496 2145 2540 ohne diese wissenschaftliche Kenntnis nie sein „Sterben“!
146 2515 1095 2573 Närchenhafte verflimmerte. Ein Märchen vom Lieben
2140 2512 3212 2583 deutschen Provinztheater durch Aufführung eines seiner
1098 2500 2146 2575 und nie „Die letzten Masken“ dichten können. Wo die
155 2559 1088 2610 som Sterben ist sein ganzes Werk. „Anatol“ war
2143 2556 2723 2601 Stücke gefeiert und geehrt sein.
1102 2554 2140 2613 Stadt ins Land verrinnt und die sanften Hügelketten des
157 2597 1086 2643 rstes Buch, das Buch eines soignierten Flaneurs,
1095 2598 2146 2653 Kahlengebirges den Menschen in die Fenster schauen, dort
153 2637 1086 2683 homme à semme, und „Sterben“, diese melancho¬
1095 2624 2146 2691 ist sein Heim, von dem ein bestrickendes Aroma Altwiener!
150 2665 1084 2717 Nachdenklichkeit, sein zweites. Er hat wundervoll
1098 2668 2149 2730 Patriziertums, mit einem Schuß Makartbukett und Perser¬
153 2711 1092 2762 Dinge über die Liebe gesagt und erstaunlich lässige,
1100 2708 2164 2776 teppich, ausgeht. Die ganze Längswand des Arbeits¬
155 2745 1097 2801 ferend vornehme, gleichsam manicurte über den Tod,
1095 2752 2167 2815 zimmers dreifach hintereinandergereiht, nehmen die Bücher
160 2784 1096 2839 r hat ganz früh schon, im „Anatol“ bereits, jene
1102 2803 2163 2858 und Folianten ein, unter denen historische Werke die
156 2816 1090 2882 lierung gefunden, in der uns das Märchen zeitlich
1097 2847 2164 2891 Ueberzahl bilden; deren Geschichte ist nun die Lieblings¬
169 2868 1094 2918 gerückt, moderner und — wenn man so sagen darf
1102 2878 2161 2925 lektüre und das intensivste Studium des Arztes von einst.]
150 2901 1094 2961 blistischer erscheint: den Somnambulismus, die Tele¬
1094 2913 2160 2963 Da vergehen ihm täglich viele Stunden ernster Arbeit,
160 2945 1086 2992 . die Suggestion, deren rätselhaftes Wesen die Ge¬
1105 2958 2164 3013 die den Wienern, die ihn immer noch als den Schöpfer
160 2979 1090 3039 des Herrn von Sala auf seinem „Einsamen Weg“
1095 2983 2157 3043 des „süßen Mädels“, als den Schnitzler der Lie¬
173 3019 1096 3089 und die ganz in samtene Dunkelheit gehüllten
1099 3027 2155 3082 belei, des Reigen, des Anatol sehen, höchst verwunderlich
164 3053 378 3113 Novellen.
1105 3072 2159 3124 wären: er aber sagt mit einer seltsam zusammengerafften
157 3092 1087 3147 leicht ließe sich der Tonfall, der Rhythmus, die
1099 3104 2150 3158 Energie: „Man muß sich zur Arbeit manchmal zwingen,
156 3138 1094 3194 ie, in der all das auf weiche, wienerische Art gesagt
1101 3145 2162 3202 jeden Tag sein Pensum; wenn man einmal eine Sache
171 3169 1097 3216 vielleicht ließe sich auch die Dichtung Schnitzlers
1099 3183 2153 3242 hat, dann durch. Denn es ist wie bei dem Astronomen, der
148 3213 1095 3261 em Wort erklären, das uns von Grillparzer her
1102 3219 2161 3290 zu lange durchs Fernrohr schaut: das Firmament beginnt
156 3249 1095 3300 sig ist: Leben und Traum; denn ein unbän¬
1105 3272 1532 3329 plötzlich zu flimmern.“
157 3290 1093 3339 Leben=Wollen ist in allen Gestalten Schnitzlers, eine
1128 3297 2161 3378 Und diese Arbeitsmethode als Wiener mag es auch sein,
147 3323 1102 3391 gerische Daseinsfreude und ein kennerisches Genießen
1099 3351 2156 3418 die den Werken Schnitzlers jenes Mühelose und Leichte,
154 3368 1090 3433 prins, wie es in den Rebengeländen rings um die
1099 3382 2160 3442 das Selbstverständliche und Zwingende gibt. Die Wiener
164 3419 859 3461 der Phäaken erblüht und daheim ist.
1104 3422 2168 3488 freilich sehen in ihm weniger den Nachspürer letzter seeli¬
185 3429 1098 3493 im „Weiten Land“ ist wiederum — freilich in
1105 3464 2167 3521 scher Essenzen, als den lächelnden, tändelnden Anatol¬
157 3484 1088 3526 maeistigsten, animalischen Formen — solch ein Stück
1103 3502 2164 3565 Flaneur, sie nehmen die Tragik seiner Werke nicht recht
166 3517 1095 3584 zum Leben gestaltet in dem Fabrikanten Hofreiter
1105 3545 2166 3599 ernst wie sein kleiner Bub, dem er den Inhalt von „Der
173 3554 1094 3603 er Euch nicht der minder liebenswürdige, weil
1109 3582 2158 3636 Schleier der Pierette“ erzählt hat und der, als er auf
168 3599 1088 3648 Bruder Anatols zu sein; denn einen Flaneur mit
169 3623 2158 3687 er 45 Jahren, einen Mann jenseits der Schaffens= die Frage nach dem Schluß die Antwort bekam, „Zum
175 3677 2162 3739 der immer nur den Schürzenschleifen und Auto= Schluß sind alle tot“ — gesaat hat: „Das sieht Dir
