3204 4352
492 5 1730 117 e ene en cheencheen gen shentanemescheen
607 102 2177 158 Am Eingange seines Schaffens stand der junge, sinnesfrohe Anatol, das
491 161 2185 238 letzte bedeutsame Wort in seiner bisherigen Produktion hat der Fabrikant
498 221 2174 284 Hofreiter in der Angst des herannahenden Alters gesprochen. Der Lebens¬
503 289 2182 349 inhalt des genießenden Nichtstuers war das Weib und immer wieder das
503 342 2195 400 Weib, das er an sich zog und enttäuscht beiseite warf, der reife Held im
503 389 2187 449 „Weiten Lande“ zieht das Fazit seines Daseins vor einer Frau: „Wenn man
499 472 2192 524 Zeit hat und in der Laune ist, so baut man Fabriken, erobert Länder, schreibt
504 516 2185 578 Sinfonien, aber glaub mir, das alles ist Nebensache, die Hauptsache seid ihr!
582 564 2186 625 ihr!“ Was an fein abschattierten und leise differenzierten Gestalten zwischen
505 638 2185 689 diesen beiden Polen steht, was an kunstvollen und wohl auch gelegentlich
505 687 2180 756 künstlichen Motiven ersonnen worden, es ist eine Huldigung für die sinnliche
506 733 2186 798 Liebe, sei's im augenblicklichen Genusse, seis im sehnsüchtigen Schrei nach
506 809 2192 862 ruhiger Beständigkeit. So ist's wohl eine kleine, engumgrenzte Welt, die der
515 849 2184 915 Dichter geschaffen, aber es ist eine Welt, in der er unumschränkt gebietet. Und
518 910 2183 984 in ihrer scheinbaren Armut steckt eine unendliche Fülle, die als leichtfertig ge¬
513 964 2182 1044 scholtene Erotik birgt in sich die Ethik eines tiefen Schmerzes, einer sittlichen
510 1029 2186 1084 Skepsis, die ihn unendlich hoch über den Dichter des „süßen Mädels“ empor¬
498 1102 2177 1187 hebt, mit welcher Etikette man ihn gelegentlich abzutun glaubte, ohne zu be¬
497 1169 2183 1248 achten, wie viel schroffe Eigenart oft auch in diesen so entzückenden Wiener
2145 1208 2192 1265 7
495 1252 2174 1302 Grisetten steckt. „Man nennt mich's süße Mädel, ob ich süß bin oder nicht“
495 1286 2190 1362 singt die Marionette in seinem Wurstelspiel. Man hörte zu gerne auf die
497 1346 2181 1419 Koseworte, die ins kleine Ohr Annies oder Mitzis geflüstert werden, man
502 1402 2189 1482 fühlte die weichen Lippen des dummen Mädels, das willig dem Lockrufe des
501 1465 2189 1534 Abenteuers folgt, mit Behagen auf dem eigenen Munde nehmen, die hinreißenden
507 1519 2191 1588 Szenen augenblicklicher Lust, wie sie noch kein Meister der deutschen Sprache
509 1576 2189 1651 auch nur annähernd so verwegen und zugleich mit so künstlerischem Maße
504 1644 2198 1707 dargestellt, wie Arthur Schnitzler im „Reigen“, ließen die tiefen Untertöne des
499 1695 2204 1765 Leides überhören, die aus solchen Momenten rascher Wallungen und lauter
501 1753 2202 1813 Betäubung klangen, und das Knochengerüste mit der Sense, das höhnisch auf
505 1811 2208 1887 die heiße Umarmung blickte, stand unbemerkt im Hintergrunde. Schnitzlers
503 1870 2189 1949 Erotik, es ist jene letzte Nacht, die der Herzog im „Schleier der Beatrice“
507 1928 2200 2010 feiert, sie soll alle Lüste und Gluten der wildesten Orgie entfesseln — und ihr
511 2005 2205 2064 Ende ist Enttäuschung und Überdruß. Es ist äußerst selten, daß der Dichter
511 2056 2193 2117 es vermag, sich ungehemmt dem schönen Augenblicke hinzugeben. Der Er¬
511 2110 2199 2178 füllung der heißen Gier folgt der Ekel und selbst im „Reigen“ klingen die
513 2164 2206 2241 kurzen Liebesstunden meist in eine physische und geistige Ernüchterung aus;
507 2225 2206 2293 im Anfange jedes Verhältnisses liegt schon das nahe Ende und wird im ersten
507 2305 2212 2352 Kusse vorausgesehen; selbst ein sich fest gestaltendes Bündnis wie das Annas
524 2337 2214 2400 und Georgs im „Weg ins Freie“, scheint dem scheidenden Liebhaber schon
519 2411 2220 2480 in der ersten Begegnung die ganze Katastrophe in sich getragen zu haben;
515 2488 2184 2528 und so spricht auch in einem seiner seltenen lyrischen Gedichte die Gelier.
515 2514 2221 2581 die er vergeblich mit neuen Seligkeiten und ungekanntem Leid erfüllen möchte,
523 2572 2219 2645 mit stummen Lächeln: „Ich kenn' ja auch das Ende — wie's immer kommt
598 2648 1129 2720 mit Ekel und Betrug.
621 2703 2210 2759 Auch dieser Gedanke an das Ende des Liebens steht im innigsten Zu¬
528 2774 2220 2831 sammenhange mit dem peinigenden Bewußtsein vom Ende des Lebens.
533 2817 2223 2884 „Gibt es einen anständigen Menschen, der in irgendeiner guten Stunde in
522 2867 2227 2947 tiefster Seele an etwas anderes denkt?“ fragt er einmal. Es ist die physische
530 2926 2231 2999 Tatsache des Aufhörens, die ihn so unablässig quält, das Jenseits kann ihn
531 2979 2224 3063 wenig kümmern: „Nichts kommt nach uns, alles stirbt mit uns.“ Der Augen¬
538 3063 2226 3133 blick mit seinem Scheiden, von denen niemand uns erzählt hat, dieses brutale
530 3112 2223 3181 Aufhören, das wir nicht verstehen und nie verstehen können, läßt einen seiner
533 3169 2227 3230 sterbenden Helden mit neiderfülltem Hasse auf das frische Leben an seiner
539 3217 2232 3298 Seite blicken, das „noch jung und lebendig sein wird, und lachen wird, wenn
536 3289 1443 3374 er nicht mehr lachen und weinen kann.“
642 3332 2238 3411 Sein Beruf als Arzt hat Schnitzler keine Antwort auf seine bangen Fragen
543 3417 2243 3488 gegeben, sondern ihn nur die tiefste Versenkung in die körperliche Zersetzung
541 3453 2232 3544 gelehrt, wie sie aus der meisterhaften analytischen Studie „Sterben“ spricht.
538 3510 2238 3597 Was hier ein Hauptmotiv bildet, kehrt in Drama und Novelle immer wieder,
546 3565 2241 3662 die scharfe Nebeneinanderstellung des lebenden und des toten Wesens, die Ge¬
546 3658 2251 3719 liebte neben der Leiche des Freundes, ja auch die Liebesfeier praesente cadavere.
549 3694 2258 3773 So umdröhnt ihn, wie seinen Medardus, „das Wort Tod wie dunkle Glocken“.
