3392 4352
1146 268 1585 355 box 39/1
158 272 994 382 1. 50th Birthdav
378 572 1565 648 eschnitt aus: Tiener Montags Journal. Wien
518 632 819 727 13.MALLSEE
393 663 478 739 n:
1628 772 2887 875 war! Und daß auch die Proben zu der Vorstellung, — sie haben
784 789 1353 894 Tritsch=Tratsch.
1671 843 2880 897 sich richtig für die „Liebelei“ entschieden — ein Kuriosum dar¬
528 882 1659 938 Dem Wiener Theaterleben wird durch Gastspiele aus¬
1658 888 2879 956 stellten, das geht schon daraus hervor, daß sie jedesmal in der
435 936 1669 1015 wärtiger Künstler kräftig aufgeholfen. Brahm, Bassermann und
1717 952 2876 1000 Kanzlei dieses Advokaten stattfinden, bei einem halben
448 992 1654 1048 nun will auch Direktor Beöthy aus Budapest kommen. Also
1673 986 2881 1048 Faßl Freibier und diversen Krügen Likör notabene, die der
449 1038 1654 1106 Reizungen wären genug vorhanden, daß sich unser Publikum
1661 1037 2873 1112 wackere Rechtsanwalt den Mimen als „Spielhonorar“ zur Ver¬
441 1082 1641 1147 der Meinung des alten Theaternarren, des Onsels Sarcey,
1673 1092 2873 1144 fügung stellt! A teurer Spaß, das will ich meinen; wer aber
448 1151 1655 1200 anschlösse, der behauptet hatte: „Im Winter ist so ein Zu¬
1666 1145 2876 1196 das Theaterspielen vom Standpunkt des Idealisten und net vom
448 1186 1649 1242 schauerraum schon wegen der behaglichen Wärme ein Labsal
1673 1184 2879 1274 geschäftlichen betreibt, der wird deshalb net aus der guten
1675 1237 2043 1299 Laune kommen —“
446 1253 1651 1299 und in der warmen Jahreszeit gibt's keinen angenehmeren,
451 1286 1659 1346 kühleren Ort. Zumal die Deutschen finden ungeschwächten
1775 1274 2887 1363 „— zu der aber herentgegen andere schon wieder berech¬
439 1347 1660 1393 Zulauf; im übrigen sorgen freundliche Zufälle des Kalenders
1666 1334 2883 1387 tigteren Grund ham. Die Saison war ja im allgemeinen nix
448 1382 1656 1452 schon dafür, daß auch Normalvorstellungen der Theater einen
1664 1397 2869 1454 weniger als berühmt dösmal, aber unsere Kabaretts, na, scham¬
431 1436 1650 1485 interessanteren Anstrich erhalten. Man begeht einfach Ju¬
1677 1438 2880 1498 ster Diener! Da is e noch zum verwundern, wann so a Direk¬
442 1479 1649 1548 biläen, feiert Geburtstage und nimmt mitten im Maien ein
1662 1489 2877 1542 tor gute Witz zum bösen Spiel macht. Treffen da neulich der
436 1530 1656 1583 unvermutet volles Haus gerne in Kauf. Der Baumeister¬
1664 1539 2875 1586 kaufmännische Leiter eines Kabaretts mit'n artistischen eines
442 1576 1650 1640 Rummel, der Schuitzler=Tgg. Da dürfen unsere beiden
1666 1595 2888 1653 andern im Kaffeehaus z'samm. Z'erst lugen sa si gegenseitig
439 1641 1069 1702 Freunde natürlich nicht fehlen.
1658 1647 2881 1701 a Weil über die „gegen Erwarten günstige Spielzeit“ in die
1663 1688 2881 1752 Säck, nachher aber schließt der eine lachend die Diskussion und
550 1686 1652 1750 „Aber dös ane, nahm Frl. Maltschi das Wort, als sie
1671 1732 2876 1798 sagt: „Und sogar einen Jubelabend hatten wir ganz zum
441 1742 1660 1796 sich vom Moritz die spaltenlangen Berichte unter die Nase hal¬
1674 1776 2879 1860 Schlusse noch, wenn auch ohne Blumen und ohne Klavieraus¬
447 1794 1662 1838 ten ließ, „dös ane ham die Referenten diskret verschwiegen.
1664 1811 2918 1900 züge. — „Aha, mir wollen Sie eine 50ste oder 100ste Reprise
445 1849 1656 1899 Daß nämlich der alte Baumeister, indem daß er sich über die
1665 1891 2879 1944 einreden? Glauben Sie wirklich, ich hab' meine fünf Sinne
442 1897 1649 1948 heutigen Theaterverhältnisse äußerte, a ganz a feine Nasen zeigt
1671 1935 2879 2003 nicht beisamen?“ knurrt der andere. — „Machen wir uns doch
440 1946 1644 1995 hat, wia er gar a so skeptisch vom jetzigen Burgtheaterenthusias¬
1674 1985 2878 2063 nichts vor, verehrtester Konkurrent,“ sagt der Direktor, „ist das
440 1992 1643 2051 mus g'sprochen hat. Die Politik, hat er gmeint, absorbiert
1663 2040 2824 2088 vielleicht kein Jubelabend, wenn es mir vergönnt war, —
410 2019 1654 2107 I jetzt dös alles bei die Leut? Na, i waß net, ob ma's grad
1667 2081 2628 2159 zum letztenmal in der Saison zu spielen?!
446 2089 1656 2152 auf dös hinlenken soll, aber daß die Täg' des großen Burg¬
2681 2097 2932 2220 —
445 2141 1696 2218 theaterkollers vorbei san, dös glaub' i muß schon a Blinder#
444 2205 1659 2256 merken. Und grad den Teilnehmern am jetzigen Bau¬
440 2239 1672 2297 meisterjubiläum is dös am augenfälligsten bewußt wor'n, wenn
450 2292 1669 2353 s’ es mit dem früheren Baumeisterjubiläum verglichen ham.
448 2343 1672 2406 Guat, 's Haus war vollbesetzt, guat, g'schrien und Tücher
445 2388 1671 2454 g'schwenkt und Reden g’halten und laut und intim is g'feiert
447 2439 1664 2495 wor'n, aber —. Ja, aber wo war diesmal der stadtbewegende
444 2502 1667 2555 Rummel? Vor grad zehn Jahr'n war's, da san die Leut vorm
450 2543 1679 2587 Theater um ara zehn Uhr Vormittag ang'stellt g’wesen, um si
438 2591 1664 2632 no a Platzl sichern zu können, die Tramwaygeleise am Franzens¬
446 2625 1677 2713 ring waren verlegt, so ham si die Enthusiasten g'staut und drei
438 2687 1675 2740 Dutzend Wachleute mußten einschreiten, damit die Ordnung
446 2735 1681 2786 halbwegs hat aufrecht erhalten werden aönnen! Diesmal, — na,
452 2786 1695 2853 a bißl kränkt hat si unser alter Meisterspieler schon, der 'nf
446 2834 1678 2912 Unterschied genau kennt hat, weil er von sein' Hotel aus nach'n
440 2887 1677 2940 Essen an Rekognoszierungsspaziergang rings ums Burgtheater¬
447 2941 1678 3006 gebäude unternahm. Als ob er die Ursach' wär', wenn die
443 2991 1672 3040 Theaternarretei just vor dem Hause des Baron Berger merk¬
450 3038 1667 3099 liche Abkühlung zeigt. Le baron Berger dispose ... und das
440 3083 1679 3149 Publikum denkt. Und wahrlich nimmer so naw=begeisiert, wie
439 3135 1572 3190 zur Zeit der seligen Sonnenthal= und Kainzherrlichkeit.“
540 3193 1678 3258 „Heißt elegische Töne angeschlagen,“ unterbrach hier der
436 3246 1676 3302 Moritz, „na, gottlob, da dazu is ka Anlaß und net amal wenn
449 3298 1675 3357 mir zwei in Wien de anzigen meschuggenen Theaterfreunde
450 3336 1668 3406 wären. Uebrigens, was wollen Sie eigentlich? Braucht es
453 3377 1680 3451 Massenaufläufe auf der Gassen, braucht es eingedruckte Rippen
436 3428 1668 3518 oder Narren, was dem Automobili von aner gefeierten Per¬
448 3490 1674 3573 isenlichkeit das Benzin austrinken? De wahre heiße Verehrung
443 3543 1665 3607 äußert sich etwas weniger geräuschvoll. Auf die Intensität des
442 3601 1668 3655 Gefühls kommt es an. Da ham Sie den 50. Geburtstag vom
450 3641 1678 3704 Artur Schnitzler. Sie mechten nicht glauben, wie sich in den
446 3690 1679 3744 Theatern, wo sie dem Geburtstagskind zu Ehren seine Stücke
442 3737 1672 3791 spielen, der Vorverkauf für den betreffenden Abend glänzend
443 3799 1655 3855 gestaltet hat. Trotzdem es sich um die abgespieltesten Stück'
444 3822 1683 3921 handelt, was beweist, daß es der Schnitzlergemeinde net um den
449 3890 1677 3947 Theatergenuß an sich, sondern um a demonstrative Treuebezei¬
446 3936 1676 4000 gung für ihren Lieblingsdichter zu tun is. Und jetzt lassen Sie
445 3995 1671 4061 sich von der originellsten Schnitzler=Feier erzählen; kane
449 4041 1680 4111 Conference, ka Spezialheft, ka Vornotiz hat bis heute davon
443 4094 1675 4149 etwas verlauten lassen. Also da gibt es in Wien einige
437 4143 1672 4185 Künstler, was einerseits wegen der Repertoireverhältnisse net
453 4189 1653 4234 zum Austreien kommen, andrerseits an Wirkungskreis haben.
