3392 4352
1910 126 2229 195 ——
1109 191 1547 292 box 39/1
259 199 951 303 Soth Birthday
670 647 802 708 1281
1391 651 1759 713 Echo der Zeitungen
2374 655 2456 707 1282
645 776 1562 826 Heim, das er draußen im gartengrünen Cottage¬
1611 773 2516 836 Dieser Dichter hat mit jugendlich=erotischen Einfach¬
638 821 1561 875 viertel, fern vom Großstadtgetriebe, bewohnt, und
1618 824 2521 869 heiten begonnen und enthüllt Schicksalswege, bei
639 863 1555 907 seine Kinder, ein kleiner Junge und ein Mädchen,
1610 865 2522 920 deren Verschlungenheit man sich der tiefsinnigen
637 895 1564 952 zwitschern die fröhliche Begleitmusik. Schnitzler ist
1610 907 2502 940 Traumbilder in Hebbels Tagebüchern erinnert.
644 940 1556 991 heiterer geworden, weil ja reife Menschen meist froher
1624 943 2520 983 (Felix Salten, Fremdenbl., Wien, 129.) Vgl. auch:
641 982 1558 1022 sind als junge, voll unerfüllter Sehnsucht und voll
1618 981 2518 1022 Naoul Auernheimer (N. Fr. Presse, Wien, 17140);
645 1015 884 1067 Konflikten.“
1616 1018 2522 1062 Ludwig Steiner (Tagebl., Prag, 133); W. Fred
715 1051 1562 1112 Daneben fällt manch feines Wort tiefer greifender
1623 1057 2518 1105 (Hannov. Courier 29886); Robert Hirschfeld (N.
640 1097 1566 1131 Charakteristik des Künstlers: „Die Begriffe, Seele“,
1617 1098 2520 1148 Tagebl., Wien, 132); Alerander v. Weilen (Abend¬
647 1143 1556 1183 „Liebe', Sterben“ gehören zum Hauptinventa“ von
1607 1134 2526 1187 post, Wien, 111); Willi Handl (Bohemia, Prag,
647 1183 1562 1223 Schnitzlers Schaffen. Es gibt welche, die darüber
1620 1185 2521 1228 133); Fritz Droop (Danziger Ztg. 227); Hans
643 1205 1567 1270 lächeln. Nun ja: die Seele ist ein weites Land; die
1610 1217 2520 1255 Wantoch (Generalanz., Frankfurt, 113 u. a. O.);
646 1256 1557 1291 Liebe höret nimmer auf; sterben müssen wir alle. In
1616 1251 2523 1306 Marie Holger (Magdeb. Ztg. 247); Gustav Werner
645 1291 1555 1327 diesen Begriffen erschöpft sich schließlich alle Dicht¬
1622 1298 2531 1341 Peters (N. Bad. Landesztg. 224); Stefan Groß¬
644 1332 1561 1372 kunst. Nur daß sie keiner in so gedankenreicher und
1611 1333 2525 1391 mann (Berl. Tagebl. 243); Wiener Allg. Ztg.
641 1370 1567 1412 anmutiger Form abwandelt wie Schnitzler. Jede
1621 1370 2522 1418 (10229); Vorwärts, Unterh.=Beil. (93): Wiener
653 1409 1553 1449 Seele ist ihm ein neues Erlebnis, jede Liebe eine
1620 1414 2517 1466 Mittagsztg. (15. 5.); Österr. Volksztg., Wien (132);
652 1449 1554 1497 neue Offenbarung, jedes Sterben ein neues Schicksa“.
1613 1450 2166 1500 N. Fr. Presse, Wien (17143).
649 1491 1561 1530 Seine Erkenntnisse weisen ihn eigentlich auf die Epik.
1669 1494 2525 1539 Zahlreich sind die Besprechungen, die Schnitzlers
640 1529 1556 1566 Aber es ist merkwürdig, wie sehr er auf dem Theater
1620 1531 2522 1570 neuem Werk „Masken und Wunder“ (S. Fischer,
642 1570 1566 1617 seine Menschen meist ebenso scharf umrissen hinstellt
1611 1572 2527 1615 Verlag) zuteil geworden sind. Paul Zifferer schreibt
647 1607 1564 1644 wie im Roman und in der Novelle.“ (N. Wiener
1608 1607 2522 1648 (N. Fr. Presse, Wien, 17147): „Der neue Novellen¬
656 1648 1557 1685 Journal 6663.) „Arthur Schnitzler, als Wiener ein
1626 1645 2524 1690 tranz von Schnitzler gibt uns nicht das Leben selbst,
648 1684 1560 1739 feinstes Zuchtwahlprodukt überreifer, herbstlicher
1624 1686 2534 1734 sondern das Prinzip des Lebens. Das wirkliche
643 1726 1566 1768 Kultur; als deutscher Denker und Schwärmer ein
1620 1731 2529 1772 Leben dünkt uns abgerückt, in stolzer Distanz ge¬
641 1763 1558 1811 Problematiker, der, wenn es Rätsel zu lösen gibt,
1617 1769 2494 1813 halten. All diese Erzählungen gefallen Iich in
646 1800 1562 1846 sein mildes Gemüt, sein eigenes Mitleid nicht schonen
1620 1809 2532 1854 einem sanften, zarten Märchenton, wie durch einen
641 1842 1558 1891 kann, als Jude mit einem unendlichen Heimweh, mit
1624 1841 2518 1879 Schleier hindurch folgen wir den Geschehnissen. Jul.
651 1877 1566 1920 dem melancholischen Zweifel begabt, der selbst seine
1619 1879 2527 1931 Philipp Heergesell urteilt (Hamb. Corrcsp. 248):
647 1919 1563 1959 unruhige Sinnlichkeit, selbst die Stunde des Taumels
1621 1920 2532 1969 „Wenn Schnitzler selber zugibt, daß Wunder in
654 1959 1564 1995 und Genusses- trübt: dieser aus kostbaren Elementen
1617 1954 2520 2003 seinem Buche geschehen, so wolles wir es ihm nichts¬
639 1997 1568 2038 zu einer Eigenheit ohnegleichen erwachsene Dichter
1609 1997 2516 2035 destoweniger bestreiten. Gehört es denn nicht gerade
651 2036 1562 2086 hat selten in seinen Schöpfungen die robusten, gesund¬
1610 2039 2528 2085 zu den feinsten Reizen all seiner Arbeiten, daß alle
651 2076 1560 2115 animalischen Menschen gesucht. Traf sie sein Auge,
1614 2078 2519 2122 Geschehnisse, selbst die unerhörtesten und abenteuer
645 2109 1571 2171 so wußte sie sein scharfer Blick auch zu umfassen, und
1616 2115 2518 2149 lichsten, vollkommen gesetzmäßig vor sich gehen?
639 2154 1570 2189 hinter dem leichten Schleier einer gütigen Ironie
1614 2155 2526 2195 Was tut es, daß es die Gesetze des Traumes, die
644 2193 1558 2232 leben sie sich aus. Aber Fleisch und Blut von Schnitz¬
1623 2190 2525 2238 Gesetze einer fremden überirdischen Welt sind? In
649 2236 1563 2282 lers Seele sind die feinbenervten melancholischen
1609 2232 2525 2285 dieser schnitzlerschen Welt sind sie keine Wunder, son¬
638 2273 1571 2306 Naturen, die Fragen ohne Antwort, die Untreuen,
1620 2272 2515 2314 dern Ereignisse von innerster Wahrhaftigkeit; ein
637 2317 1570 2361 die die Treue suchen, die vom Tod Geküßten, die
1610 2307 2522 2365 dämonischer Zwang steckt in ihnen. — Dazu fällt ins
652 2348 1560 2395 das Leben allein lieben.“ (Hermann Kienzl, N.
1615 2346 2524 2402 Gewicht, was Alfred Klaar (Voss. Ztg. 246) fest¬
643 2388 1119 2439 Tagebl., Stuttgart, 120.)
1177 2384 1566 2437 „Seine Welt enthält
1627 2387 2532 2439 stellt: „Aber da ist auch etwas Neues, was in der
643 2428 1561 2479 merkwürdige Verknüpfungen. Schon in der „Liebelei¬
1620 2429 2523 2480 bisherigen Produktion Schnitzlers, vielleicht nur im
1630 2473 2525 2511 Schleier der Beatrice" vorbereitet scheint: eine düstere
651 2470 1565 2510 zeigt sich diese merkwürdige Art, weit auseinander
643 2511 1568 2540 lebende Eristenzen durch unsichtbare Fäden zu ver¬
1619 2507 2531 2543 Phantastik, die, mit großer Virtuosität zur Wirklich¬
1621 2544 2519 2597 keit erhoben, bei aller Milde des Vortrags den Ein¬
641 2539 1561 2594 binden. Der junge Mann, der das kleine Vorstadt¬
646 2586 1566 2624 mädchen liebt, stirbt für eine mondäne Frau, die er
1620 2583 2536 2627 druck der Trostlosigkeit macht, ein fast grausames
1624 2623 2526 2673 Vergnügen, durch Märchen und Halbmärchen, die
643 2623 1571 2660 gar nicht mehr lieb hat. Christine sieht den Mann,
1611 2664 2520 2714 kondensiertes Leben enthalten, das Mysterium der
639 2665 1565 2711 dem sie ihre erste Neigung geschenkt hat, für eine
642 2707 1569 2756 andere in den Tod gehen. An die Nache eines Eifer¬
1621 2699 2529 2740 Erotik, zumal das der Weiblichkeit psychologisch und
658 2739 1560 2781 süchtigen und an die Delirien eines sterbenden Greises
1616 2754 2527 2789 physiologisch derart bloßzulegen, daß das Elemen¬
1618 2779 2526 2819 tarische des Unterbewußtseins die Oberhand behält
645 2780 1560 2826 sind im „Ruf des Lebens' alle Schicksale des jungen
1611 2819 2519 2856 und daß aus allen Geschichten zuletzt das letzte
649 2821 1568 2872 Menschen des Dramas gebunden. Der Professor im
1613 2859 2539 2906 Wort des schillerschen Talbot herauszutönen scheint:
649 2868 1563 2910 „Einsamen Weg“ sieht seine Frau sterben, seine
1613 2906 2527 2946 „die Einsicht in das Nichts und die herzliche Ver¬
647 2897 1576 2946 Tochter in Selbstmord enden, sein ganzes Dasein
1616 2941 2522 2985 achtung alles dessen, was uns erhaben scheint und
647 2930 1568 2983 stürzt zusammen, und da erst, am Ende aller Dinge,
1617 2970 2509 3022 wünschenswert“. Vgl. auch: Norbert Falk (B. Z.
639 2977 1564 3025 hört er sich von seinem Sohn Vater“ angerufen,
654 3019 1566 3067 mit einem Klang der Echtheit, mit einem Akzent der
1616 3018 2526 3065 a. Mittag 113); Robert Saudek (N. Wiener Joup¬
644 3060 1555 3098 Seele, als habe er das Wort Vater nie vernommen.
1613 3056 1815 3106 nal 6666).
648 3095 1558 3144 Hört es von seinem Sohn, der gar nicht sein Sohn
644 3132 1553 3181 ist. Der Komödiant in der Schenke zum „Grünen
1809 3152 2323 3216 Zur deutschen Literatur
635 3170 1567 3224 Kakadu tragiert vor dem noblen Publikum seine
1669 3195 2521 3252 Wilhelm v. Scholz schreibt (Tag 118) über K.
1616 3245 2526 3297 Ph. Moritz' Roman Anton Reiser“ und weist da¬
651 3245 1568 3298 hingerissen und ermordet den Prinzen von Chartres,
647 3289 1568 3329 der ihn betrogen hat. Aber im selben Augenblick
1622 3293 2525 3338 bei auf die beiden neu erschienenen Ausgaben hin:
645 3328 1563 3366 bricht auch von der Straße her die Brandung der
1611 3325 2513 3376 „Heute liegt der „Anton Reiser' vor: in einer ent¬
646 3362 1564 3407 Revolution in die Schenke. Dort draußen ist soeben
1620 3375 2521 3413 zückenden kleinen, dem Original in Ausstattung und
643 3407 1565 3441 die Bastille erstürmt worden. Jener Komödiant hat
1623 3400 2534 3451 Type nachgebildeten, mit alten Porträten und Titel¬
647 3447 1558 3487 also nicht in vereinzelter Naserei den Degen geführt.
1619 3444 2521 3493 vignetten geschmückten zweibändigen Ausgabe von
641 3485 1562 3525 Die Auflehnung, die unter den Bedrückten umher¬
1609 3493 2521 3533 Dr. F. B. Hardt (bei Georg Müller, München) und
1620 3528 2528 3577 in einem von Heinz Schnabel edierten billigeren
648 3517 1567 3569 ging, hat in ihm ihre Hand erhoben wie draußen in
644 3562 1569 3610 den vielen, vielen anderen. Und der Komödiant hat
1615 3569 2527 3609 Druck, der auch einige von Moritz selbst nicht in
1617 3598 2527 3650 den Roman aufgenommene Reiser=Aufzeichnungen
633 3598 1561 3647 zugestoßen, nicht so sehr, weil er den Zorn der Eifer¬
1609 3648 2537 3698 erneuert (bei M. Mörike, München).“ — Die Frage
643 3641 1573 3697 sucht empfand, sondern weil die Stunde erfüllt war.
