3436 4448
153 267 259 364 1.
2093 187 2305 257 —
1515 259 1958 354 box 36/7
279 265 1353 391 Panphlets offorints
1362 680 1642 918 4
660 877 2539 961 ———
1612 956 1912 1028 m   n
1896 960 2040 1086 □25
947 981 995 1088 2
718 982 934 1089 uane
1184 1002 2319 1143 DerMlerke
852 1074 1215 1143 SR
784 1142 2399 1272 Arthur Schnitzler. Von Paul Czinner.
1636 1297 1783 1434 82
1876 1372 2440 1513 MD
1031 1560 2481 1655 leine, dämmerige Stuben mit Blumen in den Vasen, niedrige Fenster,
1068 1610 2478 1695 aus denen die Sehnsucht sich beugt. Blühende Gärten mit alten
1078 1664 2475 1757 Bänken, auf denen zwei sitzen und sich in die Rugen blicken.
1079 1730 2486 1819 Menschen, die in den Frühling gehen, Hand in Hand. Sonne, Licht
1060 1788 2496 1890 und bange Schatten. Menschen, die zittern vor Glück und beben
1070 1854 2496 1919 1 vor Rngst es zu verlieren. Lieblich trippelnde Mädchen, die auf
736 1901 2501 1991 L das Leben warten, die sich nach einem Schicksal sehnen, nach der
740 1959 2501 2082 großen Stunde. Und blasse, frühalte Kavaliere mit müden Geberden, denen solch
739 2027 1955 2116 ein junges Ding nicht mehr ist als eine Lebemannssache,
913 2069 2501 2167 Ein reizendes Durcheinanderfluten von Weichheit und Eleganz, Innigkeit und
732 2135 2490 2232 Ironie, Schlichtheit und Raffinement, Schmerz und Spiel, Leben und Traum. Leicht¬
728 2195 2497 2298 gewebte Lyrik neben Feuilletonismen und brutaler Realistik. Lieben, spielen und
736 2253 2360 2343 sterben. Das ist die schmerzlich-süße, traurig-lustige Welt Arthur Schnitzlers.
921 2311 2510 2401 Ein Weicher ist er, ein stiller Träumer, mit sanftem, milden Antlitz wie es
748 2379 2501 2456 die Frauen lieben. Kein Denker, ein Dichter. Er reflektiert nicht, er schildert, lebt
751 2431 2501 2541 nach, läßt fremde Nervenströme durch sein Gehirn ziehen. Es gibt manchen, der
748 2502 2515 2601 gewaltiger, tiefer ist, aber keinen, der uns tiefer bewegt. Eine Musik umklingt
749 2567 2505 2649 seine Werke, zart und schwebend, als flögen leichte Tauben. Zärtliche Melodien, die
752 2606 2508 2710 wir alle einmal im Herzen trugen. Stimmung, Stimmung. Ich denke an Schu¬
753 2661 2511 2759 manns Heinevertonungen, an die milde Schwermut Schuberts, manchmal an die
753 2726 2514 2817 sensitio-melancholisch hinfließenden Rhythmen Chopins. Mit diesem hat er auch die
756 2775 2510 2886 leichte Erregbarkeit und erhöhte Empfindungsfähigkeit gemeinsam, vor allem aber
761 2858 2519 2927 den eigenartigen melancholischen Lyrismus, der nichts weiter ist, als der sublimierteste
760 2913 2523 3001 Egoismus, der alles auf sich bezieht und seine eigenen Ich-Zustände ols den einzigen
759 2972 2525 3049 und höchsten Maßstab hinstellt (Herr von Sala). Eine dunkle Melancholie, die im
755 3020 2516 3123 Widerspruch steht zu seiner gelenken, leichtsinnigen, gallischen Beweglichkeit, seinem
751 3082 2528 3169 koketten Feminismus, seiner Lebenslust und Lichtfreude. Ein Stimmungskünstler par
758 3145 2518 3232 excellence ist er. Ein Bild, ein Wort, eine Farbe, ein Ton — die Stimmung ist da,
757 3228 2527 3284 sie hält uns fest, umarmt uns gleichsam. Einmal hören wir von einem Abend..
760 3286 2513 3353 eine grün-rote Ampel brennt („sie gehört auch dazu“!) .. einer sitzt am Klavier
765 3312 2533 3397 und eine, die er seit zwei Stunden kennt, liegt zu seinen Füßen ... ihr Kopf in
768 3374 2531 3469 seinem Schoh.. er phantasiert mit der linken Hand . .. die rechte hat sie an
714 3457 2589 3573 TEE
1584 3531 1720 3602 205 —
2712 4125 3094 4205 W A
