3436 4448
1473 262 1935 375 box 36/7
133 282 1331 398 1. Panphlets offorints
636 1002 2511 1097 ——
1568 1094 1917 1186 ATTIIN TTRN AR TR
701 1106 1026 1235 Kun 1
970 1146 2328 1260 1e Der ierker
697 1276 2435 1356 Sohlen wandelte, zu schreiten beginnen. Man merkt, wie seine Füße widerstreben,
691 1348 2441 1400 wie die zarten Knie schmerzlich beben. Aber er bleibt Herr. Das erste ein Duell¬
690 1423 2456 1482 stück mit Tendenz. Strenge Beweisführung einer Anschauung liegt ihm nicht sonderlich.
695 1464 2443 1535 Der erste Hkt des „Vermächtnis“ stammt von einem Meister. In den folgenden
702 1527 2438 1585 wird ohnmächtige, verzweifelte Schwäche von der rohen Gewalt kleinlicher Mensch¬
699 1588 1582 1660 lichkeit (also Unmenschlichkeit) zertreten.
860 1623 2448 1712 In einigen bühnenwirksamen Einaktern erscheint das Theatralische kunst¬
696 1700 2451 1763 voll vertieft und bereichert, „Der grüne Kakadu“, „Lebendige Stunden“: Spiele
698 1779 2448 1836 zwischen Sein und Schein, Scherz und Ernst, ein graziöses Jonglieren mit Trug,
697 1824 2445 1897 Traum und Wirklichkeit. Stimmung und Dialogführung siegen hier. Das Geistreich¬
694 1880 2446 1940 Anekdotische bildet den Kern. Im „Reigen“ haben wir einen modernen „Dekameron“.
698 1947 2454 2008 Das Psychologisch-Witzige, die komische Zeichnung ist das Wertvolle. Zehn Szenen;
696 1991 2464 2041 immer eine Frau und ein Mann, dazwischen —— Gedankenstriche. Die Sexualität
703 2052 2455 2121 wird zum Symbol im Weltspiel. Dialoge, in denen es klar wird, daß der Dichter
697 2117 1488 2193 Ruditäten-Poesie zu machen vermag.
859 2178 2460 2246 Im „Schleier der Beatrice“ tritt uns wieder der Melancholiker Schnitzler
695 2242 2450 2307 entgegen, aber müder, kranker. Einer mit der zitternden Nervosität der Überfeinen,
696 2307 2459 2362 mit der beständigen schmerzhaften Erregbarkeit bloßgelegter Wunden, mit dem steten
709 2342 2457 2419 Unbefriedigtsein des Raffinements, voll Selbstflucht und Zerfallsdrang. Er ist der
706 2398 2454 2469 Gipfelpunkt in der Linie der Schnitzlerschen Skeptiker, die mit Fedor Denner im
708 2472 2451 2551 „Märchen“ ansetzt. Mißtrauisch, eifersüchtig selbst auf Träume der Geliebten, die er
705 2536 2446 2598 mit seinen Zweifeln und Prüfungen quält. Am Schiuß tötet er sich selbst. Warum?
703 2576 2467 2651 Beatrice verläßt den Gestorbenen und stürmt ins Leben, wie die Frau im „Sterben“,
698 2639 2459 2712 wie die Frau in der Novelle „Die Toten schweigen“. Dem einen Helden gegenüber
705 2687 2467 2774 steht ein zweiter: der Herzog; ein Tatmensch, der das volle Dasein ausschöpft.
709 2772 2459 2829 „Das Leben ist die Fülle, nicht die Zeit.“ Und zwischen beiden tanzt und lügt
709 2813 2466 2894 Beatrice. Sie ist ein Typus. Das Weib, dem wir alle einmal begegnen, an dem
715 2871 2456 2941 wir verbluten oder über dessen Blut wir steigen müssen. Sie verläßt einen Bräutigam
714 2935 2462 3012 für einen Herzog, einen Herzog für einen Dichter, den toten Dichter für den lebenden
716 2998 2463 3073 Herzog. Und schließlich wird sie selbst erstochen. Das prächtige Werk, das in
713 3051 2454 3132 den prunkvollen Mantel der Renaissance gehüllt, einherschreitet, ist gewiß des
713 3128 2454 3182 Dichters stärkste Schöpfung, seine größte und gelungenste nicht. Der Dichter will,
716 3166 2450 3249 doch die Gestalten müssen nicht. Der Mangel liegt in der Schleierhaftigkeit der Beweg¬
714 3225 2462 3309 gründe. Wo es sich um Stimmungen, Situationen, Episoden handelt, ist die Dichtung
721 3289 2464 3364 einzig, aber es fehlt die Hebbeische Kraft und Wucht, die nötig gewesen wäre, den
710 3354 1121 3430 Stoff zu meistern.
886 3403 2451 3471 Schnitzler ist weder Symbolist, noch Naturalist, aber er hat von je einen
711 3459 2454 3524 der beiden Richtungen soviel genommen, um der anderen die Wagschale zu halten.
724 3522 2457 3608 Er ist kein Techniker, kein Ausarbeiter, kein Ausgestalte. Die inneren Vorgänge
669 3591 2520 3683 TEEL
1519 3660 1672 3728 — 207 —
1446 4004 1746 4107 Thoater.
2342 4088 2447 4189 800
2877 4159 3005 4206 ne
