3344 4352
778 309 1267 412 box 37/1
114 313 797 422 2. Cuttings
1792 1012 2596 1075 usse. Die Audienz des Fürstprima-
356 1051 3309 1145 gewissen Voraussetzungen auch geneigt sind. aiser in Wien diente einer letzten mündlichen Be¬ „soforctige“ Enkhnung aus der
1611 1164 2699 1226 Diese Verse sind sonderbar. Sie könnten von Emanuel
2686 1152 3311 1225 Empfindlich;“ das helle Gesic
453 1155 1527 1232 Ich verstehe sehr gut, daß Manchen das nicht genügt.
2696 1210 3313 1268 für die leise Reize ist von
1530 1189 2694 1254 Geibel oder Paul Heyse sein: sie haben diese leichte Sicherheit,
365 1200 1522 1266 Ich verstehe nur nicht, daß man es an den Franzosen preist,
1528 1252 2689 1312 das mühelose Glück, die reife Anmuth der goetheisirenden
2687 1229 3311 1322 und aus sert seltsam erregten
364 1244 1532 1312 aber an einem Wiener schmäht. Im „Anatol“ sind ein
2690 1280 3311 1349 man vor diese Empfind
1541 1287 2702 1352 Epigonen, die in fertigen Formen fertige Gedanken, fertige
357 1289 1540 1355 paar Sachen, die den Vergleich mit den besten Meistern der
2691 1337 3290 1399 immer wi ##r kranke Hauch
1529 1329 2701 1399 Gefühle wiegen. Aber sie könnten auch von Maurice Barres
370 1321 1531 1395 Gattung vertragen und an flüssiger Anmuth, herbem Dufte,
2692 1375 3302 1453 einer schmerzlichen und blassen
1540 1383 2690 1436 oder Nietzsche sein: so sehr haben sie an ihrer seinen, hoch¬
366 1384 1531 1447 heiterer Melancholie Aurélien Scholl, Henri Lavedan und
1525 1424 2697 1493 müthigen, empfindlichen Grazie den scheuen Duft der letzten
371 1432 1529 1479 diesen vergötterten Courteline nicht zu scheuen haben. Se
2767 1437 3311 1521 Dis Erste, was er schrieb,
1537 1474 2698 1524 Stunde. Sie sind wie von einem herrisch heiteren Classiker,
368 1468 1529 1523 wäre es wohl Pflicht der Directoren, einmal ihre Kraft auf
2696 1502 3298 1565 physiologie de l’amour des Bo
1536 1510 2690 1576 der unter die blassen und hilflosen Sucher der Decadence
364 1516 1532 1582 der Bühne zu prüfen. Es wäre Pflicht der „Burg“, das
2701 1546 3314 1599 der erotischen Verzweiflung. Ein
1536 1557 2288 1625 gegangen wäre. Sie sind von Loris.*)
372 1567 1536 1634 „Märchen“ zu bringen, das ja nun wenigstens am „Volks¬
2698 1586 3315 1652 folgte. Das waren für seine
362 1605 965 1675 theater“ endlich kommen soll.
1616 1601 2704 1667 Loris, der Hugo von Hofmannsthal heißt, schreibt
2705 1631 3311 1689 Stoffe, und auch in seinen Ged
1543 1654 2697 1715 Prosa und Verse, Kritisches und Lyrisches. An der Prosa
463 1657 1525 1745 Im „Anatol“ sind vorne, als Prolog, ein paar Verse:
2699 1662 3302 1742 traurigen Cynis.us. So kon
1542 1707 2696 1762 merkt man den Lyriker gleich: sie schwillt rhythmisch; schwüle
2695 1709 3312 1792 der Zeit erfahrenen, ja verdorbe
592 1718 1238 1781 .Durch die Zweige brechen Lichter,
1548 1744 2690 1803 Tropen, dunkle, üppige und schwere Farben, fremde Harmonien
542 1745 1254 1828 Flimmernd auf den blonden Köpfchen;
2702 1770 3297 1822 ich habe, als ich öffentlich
1545 1789 2695 1851 drängen, und was doch als Feuilleton gemeint ist, klingt
548 1795 1205 1876 Scheinen auf den bunten Polstern,
2701 1799 3285 1860 schamhaft entrüsten gesehen, di
1537 1822 2702 1895 wie ein griechischer Chor. Aber an den Versen wieder merkt
549 1850 1122 1918 Gleiten über Kies und Rasen,
2706 1847 3301 1909 saftige Anekdoren wieder zu ver
1536 1879 2690 1934 man den kritischen Philosophen: sie sind mit quälenden
550 1875 1051 1941 Gleiten über das Gerüste,
2698 1885 3297 1957 bisweilen von unreinen Dingen
535 1909 1130 1974 Das wir flüchtig aufgeschlagen.
1551 1917 2694 1973 Gedanken, moralischen Fragen und athemlosen Zweifeln der
2693 1935 3281 2004 immer in reiner Rede, vielle
556 1939 1202 2024 Wein und Winde klettert aufwärts
1547 1954 2694 2017 Bildung ängstlich beladen, daß man ihnen lieber die freiere
2698 1979 3286 2041 aus Erzogenheit, aus Eleganz
547 2000 1161 2054 Und umhüllt die lichten Balken.
1550 1992 2693 2062 Gelassenheit ungebundener Aphorismen wünschen möchte.
2695 2010 3283 2091 überhaupt seine vernehmlichste
545 2030 1090 2099 Und dazwischen farbenüppig
1542 2030 2696 2111 So ist in ihm ein unerschöpflicher Gesang, der, wie er
2697 2058 3310 2124 wird nicht brutal, und die Gre
558 2077 1110 2152 Flattert Teppich und Tapete,
1548 2103 2694 2156 geflissentlich auch trockene, nüchterne, steife Themen des Ver¬
2698 2113 3290 2176 sind immer gewahrt. Er braucht
555 2109 1088 2177 Schäferscenen keck gewoben,
1539 2141 2696 2198 standes wähle, nicht verstummen mag, daß ich für ihn immer
2709 2141 3312 2209 es gab keine Periode der „Räug
556 2142 1213 2233 Zierlich von Watteau entworfen ...
1545 2185 2698 2243 an das Wort des Anatole France über Banville denken
551 2189 1095 2248 Eine Laube statt der Bühne,
2702 2202 3312 2252 begann gleich wie ein Mann, d
1545 2227 2698 2282 muß, den „der liebe Gott in seiner Güte mit der Seele einer
552 2226 1159 2307 Sommersonne statt der Lampen,
2693 2241 3277 2304 in der Gewalt hat. So hat
1538 2261 2699 2327 Nachtigall schuf“. Aber es ist auch eine unermüdliche
546 2266 1039 2330 Also spielen wir Theater,
2694 2282 3322 2358 Natur, aber er hat sicherlich die
556 2297 1144 2373 Spielen uns're eig'nen Stücke,
1545 2309 2695 2371 Dialektik in ihm, die mit kritischen Reflexionen die schöne
2696 2318 2919 2407 Genossen.
542 2340 1185 2428 Frühgereift und zart und traurig,
1543 2346 2697 2435 Vogelfreude der Reime und Rhythmen immer wieder
544 2382 1081 2451 Die Komödie uns’rer Seele,
2783 2379 3320 2462 Schöne Dinge, die funte
1541 2409 1772 2475 verstört.
552 2417 1231 2505 Uns'res Fühlens Heut und Gestern,
2706 2441 3272 2505 Schmale weiße Hände, die p
1614 2445 2691 2521 Sein Stil trifft und er trifft ohne Mühe. Das nervöse
557 2467 1109 2523 Böser Dinge hübsche Formel,
2692 2483 3306 2560 und der Vendramin, Säuften,
551 2501 1110 2558 Glatte Worte, bunte Bilder,
1544 2496 2694 2566 Suchen, das Tasten mit unzulänglichen Vergleichen, die
2701 2536 3252 2585 Silberfische, Oleander, die
550 2535 1137 2615 Halbes, heimliches Empfinden,
1542 2557 2695 2608 Qual um das fliehende Wort, das den rechten Gedanken,
2702 2579 3312 2630 Klänge der Renaissance kommen
554 2579 986 2644 Agonien, Episoden
1551 2599 2698 2657 die letzte Note der Stimmung nicht geben will, sind ihm
2697 2623 3307 2689 ihn unter jene trunkenen Apost
555 2609 1136 2678 Manche hören zu, nicht Alle...
1548 2642 2691 2701 fremd. Er hat die Gnade der zeichnenden, malenden Form.
2696 2659 3280 2728 die englischen Prärafaeliten,
555 2660 1179 2719 Manche träumen, manche lachen,
1546 2688 2696 2739 So möchte man seine fröhliche Gesundheit rühmen, die sonst
555 2703 1224 2780 Manche essen Eis . .. und manche
2700 2711 3310 2763 die vor der rauhen und gemeine
1553 2714 2703 2803 heute der gepeinigten Jugend fehlt. Aber die lauschende
553 2738 1126 2810 Sprechen sehr galante Dinge ..
2711 2757 3269 2819 in blühende Träume der Vergang
599 2777 1205 2853 .. Nelken wiegen sich im Winde,
2700 2803 3251 2855 mit dem Naturalismus zu kok
556 2807 1067 2883 Hochgestielte weiße Nelken
1646 2800 2698 2873 *) Gedichte in der „Modernen Dichtung“ und den „Blättern
2694 2849 3282 2902 naturalistische Formel der Kun
1557 2859 2693 2906 für die Kunst“. — Feuilletons in der „Modernen Kunst“, „Frank¬
557 2849 1353 2939 Wie ein Schwärm von weißen Faltern ...
2699 2886 3309 2941 rebellische Volk der großen Stadt
2336 2892 2698 2965 „Gestern“, Studie
1556 2897 2319 2943 furter Zeitung" und „Deutschen Zeitung“. —
563 2904 1106 2948 Und ein Bologneserhündchen
2693 2935 3313 2989 Berg, soliefen unsere Schönheits=u
1541 2930 2516 2992 in einem Act in Reimen, und „Der Tod des Tizian“.
554 2929 1270 3006 Bellt verwundert einen Pfau an.
