3296 4224
1866 202 2339 270 —
1455 280 1915 378 box 36/3
231 287 1304 379 Panphlets, offprints
1487 899 1944 986 ARTURO SCHNITZLER
2383 906 2481 982 11
193 914 506 984 ure lo amava,
184 969 508 1049 ra giorni. E il
956 969 2467 1047 fingesse innamorata di lui: gli dispiaceva di vederlo sempre cosi triste,
960 1039 2482 1092 nella persuasione di non poter esser amato, Ora Jagisch é felice: quella
268 1064 388 1129 itolo
953 1085 2473 1132 volta prese l’amore di Anna sul serio: se ne innamoró e la sposo.
254 1118 495 1178 aturd sono
948 1140 2483 1184 E cosi Giorgio Merklin viene a sapere, dalla stessa parola di Anna, che
954 1189 2468 1245 essa era innamorata di lui, e che voleva provarlo: egli, il cburattinaio),
950 1234 2472 1298 quegli che voleva giocare con le passioni altrui, e voleva tenere i fili,
950 1284 2481 1350 e stato il solo giocato: la sua vita é senza scopo, é solo: non sa ormai
956 1337 2482 1394 piü adattarsi ad una famiglia, alla normalità, alla regolarità di una
956 1388 2492 1443 esistenza borghese: allorché Jagisch gli offre un posto alla propria
950 1434 2489 1502 tavola, fra Anna e il bambino nato dal loro amore, egli se ne va: il
957 1475 1418 1543 suo posto non é lä.
1046 1520 2465 1592 Di questa bohème speciale di una grande città, lo Schnitzler é
956 1575 2480 1638 pittore eccellente: e forse egli é anche un po' il protagonista di molte
951 1628 1366 1690 fra le sue scene.
1051 1673 2474 1741 Molte di queste hanno un carattere locale, che mal si potrebbe
953 1726 2472 1782 giudicare attraverso una traduzione: lo Schnitzler é un viennese
957 1776 2479 1840 prima di essere un austriaco, é cioé il piü latino dei tedeschi, é quasi
960 1827 2476 1888 un po’ italiano per la leggerezza della sua fantasia, e per l’armonia
952 1875 2479 1922 della sua forma letteraria. Del viennese peró gli manca la qualità pre¬
959 1929 2475 1986 dominante: la giocondità, l’arte cioé di evitar le noie e le brighe del¬
945 1972 2474 2030 l’esistenza con una imperturbabile serenità: questa é la principale
963 2029 2144 2085 caratteristica dei viennesi, e manca allo Schnitzler.
1047 2064 2472 2131 Se pur vogliamo accordare con lo Steiger (1) che c il suo Ana¬
958 2117 2482 2179 tolio é vera merce viennese, leggera, amabile, blasé , che é g come
959 2168 2481 2230 un walzer ondulato 7, non possiamo nasconderei che lo Schnitzler dei
963 2222 2469 2275 drammi successivi sente i dolorosi problemi del nostro secolo ed os¬
960 2277 2477 2327 serva, non senza amarezza, le piaghe dolorose dell'anima contempo¬
954 2318 2471 2392 ranea. Schnitzler é un pessimista come tutti gli scrittori che si ad¬
964 2367 2483 2426 dentrano nelle pieghe dell’anima umana - dell’anima femminile in
958 2415 2478 2455 ispecie; é un pessimista come lo é Roberto Bracco, novellieree dram¬
964 2476 2484 2531 maturgo, il Bracco dell' Infedele e delle Smorsie umane, l’autore nostro
967 2514 2478 2575 piu moderno e piu originale, nel Teatro italiano contemporaneo, per
956 2569 2486 2624 piü di un dramma, vero precursore. Elo Schnitzler é l’autore straniero
953 2620 2491 2655 che con Roberto Bracco ha maggiore affinità: lo squisito conoscitore
951 2671 2483 2727 dell'anima femminile che é in Anatolio ha un' aria di parentela con
959 2720 2490 2777 T’arguto dialoghista di Infedele e col novelliere delle Smorsie umane:
952 2760 2481 2806 né lo scrittore viennese, né lo scrittore napoletano, per la severa so¬
965 2807 2489 2859 brietà dell’arte loro, si rivolgono alla folla, ma piuttosto ad un'esigua
960 2860 2476 2919 schiera di buongustai e di intelligenti, tali da comprendere tutta l’ori¬
959 2907 2492 2951 ginalità del loro talento: né l’uno, né l’altro hanno scritto la commedia
964 2956 2478 3006 dalle cento repliche, ma l’opera dei due rimane nel volume e sulle
965 3013 2493 3067 scene, testimonianza di grande ingegno, segno all’ammirazione delle
964 3058 2488 3108 persone di buon gusto.,. Forse la grande flammata d’entusiasmo, il
953 3106 2489 3152 clamoroso scoppio d’applausi, che accompagnano oggi opere di valore
959 3156 2489 3221 artistico appena mediocre, saran - di qua e di là delle Alpi - gia
962 3202 2486 3284 spenti, e ancor si ricercheranno e si rappresenteranno Sperduti nei
967 3250 1340 3321 buioe Liebelei.
1049 3394 2474 3459 (1) End. Srniaek, Das Werden des neueren Dramas - IIer Theil: & Von Haupt¬
967 3445 2202 3513 mann bis Maeterlinck (Berlin W., Fontane, 1898), a pag. 287.
2488 3770 2691 3891 S
