3296 4224
1916 179 2358 262 — —
1425 257 1894 354 box 36/3
210 266 1277 369 Pamphlets, offprints
1556 987 2023 1070 AkTURO SCHNITZLER
102 1029 554 1106 reso sul serio il suo
1009 1060 2531 1135 eche Toni Weber, la creatura amata dal povero morto, s’installi in casa
100 1088 554 1155 Pro innamorato apre
1025 1117 2530 1176 al posto di lui, é cosa che poco importa: ció che interessa al dram¬
129 1138 562 1202 piccolo borghese,
1015 1167 2537 1211 maturgo e il metter in luce quali sentimenti si agitino in quella famiglia
104 1190 569 1249 della donna sedotta
1021 1222 2302 1276 borghese di fronte a una situazione cosi stranae anormale.
108 1233 558 1303 :e che il solo atto
1110 1261 2531 1315 Chi piu fortemente si oppone alla venuta dell’intrusa nella famiglia
113 1285 565 1362 sollevare la donna
1019 1316 2537 1373 borghese del professor Losatti, é il fidanzato della figlia, il dottor Fer¬
1019 1363 2533 1412 dinando Schmidt: egli trova la condotta dei Losatli assurda ed immo¬
116 1369 553 1449 Ima dello Schnitzler
1026 1410 1901 1464 rale:e alla fine il trionfatore sarà lui.
116 1434 553 1490 sa tragica evidenza
1113 1465 2538 1523 Sulle prime Toni Weber & tollerata in casa, dal padre del morto
129 1484 551 1543 il protagonista del
1023 1512 2530 1571 per debolezza, dalla madre e dalla sorella per rispetto alla promessa
128 1537 543 1595 marito ingannato:
1020 1562 2543 1621 fatta, dalla cognata Emma Wintere dalla figlia Agnese per amore al
169 1579 555 1645 ui, soltanto dopo
1014 1608 2535 1653 hambino; ma allorché il bambino muore, l’egoismo della famiglia non
250 1632 556 1693 lla sua vita:
1011 1658 2529 1709 ha piü ritegno: Ferdinando Schmidt, considerandosi già come uno
234 1687 290 1741 er
365 1680 483 1746 uto a
1021 1708 2556 1761 di casa, impone ai Losatti di far uscir l’estranea: la cognata, Emma
316 1732 358 1788 1
371 1732 532 1789 reatura
1024 1755 2538 1797 Winter, vorrebbe accoglierla in casa sua, ma neé impedita dalla figlia,
383 1780 522 1850 te:egli
1013 1808 2548 1853 che pur si era sempre mostrata buona amica di Toni Weber: ma il
1014 1863 2548 1903 suo affetto per lei — ora veramente si rivela - era soltanto un riflesso
1015 1902 2309 1957 dell’amore pel bambino e dell'amore per il povero morto.
1109 1954 2537 2011 Ma Toni Weber non si rassegna a questo triste abbandono: se
1016 1998 2534 2054 ne andra, ma lascia scritto che anon la cerchino piü, perché sarebbe
456 2029 496 2085 Ar
1011 2049 1366 2116 troppo tardi .
1105 2099 2536 2156 Allora soltanto la sorella del morto, Francesca, si accusa di aver
1018 2164 2534 2206 male adempiuto al volere del fratello: ella infatti si oppone alla volontà
1008 2205 2536 2263 del fidanzato, ma non mai con quell’energia, che ci saremmo aspettati
1011 2253 2537 2302 da lei, cosi buona e delicata: in tutto il dramma, inutilmente, siamo
1014 2295 2534 2349 nell’attesa di uno scatto generoso da parte sua, di uno di quei colpi
1007 2347 2535 2404 d’audacia, di violenta sfida alle convenzioni sociali, che rendono cosi
1016 2392 2534 2454 attraenti le fanciulle di Sudermann: questa delusione riesce alla fine
1006 2455 2532 2508 irritante, etoglie buona parte alla simpatia che il robusto dramma sa
1011 2494 1238 2571 ispirarci.
1116 2535 2524 2600 Quelle tre morti che chiudono i tre atti hanno aleunché di volu¬
1017 2587 2532 2635 tamente simmetrico: i caratteri si moditicano di atto in atto, per il
1018 2645 2536 2703 modificarsi della situazione, impercettibilmente, con una delicatezza di
1019 2694 1627 2745 sfumature veramente rara.
1098 2739 2536 2805 Uno degli ultimi drammi dello Schnitzler, dei piü profondamente
1011 2799 2529 2860 acuti nella sua amara psicologia, é quello intitolato: II grido della
1015 2842 1216 2909 vita (1).
1106 2881 2520 2935 Gia nel ciclo delle novelle: Sterben (Morire) il drammaturgo vien¬
1003 2946 2533 2993 nese aveva mirabilmente intuita la profonda psicologia della paura
1005 2982 2533 3028 della morte. Di questo tenace, feroce attaccamento alla vita é luminosa
1008 3045 2526 3085 espressione scenica il vecchio Moser, che nell’egoismo dei suoi ot¬
1014 3076 2530 3148 tant'anni tiranneggia la tiglia Maria, dopo aver fatto l’infelicità della
1008 3134 1208 3198 moglie.
1108 3161 2516 3231 Scenicamente non é questo il dramma migliore dello Schnitzler,
1011 3235 2520 3293 pur essendo di una grande forza lirica e di una grande profondità di
1009 3271 2520 3324 sentimenti: ma é povero d’azione, come del resto quasi tutte le opere
1010 3333 2532 3383 del drammaturgo viennese: ora, sul teatro, l'azione é tutto: edé questa
1017 3372 2522 3423 sola deficenza, che impedisce ad Arturo Sclmitzler di essere il piu no¬
1010 3438 1860 3499 tevole drammaturgo tedesco dell’oggi.
1089 3530 2525 3598 (1) Der Zuf des Zebens, Schauspiel in drei Aufzügen (Berlin, S. Fischer, 1906)
1012 3578 1242 3651 pagg. 132.
1698 3929 1921 4034 A ARRAR
2581 4129 2647 4197 1
3130 4019 3176 4099 4
