3296 4224
1466 138 1917 236 box 36/3
240 138 1300 248 Pamphlets, offprints
858 651 951 805 K
1012 1583 2450 1673 Della triade Bahr, Schnitzler, Hoffmannsthal, i piü illustri rap¬
944 1646 2448 1721 presentanti della letteratura della & giovane Vienna “, Arturo Schnitz¬
933 1690 2458 1770 ler e il piü e pariginov. Hermann Bahr, autore e critico, ha date
947 1750 2464 1814 alle scene una diecina di drammi, con vario successo: L'Apostolo e
947 1795 2461 1873 II Maestro passano fra i suoi migliori: scrittore acuto e profondo,e
942 1840 2466 1914 dei tre il meno + latino “, il piü tenacemente attaccato alla tradizione
940 1889 2465 1967 del Teatro tedesco. Hugo di Hoffmannsthal giunge a noi come l'au¬
949 1935 2467 2035 tore della tragedia Mettra, preceduto dalla nomèa di & dannunziano?:
948 1988 2467 2074 se Riccardo Strauss non avesse rivestito di note il suo ultimo dramma,
944 2060 2470 2110 molto probabilmente la sua fama non avrebbe cosi presto oltrepas¬
957 2112 1260 2182 sate le Alpi.
1047 2128 2468 2221 Arturo Schnitzler é già da qualche anno entrato nel repertorio
951 2182 2469 2249 dei nostri teatri: la sua commedia: Amoretto (Liebelei) fu rappre¬
957 2249 2474 2323 sentata in Italia molti anni or sono: i nostri lettori gia conoscono -
964 2281 2464 2371 attraverso la traduzione del Nani — la commedia Intermezzo, com¬
963 2340 2471 2412 media di rara acutezza d’analisi e di delicatezza di dialogo squisita:
960 2375 2477 2473 or non é molto, a Torino, si applaudi a uno strano dramma dello
958 2433 2485 2503 Schnitzler. Le ultime maschere, e a una commediola finissima che fa
957 2485 2482 2555 parte del volume Anatolio, cioe: Cena d’addio. Altre commedie e no¬
961 2525 2478 2608 velle uscirono in riviste, tradotte dalla signora Emilia Mariani, da Rie¬
967 2597 1556 2656 cardo Forster, e da altri.
1062 2619 2482 2703 La efortuna dello Schnitzler in Italia non é dunque inferiore
969 2683 1973 2754 a quella dei migliori drammaturgbi tedeschi.
1052 2732 2480 2804 Per il carattere della sua opera lo Schnitzler é infatti il pin vi¬
970 2768 2485 2863 cino a noi di ogni altro scrittore tedesco: la leggerezza di löcco, l’ele¬
968 2818 2493 2897 ganza di stile, l’amabile scetticismo di alcune sue scenette fanno di
966 2877 2487 2946 lui uno scrittore latino, piü che tedesco: l’audacia di alcune sue no¬
979 2917 2489 3006 velle lo mette fra i discepoli di Maupassant, la sottigliezza dell’analisi
969 2970 2492 3050 psicologica lo fa rassomigliare a un Donnay, se pur non a un Dumas
965 3039 2499 3095 figlio. Niente di teutonico in questo scettico viennese, pieno di grazia
968 3093 1301 3157 e d’eleganza.
1070 3117 2488 3190 Nato a Vienna il 15 maggio 1862, figlio del celebre laringologo
985 3172 2488 3246 Giovanni Schnitzler, professore a quell’ Universita, segui nei suoi gio¬
979 3221 2496 3289 vani anni la carriere paterna: ma egli frequentava le eliniche pin
980 3273 2499 3352 come osservatore, che come patologo, piu curioso di conoscere l’uomo
982 3309 2509 3390 nell’atroce comunanza del dolore, che di studiare i problemi della
996 3365 2503 3443 scienza, e cercar di risolverli: approfondir l'anima umana, veder delle
982 3408 2509 3502 povere creature doloranti, lenire i loro mali morali: gsono queste
982 3456 2505 3539 appunto - dirà un medico del suo dramma: Le ultime maschere -
993 3501 2507 3584 Wle cose pin interessanti della nostra professione “. II giovane stu¬
995 3562 2516 3632 dente di medicina fermö cosi in una serie di dialoghi le proprie os¬
