3436 4256
1258 179 1590 279 bex 6/7
278 180 1092 274 43. Der Sekundant
834 588 952 641 —.—
1408 575 1545 641 —4
384 595 1544 671 11. Januur, 10 Uhr abends, ein Konzert amerikanischer Radio=Stars.
385 661 1072 701 Unter anderem werden auftreten: Tony
1076 658 1536 699 Mons, The Mills Brothers
385 697 1072 759 (Neger=Quartett), The Street Singers,
1084 696 1532 761 The Boswell Sisters und
382 728 583 787 Male Chor.
418 751 1537 822 Zum Besten des Oesterreichischen Hilfsvereins veranstaltet die Funk¬
391 806 1544 856 stunde unter Leitung von Erich Kleiber Montag, 11. Januar, 8 Uhr,
377 846 1535 891 ein Konzert des Funkorchesters, das von beiden Sadern übernommen
383 875 1037 922 wird. Solistin: Margarete Frank=Witt.
422 898 1544 961 Die Offenbach=Oper „Vert — Pert“ (Bear eitung von Karl
384 944 1538 993 Kraus) wird von der Funkstunde Donnerstag, 14. Jenuar, 7½ Uhr, ge¬
390 986 1535 1025 sendet. Mitwirkende: Margret Pfahl, Jarmila Novotna, Roma Bahn,
389 1020 1542 1068 Cäcilie Looosky, Leo Reuß, Georg Alexander, Peter Lorre, Ernst Pröckl,
388 1055 1147 1122 Leopold Hainisch. Regie: Cornelis Bronsgeest.
384 1189 1541 1260 mit irgendeinem Herrn an mir vorbei. Ich saß im Dunkel.
387 1244 1543 1305 so bemnerkten sie mich anfangs gar nicht. Plötzlich aber ent¬
384 1295 1534 1353 deckte mich Agathe, und im Vorübergehen glitt sic, wie
374 1350 1546 1409 zum Spaß, mit der Hand durch mein Haare, brachte sie in
383 1392 1550 1442 Unordnung und war wieder davon. Das fiel mir weiter nicht
379 1437 1542 1487 auf. Denn in dieser Weise benahm sie sich manchmal. Recht
379 1489 1544 1534 ungezwungen, aber immer mit wundervoller Anmut — wie
385 1532 1545 1595 sie auch die meisten Freunde des Hauses selten beim Namen
382 1581 1531 1635 oder gar mit einem Titel zu nennen pflegte, sondern für
376 1629 1546 1686 jeden irgendeine Bezeichnung gefunden hatte, die leineswegs
381 1674 1540 1724 immer zu dessen Art und Wesen passen mochte, ja oft geradezu
379 1724 1544 1781 das Gegenteil oder überhaupt nichts ausdrückte Mich zum
372 1764 1537 1832 Beispiel — und das hatte einen gewissen Sinn, denn ich sah
374 1821 1537 1880 damals mit meinen dreiundzwanzig Jahren noch jünger
378 1867 1458 1930 aus, als ich war — nannte sie „das Kind“
368 1910 1536 1971 Ich blieb ruhig auf meiner Bank im Dunkel sitzen und
368 1958 1536 2024 wartete, daß die beiden wieder an mir vorüberkämen; was
371 2063 1541 2120 nickte Agathe mir zu, ohne daß sie doch meine Züge deutlich
368 2116 1540 2169 zu erkennen imstande war. Das tat sie oft zum Gruß immer
372 2207 1535 2262 Arr hatte ich sie grüßen gesehen, wenn sie in der Schoimm¬
374 2243 1539 2299 anstalt am Geländer lehnte, in ihren blauen Bademantel
374 2304 1532 2356 gehüllt; so auf Spaziergängen, wenn ein Bekannter ihr be¬
368 2346 1526 2407 gegnete; in gleicher Weise aber nickte sie Blumen zu, ehe sie
371 2388 1531 2451 sie pflückte, und ebenso grüßte sie eine Almhütte, ehe sie ein¬
377 2440 1524 2493 trat; es schien ihr eingeboren, also mehr als ein Gewohn¬
371 2490 1537 2549 heit, sich mit allen Menschen und Dingen, zu denen sie in
369 2538 1532 2600 eine noch so flüchtige Beziehung trat, durch einen Gruß gleich¬
372 2590 1540 2646 sam persönlich bekannt zu machen. Dieser ihrer Eigenart
368 2632 1526 2693 ward ich mir jetzt erst so deutlich und zum erstenmal
375 2680 1528 2731 bewußt, während ich im sommerlich durchschatteten Salon ihr
370 2724 1542 2778 Kommen erwartete, und meine Finger ohne Sinn mit den
370 2775 1528 2845 Fransen des indischen Schals spielten, der als Klavierdecke
370 2820 501 2883 diente.
420 2858 1529 2941 Plötzlich hörte ich Frauenstimmen, Schritte über den Kies,
376 2914 1536 2989 alles immer näher, dann ein Frauenlachen, dann Schritte die
371 2975 1286 3041 Stufen hinauf — und das Herz stand mir stille.
403 3034 1527 3089 „Wer ist denn das?“ rief Agathe fast ein wenig erschrocken.
373 3083 1524 3140 Aber da sie mich erkannte, fügte sie gleich heiter hinzu: „Das
363 3129 1534 3185 Kind“, und reichte mir die Hand. Ich verbeugte mich tiefer,
368 3176 1528 3240 als es sonst meine Art war, und küßte ihre Hand. Sie
369 3218 1542 3290 wandte sich gleich zu Aline, die ein wenig hinter ihr stand,
2066 564 2381 643 —.  01
2413 588 2747 647 esich Prosessor
1588 591 2743 689 Schuchhardt gedacht hat (Unterhaltungsblatt vom 8. Dezem¬
1586 667 2742 727 ber. Nr. 578). Unmittelbar vor Ausbruch des Weltkrieges in
2990 672 3120 747 König
1574 708 2740 774 hohem Alter dahingegangen, gehört Conze einer Epoche an, die
3107 722 3172 781 □
1587 759 2740 813 abgeschlossen hinter uns liegt. Es war wie im allgemeinen Wirt¬
2786 753 2902 834 4. 10.
2904 759 3169 824 König, As O
1588 795 2734 856 schaftsleben so auch in der Wissenschaft eine Epoche glanzvollen
2981 816 3168 887 König 4
1578 839 2743 894 Aufstieges, und Conze ist als Archäaloge einer der Führer dieses
1590 882 2743 935 Aufstieges gewesen. Als Direktor der Antikenabteilung an den
1578 921 2740 979 Berliner Staatlichen Museen hat er die von Carl Humann aus
3206 941 3308 1003 □ K
1590 963 2736 1028 Pergamon gesandten Reliefproben zuerst in ihrer vollen Beden¬
3225 991 3303 1049 B
1592 1011 2749 1073 tung erkannt und die Erforschung der Stätte durchgesetzt, die den
1585 1052 2741 1133 großen Altar mit seinen Friesen wieder schenken sollte. Wer jetzt
2805 1075 3317 1167 Pik ist Atout. A spielt a
2845 1186 3317 1275 Auflösung der
1576 1197 2749 1276 und meinte: „Nun bleibt ihr gleich beide zum Essen da.“ Und
1582 1261 2756 1315 wieder zu mir: „Ich bin nämlich allein. Eduard ist seit
2828 1273 3269 1351 1. Karo 4, 9, 2, König.
1577 1306 2738 1378 gestern auf einer Bergtour.“ Und mit einem nicht ganz
2833 1340 3309 1412 2. Herz-Dame, 3, 7, Köni
1583 1344 2201 1415 heiteren Lachen: „Wer's glaubt!“
2831 1385 3196 1457 5. Pik 3, 6, 10, 8.
1622 1396 2741 1472 Indes hatte ich auch Alinen die Hand geküßt, und als ich
1575 1465 2749 1536 meinen Blick wieder erhob, sah ich den ihren mit einer Art
1576 1512 2745 1578 mir unerwünschten Einverständnisses lustig in mein Auge
2831 1514 3256 1605 4. Pik 2, 9, 4, König.
1581 1556 2747 1631 sprühen. Da standen sie nun beide, die dunkle Aline ganz
1582 1609 2738 1667 in leuchtendes Gelb, die blonde Agathe in sanftes Hellblau
1588 1653 2737 1711 sommerlich gekleidet, und in all ihrer Gegensätzlichkeit fast
1584 1703 2734 1760 schwesterlich anzusehen. Beide trugen die breitkrempigen
2832 1691 3304 1776 5. Herz-Bube, As, Treff
1582 1750 2744 1808 Florentinerhüte, wie sie damals modern waren, Agathe nahm
2837 1758 3271 1818 6. Treff 3, 7. Dame, 2.
1576 1796 2422 1866 den ihren ab und legte ihn auf das Klavier.
2831 1796 3324 1881 7. Karo-As, Herz 9, Kard
2842 1845 3269 1917 8. Pik 5, 7, As, Dame.
1611 1847 2747 1911 „Nein Liebste“, sagte Aline, „ich kann leider nicht bleiben.
2827 1886 3076 1959 9. Pik-Bube.
1588 1892 2332 1961 Ich werde daheim zum Essen erwartet.“
1617 1954 2747 2020 Agache redete ihr wohl noch ein wenig zu, aber es klang
2816 1963 3311 2064 10. Treff 6, König, As, Bu
1582 2005 2735 2068 nicht sehr überzevgend. Und während sie zu der Freundin
2812 2042 3324 2115 11. Treff 10, Herz 10, Herz
1591 2058 2742 2120 prach, streifte mich ein fragender, ein verheißungsvoller, ja ein
2875 2082 3110 2165 Karo-Bube.
1582 2103 2729 2158 so lockender Blick, daß mich beinahe schwindelte. Und ich wußte
1571 2148 2738 2210 plötzlich, daß es keineswegs der erste Blick dieser Art war,
1586 2200 2735 2251 den sie mir sandte. Aline verabschiedete sich. „Auf Wieder¬
1584 2245 2742 2310 sehen, gnädige Frau“, sagte ich und war mir bewußt, daß
1576 2294 2733 2340 es das erste Wort war, das ich sprach, und so hörse ich es über¬
1568 2334 2743 2393 trieben hell, g'richsam schmetternd durch den Raum klingen.
2842 2323 3317 2418 2. Treff 2, 3, König, As
1582 2385 2743 2441 Agathe begleitete die Freundin über die Veranda und die
2828 2395 3181 2460 3. Pik 3, 6. 10, 8.
1584 2432 2157 2505 Stufen in den Garten hinaus.
2840 2443 3151 2502 4. Pik 2, 9, 4, 7.
2828 2484 3271 2544 5. Treff 5, Dame, 9, 6.
1613 2481 2735 2557 Warum habe ich nicht gesprochen, solange Aline da war,
2834 2526 3320 2581 6. Pik 5, König, As. Dar
1568 2540 2737 2596 dachte ich. Wäre es nicht tausendmal leichter gewesen? Schon
2828 2570 3306 2640 7. Pik-Bube, Treff 7, Kal
1574 2589 2738 2654 im nächsten Augenblick stand Agathe wieder vor mir.
2832 2619 3173 2694 8. Karo 5, 10, As.
1567 2650 2734 2696 „Gnädige Frau“, begann ich, „ich habe Ihnen eine traurige
2827 2670 3316 2740 9. Herz-König. Bube, 3, 7
1567 2686 2734 2740 Botschaft zu bringen.“ — Nein, ich sprach die Worte nicht
2817 2724 3325 2784 10. Herz 4. Pame, As, Tre
1565 2740 2730 2798 aus. Für einen, der Gedanken zu lesen vermocht hätte, wären
2875 2762 3320 2839 Herz 5, Karo-Bube, Tr
1571 2778 2733 2855 die Worte ganz vernehmlich gewesen, doch über meine Lippen
2878 2810 3102 2885 Treff-Bube.
1567 2828 2736 2883 kam kein Laut. Agathe stand vor mir, das hellblaue Kleid
1574 2874 2734 2938 durchleuchtete mild die tiefen Schatten des Raums, sie lächelte
1578 2927 2728 2981 nicht, ja mir war, als hätte ich ihr Antlitz niemals so ernst
1569 2964 2726 3022 gesehen. Nun, da sie mit mir allein war, ich fühlte es deut¬
1581 3016 2731 3072 lich, sollte alles, was auf Oberflächlichkeit, auf Koketterie, ja,
1573 3072 2729 3145 auf etwas rein Gesellschaftliches hindeutete, ausgeschaltet
2803 3069 3312 3151 Richtige Auflösungen san
1579 3108 1674 3170 sein.
2753 3133 3314 3190 J. Nathan, Th. Reiche, He
1612 3156 2548 3238 „Ich freue mich ja so, daß Sie da sind“, sagte sie.
2778 3179 3311 3256 von Morgen, G. Thomann,
1593 3211 2712 3292 Fortsetzung morgen in der Sonntag=Ausgebe
1518 3957 2961 4030 Unterhelfungsblaft ö.Ucb. 1a Nr.Z 24 4432
