3436 4256
1248 210 1593 303 box 6/7
269 212 1125 322 43. Der Sekundant
517 562 1674 643 fügte, da alltwörtele er gar nichts mehr, sondern ging nur
508 615 1529 684 aus dem Zimmer und schlug die Tür hinter sich zu.
556 663 1665 727 Ich weinte zuerst etwas, denn ich wollte doch nur ver¬
514 707 1662 777 stehen, wo eigentlich die Millionen geblieben wären. Aber
515 766 1515 844 dann nahm ich mich zusammen und war ganz still.
563 903 1666 982 Ir der Seigerschule Maxim Jatobsen, Berlin W. 50, beginnt am 1. Fe¬
499 933 1287 1008 bruar ein Sonderkursus für fortgeschrittene Geiger.
506 1076 1662 1150 ihm kein anderer sagt, daß er tot ist; er würde es nicht
507 1139 1667 1208 überleben, denke ich — und lache zugleich. Und schon
508 1185 1669 1255 sitzen wir auch beide beim Mittagessen, und der Diener
506 1237 1666 1307 serviert; ich wundere mich, daß Eduard sich etwas
500 1287 1654 1341 zum Essen auf den Teller nimmt — er braucht
499 1339 1655 1402 es doch nicht mehr. Ihm gegenüber sitzt Agathe, ich
503 1375 1656 1434 bin überhaupt nicht mehr vorhanden. Aber ich sitze auf dem
495 1423 1666 1497 ##nsterbrett, und die Gerdinen schlagen jeden Augenblick
505 1476 1653 1542 über meiner Stirn zusammen. Ich möchte so gerne sehen,
496 1525 1654 1596 mit welchen Blicken sie einander betrachten. Plötzlich höre
498 1563 1590 1628 ich seine Stimme — ach Gott, wenn ich nur sehen könnte
506 1618 1652 1680 und ich höre ihn ganz deutlich sagen: „Also du frühstückst
501 1662 1661 1740 mit dem Herrn, der mich erschossen hat.“ Es wundert mich
503 1716 1646 1790 gar nicht, daß er das sagt, denn ich habe es ja wirklich ge
495 1764 1648 1827 tan. Sonderbar finde ich nur, daß er eine so dumme Be¬
500 1813 1662 1877 merkung macht. Er müßte doch wissen, daß es ganz üblich
500 1853 1436 1940 ist, nach einem Duell miteinander zu frühstücken.
541 1909 1646 1989 Wieder Schritte im Garten — die Bahre — wie seltsom
493 1952 1648 2037 der Tote zuerst und nachher die Bahre — was für ein Snob
496 2011 1661 2089 er ist — und Trauermusik. Eine Militärkapelle? Freilich.
496 2064 1647 2139 weil er einen Rittmeister erschossen hat. Und Applaus¬
487 2110 1652 2182 Natürlich — er hat ja die Regatta gewonnen. Ich springe
488 2160 1646 2222 rasch aus dem Fenster, laufe, so geschwind ich kann, hinunter
495 2213 1654 2273 zum See. Warum sind denn so wenig Leute da — und
495 2263 1660 2331 gar keine Boote? Nur ein ganz kleiner Kahn und in dem
490 2304 1648 2376 Kahn Agathe und ich. Agathe rudert. Nun kann sie es
490 2349 1651 2430 plötzlich. Sie hat ja neulich gesagt, daß sie gar nicht rudern
487 2399 1657 2471 kann. Und nun hat sie gar die Regatta gewonnen. Jetzt
488 2449 1648 2524 plötzlich fühle ich eine Hand am Halse, Ebuards Hand. Die
487 2498 1650 2575 Ruder entgleiten Agathen. Unser Kahn treibt nur so hin.
487 2538 1650 2613 Sie verschränkt die Arme. Sie ist sehr neugierig, ob es
493 2592 1651 2671 Eduard gelingen wird, nich ins Wasser zu werfen. Wir ver¬
495 2637 1653 2717 suchen uns gegenseitig unterzutauchen. Agathe ist gar nicht
489 2697 1650 2763 mehr neugierig. Sie treibt auf dem Kahn davon. Es ist ja
487 2728 1651 2799 doch ein Motorboot, denke ich. Ich tauche immer tiefer.
481 2788 1646 2864 Warum, warum, frage ich mich, und ich will zu Loiberger
496 2835 1644 2898 sagen: Es ist ja gar nicht der Mühe wert, daß wir einander
484 2884 1645 2948 wegen einer solchen Frau umbringen. Aber ich sage es nicht,
490 2938 1641 3000 am Ende würde er glauben, daß ich mich fürchte. Und ich
483 2981 1642 3054 tauche wieder empor. Der Himmel ist so unendlich groß,
483 3034 1652 3087 wie ich ihn noch niemals gesehen. Und wieder sinke ich hin¬
483 3084 1650 3150 ab und noch tiefer als vorher. Ich müßte ja gar nicht, ich
489 3128 1652 3185 bin ja allein, der ganze See gehört mir. Und der Himmel
491 3175 1646 3243 dazu. Und wieder tauche ich empor aus Flut und Tod und
486 3217 1652 3300 Traum. Ja, so tief ich gewesen, so unerbittlich komm' ich
1816 539 2869 627 „. „. N Maskarde has Pochwässer überdalzen rassche,
2906 566 3220 636 ner Kichntergend
1717 577 2861 675 während die Holzgewächse namentlich dem Eisgang zum Opfer
2910 620 3243 678 einer Entschließung.
1715 643 2866 717 fallen. Die Verfechter der Kulturwiesen=Theorie dagegen (Krause,
2911 663 3249 727 unterzeichnet ist, sch
1715 691 2860 758 Andersson, Cajander), besonders Professor R. Gradmann (Er¬
2899 705 3222 772 der Ausschreihung
1718 731 2858 802 langen), der das Problem kürzlich in einer Fachsitzung der Ge¬
2900 756 3296 815 abwohl der Kultusmi
1709 775 2865 837 sellschaft für Erdkunde zu Berlin behandelte, betonen, daß die
2911 796 3292 861 palast=Ersatzausstellung
1702 821 2858 882 Wiesen eine Kulturlandschaft darstellen, die aus der Urvegetation
2899 842 3290 905 bewerb in Aussicht ge
1712 857 2870 932 der Flußtäler (Schilf, Riedgras, Erlenbruch usw.) durch das regel¬
2901 878 3246 944 Recht für sich in
1716 910 2857 961 mäßige Abmähen geschaffen und erhalten wurde. Die Arbeit der
2907 925 3276 1000 „Glaspalastes“, der
1710 944 2855 1028 Sense hat eine Auslese zur Folge, weil jede Pflanze dem Jahres¬
2901 977 3278 1044 hayerischen Kunst en
2900 1022 3294 1080 ihren Ideen ungehind
2905 1062 3303 1126 Dieser Protest der Ki
2900 1104 3288 1169 Adolf Abels, sondern
1701 1080 2861 1180 wieder empor, und plötzlich bin ich wach — vollkommen wach.
2900 1146 3289 1219 Zeiten der Not einen
1706 1154 2862 1228 Agathe aber schlief, jedenfalls lag sie mit geschlossenen
2907 1196 3265 1264 Ausarbeitung eines
1710 1202 2855 1274 Augen da. Die Gardinen bewegten sich stärker in dem
2897 1247 3321 1311 Künstlerschaft zu freien
1701 1259 2867 1320 Sommerwitcd, der um diese nachmittägige Stunde immer
2930 1293 3279 1361 Deutsche Ura
1701 1300 2853 1373 vom See heranzuwehen pflegte. Es konnte ja noch nicht
2903 1340 3286 1405 Im Stadttheater Te
1708 1349 2856 1423 spät sein. Nach dem Stand der Sonne kaum mehr als vier,
2900 1380 3276 1450 übersetzte Oper Anton
1707 1402 2859 1465 die Stunde also, in der Mülling mich im Hotel aufsuchen
2908 1428 3272 1495 probe vor deutschem
1707 1451 2852 1517 wollte. War dies auch noch Traum? Alles vielleicht? Auch
2892 1467 3289 1533 gechöhnlich großem Erf
1706 1494 2856 1571 das Duell? Und Loibergers Tod? War es vielleicht Morgen
2903 1521 3269 1579 keit, die rhythmische
1698 1542 2860 1606 und ich schlief — ich in meinem Zimmer im Hotel? Dies
2898 1553 3304 1623 Musik erwiesen sich als
1698 1601 2852 1662 aber war gleichsam mein letzter Fluchtversuch. Ich konnte
2896 1602 3289 1658 lich ist die in Dvoraks
1694 1638 2861 1709 nicht zweifeln, ich war wach, und hier lag Agathe und schlief,
2904 1645 3303 1708 Kreuzung von Stileinfl
2897 1687 3303 1750 Schaden der Gesamtwi
1700 1687 2852 1758 und sie wußte nichts. Nun hatte ich nur mehr die Wahl auf
2899 1740 3307 1795 nicht, wie der Titel verm
1709 1734 2857 1810 und davon zu fliehen, in dieser Sekunde noch — oder reden,
2902 1774 3308 1838 oper ist, sondern ein
1699 1790 2858 1855 ohne noch eine Sekunde zu zögern, Agathe aufwecken und
2897 1809 3293 1877 tschechischem Kleinbürg
1692 1835 2858 1903 reden. Jeden Augenblick konnte die Nachricht da sein. Hörte
2896 1864 3292 1928 lebt sich Dvoratz schi
1702 1878 2860 1939 ich nicht schon Schritte im Garten? War es nicht fast ein
2895 1895 3276 1965 heimatlichem Kolorit
1694 1924 2845 1992 Wunder, daß wir bisher nicht gestört worden waren? Und
2899 1946 3291 2010 aus. Die Aufführung
1692 1978 2851 2045 in jedem Fall, wenn in diesem Haus, wenn hier im Ort noch
2891 1985 3301 2055 hut; der Dirigent Adol
1694 2021 2853 2084 keiner etwas wußte, blieb es nicht ein unfaßbarer Leichtsinn
2895 2032 3299 2101 die zwanglose deutsche
1697 2065 2860 2131 in diesem doch von überallher zugänglichen Gemach, nun, da
2892 2079 3291 2141 und Klangkolorit der
1693 2114 2845 2199 die Zeit der allgemeinen Nachmittagsruhe vorbei war, noch
2896 2123 3295 2199 Beifall des Publikums
1694 2171 2797 2242 weiter zu verweilen? Ich selbst hatte mich rasch erhoben
1692 2216 2859 2291 nun, als ich eben Agathe an der Schulter berühren wollte,
2985 2192 3317 2291 HOCHSCH
1693 2267 2859 2337 als hätte mein Blick sie erweckt, blinzelte sie, strich sich mit der
2927 2277 3317 2353 In der Rechtswissensch
1692 2309 2854 2379 Hand über die Stirn und über die Haare, sah einem kleinen
2883 2330 3326 2400 habilitierte sich als Prir
1695 2359 2847 2429 Mädchen ähnlich, das sich den Schlaf aus den Augen reibt,
2883 2376 3321 2444 recht Dr. jur. Karl Pe
1691 2415 2846 2474 und sie sah mich gewiß nicht anders als wie ein entschwinden¬
2921 2424 3315 2493 Dem Pastor und Pri
1693 2459 2841 2521 des Traumbild. Dann aber hörte sie meine Stimme, denn
2891 2472 3312 2532 versität Hamburg Li
1699 2512 2840 2565 ##n villkürlich hatte ich ihren Namen geflüstert, jetzt beschattete
2883 2514 3309 2577 von der Landesschulbeh
1692 2550 2841 2620 sich ihr Antlitz, sie sprang auf, strich sich das Kleid zurecht,
2898 2556 3304 2620 ystematischen Theologie
2898 2599 3312 2663 Ausbildung det an de
1693 2601 2853 2672 strich auch die Kissen glatt und legte sie in flüchtiger Ordnung
2883 2642 3280 2712 Lehrer erteilt worden.
1686 2648 2839 2711 hin. Dann wandte sie sich rasch zu mir und sagte nichts
2926 2692 3285 2753 Professor Herrmann
1693 2702 2841 2763 anderes als: „Geh!“ Ich aber blieb wie angewurzelt stehen,
2887 2735 3286 2795 den Lehrstuhl der Phr
1693 2744 2838 2815 völlig unfähig, ihr zu sagen, was ich sagen mußte, ja un¬
2880 2783 3296 2844 als Nachfolger von P.
1697 2784 2852 2865 fähig, überhaupt ein Wort zu reden. Welch ein Feigling
2917 2827 3303 2888 An der Universität K
1686 2844 2844 2910 war ich! — Mich umbringen, nichts anderes blieb mir übrig.
2889 2875 3326 2930 dierende Vorlesungen be
1689 2885 2837 2961 Aber ich konnte ja nicht einmal einen Schritt tun. Und nur
2889 2920 3323 2980 und sozialwissenschaftlich
1695 2933 2832 3007 hren Namen brachte ich jetzt wieder hervor, lauter, flehen¬
2887 2965 3309 3021 lichen 1390, der medizin
1693 2978 2835 3056 der als vorher. Sie faßte zart meine Hand und sprach
2877 3004 3311 3086 dierende. Darunter befin
1681 3027 2838 3097 weiter: „Ich liebe dich sehr. Ich habe es nicht gewußt, wie
1685 3075 2851 3155 sehr ich dich liebe. Du mußt es ja nicht glauben. Aber
2922 3114 3316 3191 „Künstler hungen
1684 3131 2837 3206 warum sollte ich es dir sagen, wenn es nicht so wäre. Du
2881 3164 3261 3216 eine Kundgebung des
1698 3176 2349 3244 ollst es nur wissen, ehe du gehst.“
2880 3199 3311 3255 Deutschlands“, Ortsgruppe
2879 3238 3293 3279 Nationalhof (Bülowstraße
1711 3241 2813 3329 Schluß in der Abend=Ausgabe vom Montag
2879 3271 3312 3343 und Max Keilson, der
1730 3805 3086 3891 Unterhaldungsblafl d. Von tig N. 3 2./1.1422
