3392 4256
1278 164 1634 252 box 5/3
246 172 1114 271 31. Fraeulein Else
456 229 1108 284 a # Ku — — —     e  e
540 537 727 589 NR. 199
1596 500 1914 618 Sgie
554 650 1331 808 SEWEESE
672 805 1341 863 an welcher Körperstelle Sie wollen, ohne
669 857 1328 894 Körperbewegung, ohne Diät, ohne Chemi¬
671 881 1328 923 kalien zu nehmen, ohne Bäder. Rein äußer¬
670 912 1326 969 licher Gebrauch. Sichtbares Resultat bereits
675 944 986 995 am sechsten Tage.
672 964 1331 1020 Schreiben Sie an Frau M. TURNOWSKY,
767 1014 1331 1048 I., Neuer Markt 9, welche Ihnen
679 1020 773 1058 WIEN,
674 1041 1327 1086 gerne und kostenfrei das einfache und wirk¬
669 1063 1340 1113 same Mittel angibt, welches sie selbst mit
676 1097 1133 1151 großem Erfolg angewendet hat.
549 1147 1128 1186 Tausende von Anerkennungsschreiben.
549 1301 1332 1377 junge Künstlerin der künftige Prager
554 1361 1333 1411 Star ist. (Anm. d. Red.: Unser Blatt war
550 1405 1334 1453 das erste, das diese Ansicht bereits aus¬
557 1436 1328 1494 gesprochen hat.) Eine ganze Reihe son¬
559 1483 1341 1530 stiger Darsteller, wie Cenék Slégel,
562 1516 1327 1567 Eman Fiala usw. ergänzen den Dar¬
560 1564 1338 1608 stellerstab, der unter der kundigen
1395 1569 3003 1639 Entwurf zu einer stimmungsvollen Dekoratien, die für den Sonkt-Wenzel-Großfilm vom Architekten Hesch
564 1602 1336 1650 Führung des immer ruhigen Regisseurs
2051 1608 2279 1665 bestimmt wrurde
564 1635 1328 1694 Leo Marten straff zusammengehalten und
2221 1634 3000 1704 sich nicht nur in rein wirtschaft¬
1384 1657 2159 1726 produzieren, und sehen darin, genau so
563 1678 818 1737 geleitet wird.
2213 1695 3001 1760 licher, sondern auch in ideeller
1396 1701 2164 1756 wie Herr Generaldirektor Pedrolli, eine
607 1698 1333 1765 Wir begrüßen die Tatsache, daß die
2212 1739 3002 1791 Hinsicht zum Besten aller auswirken
1388 1744 2166 1795 neue Stärkung in den freundschaftlichen
551 1752 1336 1817 Franzosen, die ersten Pioniere der Film¬
2213 1783 2343 1835 möge!
1391 1782 2177 1842 Beziehungen der beiden Staaten, die
565 1797 1343 1850 kunst, mit Prag gemeinschaftlich
2213 1889 3001 1942 Dr. Thalhoff sein ganzes Vermögen ver¬
2216 1932 2993 1982 liert. Vergeblich sucht er bei Bekannten
570 1905 1248 2027 Fräulein Else
2217 1976 2995 2025 Hilfe, niemand will ihm mehr Kredit ge¬
557 1987 2170 2066 Nach Motiven von Artur Schnitzler. Hauptdarstoller: Elisabeth Bergner. Albeit Bassermann und
2228 2011 2993 2064 währen. Als er sich an Dorsday, der
900 2046 1834 2093 Albert Steinrück. Manuskript und Regie: Paul Czinner.
2228 2046 2997 2098 seine letzte Hoffnung ist, wenden will,
2225 2094 3001 2140 erfährt er, daß dieser verreist ist. Thal¬
2221 2131 2991 2178 hoff greift schon zum Revolver, und nur
2229 2165 2999 2218 das plötzliche Erscheinen seiner Frau
2227 2208 3003 2258 hindert ihn an der Ausführung des
2222 2243 2996 2290 Selbstmordes. Sie zeigt ihm einen Brief
2223 2289 3001 2330 Elses, in dem erwähnt ist, daß Herr
2219 2323 2995 2376 Dorsdav sich in St. Moritz befindet.
2226 2359 3002 2415 Frau Thalhoff schreibt nun an Else und
2228 2396 3001 2452 beschwört sie, ihren Vater zu ret##
2231 2433 3000 2501 und von Dorsday das nötige Geld zu
2230 2481 2392 2538 erbitten.
2268 2491 3005 2564 Nach schweren inneren Kämpfen ent¬
2223 2557 3000 2605 schließt sich Else, den Kunsthändler um
2222 2595 2992 2644 Hilfe für den Vater zu bitten. Dorsday,
2230 2632 2995 2683 der an diesem Abend viel getrunken hat,
2230 2674 2997 2730 verspricht Else die Erfüllung ihrer Bitte
2228 2711 3004 2764 unter der Bedingung, daß sie sich ihm so
2222 2750 3008 2802 zeige, wie die Venus in der Mauernische
2227 2783 3011 2847 des Salons. Else errät seine Absicht
2226 2831 2998 2878 und verläßt fluchtartig den Tisch. Aber
2230 2865 3001 2924 der Mann ruft ihr nach: „Ich warte...“
2353 2904 3005 2956 ihrem Zimmer sitzt Else in
2223 2941 3008 3000 dumpfem Brüten. Sie möchte nach Hause
2228 2991 3002 3041 zurückkehren. Da trifft ein Telegramm
2225 3022 3011 3077 ihrer Mutter ein, Else möge rasch
2223 3059 3011 3114 heifen, der Vater stche vor der Ver¬
2236 3107 2447 3166 haftung
2267 3132 3009 3191 Nur in ihren zarten, weißen Pelz¬
2230 3175 3009 3236 mantel gehüllt, tritt Else zitternden
2235 3217 3014 3275 Schrittes in den Salon zwischen die
2237 3253 3019 3318 tanzenden Paare. Der Pelzmantel gleitet
2238 3298 3019 3347 von ihren Schultern. „Herr von
2236 3344 3015 3396 Dorsdag!“ ruft sie und sinkt zu Boden.
2270 3379 3017 3430 Man trägt die Ohnmächtige in ihr
2233 3407 3016 3465 Zimmer. Dort steht ein leeres Glas mit
2236 3453 3007 3518 Spuren von Veronal. Else hat sich ge¬
1022 3480 1753 3534 Elisabeth Bergner in dem Film „Fräulein Eue“
2240 3496 2408 3562 opfert
1408 3525 2187 3592 Tante und deren Sohn Paul in St. Moriz.
621 3533 1358 3607 Dr. Thalhoff hat Sorgen. Seine gefähr¬
1415 3582 2182 3633 Gute Bekannte begegnen ihnen dort.
575 3592 1352 3642 lichen Börsenspekulationen, zu denen ei
1420 3615 2177 3678 Frau Mohr und der Kunsthändler
581 3633 1356 3692 fremde, ihm anvertraute Papiere ver¬
2458 3625 2931 3703 Bade mit Dinon
1421 3657 2185 3727 Dorsdav. Dieser macht Else auffallend
590 3678 1363 3725 wendet hat, drohen fehlzuschlagen. Wenn
2472 3693 2908 3740 + Schutzmarke „Anker“ -4-
1421 3704 2193 3750 len Hof und lädt sie häufig zu
592 3720 1353 3780 erjetzt verliert, ist er ein für immer
2575 3732 2811 3784 Enstklassige
1417 3729 2192 3796 Schlittenpartien und Tanzabenden ein.
589 3756 907 3809 ruinierter Mann.
2463 3764 2941 3835 Fichtennadel-Badezusätze
1416 3780 2198 3836 obwohl sie lieber in der Gesellschaft
619 3777 1364 3852 Sein Abgott ist Else. seine Tochter.
2473 3826 2925 3859 Chem.-pharm. Laboraforium
1425 3818 2190 3871 hres Kusins Paul bliebe, mit dem sie
593 3826 1365 3877 Jeden Wunsch erfüllt er ihr, sie darf
2472 3849 2932 3892 DE OSCAR RICHTER GES. M. B. H.
1414 3854 2083 3915 eine Kinderfreundschaft verbindet,
592 3868 1354 3923 nichts von seinen Geldsorgen ahnen, für
2476 3885 2934 3919 WIEN: I· ODEANGASSE 76.
1451 3884 2194 3949 Eines Tages gibt es an der Wiener
593 3912 1369 3954 sie soll das Leben wie ein schöner Traum
1421 3932 2198 3997 Börse eine starke Baisse, wodlurch
583 3947 1371 4009 dahinfließen. Jetzt weilt sie mit ihrer
