3296 4320
324 276 1094 444 Badgastem
320 515 722 616 Heilkräftigste
319 602 1099 687 Radiumtherme der Well!
555 698 1094 786 Verlangen Sie Prospekte
563 769 1092 844 von der Kurkommission!
557 936 1039 1057 „OBSERVER
561 1048 1079 1125 Erstes österreichisches be¬
556 1102 1102 1175 hördlich konzessioniertos
557 1155 860 1216 Unternehmen
569 1188 1096 1277 ür Zeitungsausschnitte
324 1251 571 1333 WIEN, I.
324 1309 1096 1406 Wollzeile 11 4 Telephon R 23-0-43
327 1450 653 1536 Ausschnift aus
787 1544 1017 1628 W  Sa
319 1617 446 1677 vom
303 1786 1091 1858 BLOND BEARDS PREFERRED
311 1908 1094 1979 JEWISH ACTOR’S SUCCESSFUL
510 1967 894 2032 MASOUERADE
321 2018 1027 2095 LFROM OUR VIENNA CORRESPONDENT
358 2068 1081 2143 The theory that in these times of anti¬
322 2130 1089 2183 Semitism theatrical managers prefer
320 2178 1090 2245 blonds has just been put to the test in
320 2225 839 2290 Ausiria with strange resuits.
353 2259 1087 2339 During ihe Salzburg Festival Herr Max
318 2317 1081 2395 Reinhardt was approsched by a Tirolese
309 2372 1080 2432 peasant with a plentirul fair beard. He
319 2414 1093 2484 was a man of ihe type with which the
330 2467 1093 2526 greater world has become familiar from
331 2518 1082 2586 visita to or pictures of the Oberammergau
316 2563 1085 2622 Passion Play. He came forward as a
315 2613 1079 2683 simple, ue spoiled son of the hills, who
326 2670 1078 2724 was wont to rcad Shakespeare at his fire¬
324 2712 1078 2762 side. and, fecling the dramaticurge within
313 2751 1081 2816 him, wished to leave his plough for the
316 2802 419 2848 stage.
363 2822 1088 2893 Given a trial, he proved to have much
322 2882 1085 2935 talent, through the blond beard all
329 2925 1081 2975 loors were epened to him, and after Salz¬
324 2964 1088 3015 burg was over he came to Vienna and
322 3014 1090 3066 scored a great success in Schnitzlei's
317 3053 1085 3099 Fräulein Eise. Shy and retiring, he
324 3092 1075 3151 wandered awkwardly among the un¬
322 3141 1080 3193 accustomed surroundings of the stage at
332 3175 1080 3227 rehearsals, and only in the heat ofthe play
323 3227 1079 3276 did all restraint fall from him. Vienna
323 3259 1083 3313 audiences, always ready to applaud some¬
326 3310 1079 3358 thing new, gazed wonderingly on this
330 3347 1086 3392 unschooled but natural actor from the
328 3390 1082 3448 Tirolese mountains, whose beard had
331 3432 1081 3497 raught and retained the gleam of the
321 3475 538 3525 Alpine sun.
373 3515 1089 3567 The beard was genuine, butthe Tirolese
318 3558 1081 3607 name and the rest of the story were not,
330 3598 1088 3649 and after some time fellow-players in¬
323 3637 1090 3693 formed ihe manager that they believed
323 3693 1082 3736 the man from the hills to be a Jewish actor
330 3724 1077 3782 formerly well known in Berlin. Chal¬
323 3769 1092 3821 lenged, he admitted this. He had had to
324 3812 1093 3862 leave Berlin after the advent of Hitlerism
321 3860 1081 3910 in Germany. and for ihree years, he said
330 3903 1089 3956 had been unabie to obtain work until the
324 3947 1094 3993 idea of the masquerade had occurred io
328 3985 1079 4039 him. His success, he claimed, bad justi¬
332 4020 1094 4077 lied ile means and restored the seif¬
324 4067 1089 4135 confidence which he had been rap’dly¬
333 4113 450 4172 osing.
2369 208 2713 300 box 5/4
1356 209 2211 309 31. Fraeulein Else
1680 276 1875 314 #meiusa
1564 266 1656 308 AGFRA14
1821 931 2632 1043 „OBSERVER
1898 1011 2575 1096 I. österr. behördl. konzessioniertes
1875 1065 2601 1140 Unternehmen für Zeitungs-Ausschnitte
1939 1115 2541 1222 WIEN, I., WOLLZEILE 11
2018 1182 2463 1249 TELEPHON R-23-0-43
1808 1298 2150 1379 Ausschnitt aus:
1830 1411 2589 1527 Ostrauer Norgenzeitung,
1802 1529 2426 1635 vom: 32.18.1936.
1805 1867 2647 1972 Theater und Kunst.
2009 1966 2445 2052 Theater in Wien.
1982 2035 2466 2109 Von Dr. Erwin Felber.
1837 2082 2701 2155 Die Novelle „Fräulein Else“ von Arthur
1762 2139 2688 2189 Schnitzler wäre so recht ein beauchbater Grundstoff
1774 2182 2694 2234 eine Oper. In wieviel herrlichen Arien ließe
1771 2220 2685 2267 sich dieser lange, gequälte Monolog eines in den
1772 2258 2690 2308 Tod gehetzten Menschen ausbauen! Ernst Lothar
1766 2297 2684 2346 hat ihn zu einem Drama geweitet, das im „Thea¬
1765 2344 2684 2389 ter in der Joefstadt“ unter stürmischem Bei¬
1762 2374 2697 2422 fall zur Uraufführung gelangte. Natürlich hat diese
1768 2415 2689 2462 Umwandlung des „Fraulein Elie“ den Bearbeiter zu
1762 2454 2685 2495 weitgehenden inneren und äußeren Veränderungen
1773 2486 2698 2544 zenötigt: Der Monolog mußte durch den Diawg
1758 2530 2688 2580 ersetzt werden — das Telephon spielt bei dieser
1766 2567 2687 2613 Lösung eine Hauptrolle — die Geschehnisse werden
1763 2606 2687 2647 von dem Ausgang des Jahrhunderts in die un¬
1769 2646 2696 2699 mittelbare Gegenwart verlegt, der bei Schnitzler
1763 2684 2689 2727 moralisch minderwertige Vater wird als Opfer sei¬
1766 2724 2682 2778 ner Nächstenliebe hingestellt, wie ja überhaupt die
1767 2759 2689 2799 anze, wurmstichige, „gute“ Gesellschaft der Vor¬
1758 2801 2684 2849 kriegszeit gleichsam in ein moralischeres Erdreich
1759 2836 2689 2890 verpflanzt und damit die ganze Tendenz ausge¬
1758 2880 2686 2918 wechselt wird. Ernit Lothar gibt aus seiner reichen
1759 2907 2690 2964 Bühnenerfahrung dem Theater, was des Theaters
1778 2953 2690 3007 i; er gibt dem Theater beinahe zuviel an Nerven
1766 2992 2688 3040 und Rührung, indem er Fräulein. Else mit Vero¬
1761 3030 2684 3080 nal im jungen, blühenden Leibe auf offener Bühne
1757 3069 2682 3116 sterben läßt. Selbst Henry Bernstein hätte den Tod
1766 3107 2685 3153 nicht ergreifender gestallten können. Freilich, der
1769 3150 2690 3199 arteste Hauch der Novelle geht verloren, ihr psy¬
1770 3187 2679 3230 hologisch so ungemein reizvolles clair obseur ver¬
1767 3225 2678 3274 trägt eben kaum das aufdunglich rücksichtslose Ra##¬
1760 3261 2684 3309 venlicht. Die Aufführung übertraf alle Erwartungen.
1760 3301 2682 3349 Rose Stradner als Else entzückte in ihrem
1759 3339 2684 3385 herben Jungmädchentum durch die reichen Zwi¬
1763 3380 2676 3414 schentöne ihrer Gefühlsskala, Bassermann er¬
1768 3412 2680 3465 chütterte zu tiefst in der kleinen Rolle von Elises
1757 3451 2684 3502 Vater. Kaspar Brandthofer angeblich ein
1764 3492 2684 3536 Tiroler Gebirgsbauer, der vom Pfluge weg für eine
1757 3525 2670 3581 große Rolle engagiert worden war, spielte den zy¬
1761 3573 2685 3616 nischen Geldmenschen Dorsday. Mit seiner unver¬
1765 3605 2684 3654 leichlichen schauspielerischen =Routine stellte der ehe¬
1760 3647 2672 3695 malige Bauer das Publikum vor ein Rätsel, das
1766 3688 2681 3732 r selbst inzwischen gelöst hat. Er ist mit dem seit
1757 3725 2670 3770 Jahrzehnten bekannten Schauspieler Reuß identisch
1758 3767 2673 3819 und hatte die bäuerliche Maske nur umgenommen,
