3296 4256
256 221 1095 300 31. Fraeulein Else
464 283 560 326 —
515 1739 1325 1797 Larticle dans lequel je parlais’du mono¬
474 1786 1316 1849 logue intérieur, à prepos de Mademoiselle
477 1828 1330 1886 Else, de M. Arthur Schvitzler, min valn
482 1869 1327 1933 de nombreuses réponses. T’en remercie mes
482 1913 1334 1966 aimables cerrespondants. Les renseigue¬
476 1950 1323 2005 ments les plus complets mie sont venus de
488 1989 1323 2038 M. Valéry Larband Jui-möme, qui a bien
485 2030 1319 2079 voulu m’érire que si Mademoiselle Eise
473 2068 1324 2120 était une qnvre toute récente, par contte,
476 2109 1312 2154 M. Arthur Schnitzler avalt éerit, en 1901.
481 2142 1316 2200 un autre court roman, ie Lienlenant Gusil.
482 2183 1319 2238 désa conqu sous la forme du monologne
487 2223 1330 2278 intérieur. Enflu, il ajoute que M. Arthur
484 2264 1330 2309 Schnitzler ne devait rien à l’infuence de
488 2304 1334 2346 M. Edouard Dujardin ear l’anteur de I#¬
479 2345 1335 2395 demoiselle Else n'avait eu connaissance
484 2382 1323 2429 qu’au cours de l’année dervière des Hau¬
478 2418 1322 2464 riers seht coupés. La cause est entendue.
481 2457 1329 2499 II s’agit done iei d’une rencontre fort eu¬
484 2495 1327 2534 rieuse et aui rend plus riche l’histoire dé¬
479 2532 1121 2587 jà riche du monologue intérieur.
942 2572 1288 2633 Edmond JALOUX.
645 2650 1304 2821 U —4-CC
489 2795 1139 2898 Nonrtl, Ergann
1275 220 1639 295 box 5/2
1781 1405 1839 1456 an
1787 1442 1861 1503 ot
1792 1488 1834 1530 S-
1782 1524 1824 1569 r-
1791 1562 1834 1613 n.
1778 1605 1836 1651 ng
1783 1681 1826 1725 al
1786 1721 1830 1767 en
1793 1759 1835 1800 te
1791 1835 1834 1882 1d
1792 1873 1837 1929 ie
1797 1925 1826 1963 1,
1787 1954 1819 1997 11
1786 1995 1829 2043 et
1798 2033 1840 2080 Is
1794 2074 1836 2119 en
1790 2120 1832 2163 en
1782 2152 1823 2201 lie
1772 2191 1831 2245 gd
1777 2256 1835 2324 it,
1794 2350 1838 2395 d
1797 2750 1846 2813 8
1791 2871 1829 2916 r-
1762 2902 1829 2955 che
1752 3020 1837 3088 Lz.
2502 1181 2868 1262 lWvelf Vertener
1901 1235 2014 1292 heeft.
1941 1272 2765 1338 De teckeningen van Lode Seghers zijn aardig.
2113 1334 2847 1411 Arthur Schnitzler. Eise. (Fraülein Else).
2162 1388 2856 1446 Vert. d. Allce von Nahuys. Amsterdam
2511 1429 2844 1488 1926. Em. Queride
1951 1479 2852 1530 Wie in „Fraülein Else'’ cen soort van graadmeter
1912 1524 2847 1566 zou willen zien voor de vrouwelijke pudeur in het
1907 1560 2853 1610 algemeen, is er volkomen naast. Er is niets in dit
1909 1602 2853 1655 kleine verhaal, dat aanleiding kan geven tot generali¬
1906 1640 2848 1692 seeren. Het verhaal is romantiek en Else is een uit¬
1915 1684 2848 1731 zonderingsfiguur. Schnitzler vormde, met zijn zeld¬
1910 1713 2851 1772 zaam inzicht in het vrouwelijke gemoedsleven, het
1913 1759 2849 1808 meisje 260, en koos, met zijn volmaakt vermogen om
1917 1796 2851 1842 te vertellen, de omstandigheden z60, dat het tragische
1907 1844 2861 1888 in de figuur van Fraülein Eise tot het verschrikkende,
1919 1879 2839 1929 het stil-makende, het adem-beklemmende werd op
1915 1910 2841 1966 gevoerd. Het tragische van Else schuilt, behalve ir
1913 1950 2848 2003 haar jeugd en haar schoonheid, ook in de fataliteit
1913 1990 2825 2039 van haar aanleg. Eise is volstrekt geen „normaal
1910 2026 2848 2084 meisje (en wanneer men hier nu uit besluit, dat zi
1921 2068 2847 2120 abnormaal“' is, dan neme men dat woord vooral
1908 2108 2846 2164 niet in den zin van „minderwaardig'’). Zij is ook
1909 2147 2847 2204 sexueel niet „normaal“, en kan daardoor op het
1920 2187 2841 2234 voorstel van Van Dorsday ook niet „normaal'
1914 2233 2844 2279 reageeren. De fataliteit van haar aanleg brengt mee
1917 2262 2851 2316 dat zij weerloos is tegen een aanslag van het ploertige,
1906 2310 2854 2355 rechtstreeks gericht op haar sexueele geaardheid, en
1914 2344 2637 2393 die weerloosheid drifft haar den dood in.
1953 2381 2853 2432 Door den vorm, dien Schnitzler voor zijn verhaal
2732 2420 2847 2464 kon de
1906 2422 2669 2471 koos — het is een doorloopende monoloog
1907 2454 2859 2514 schrijver elke bij-omstandigheid, die niet in direct
1921 2496 2847 2546 verband stond tot het kernpunt, buitensluiten; van
1910 2545 2858 2590 seconde tot seconde brengt elke gedachte-faze Else
1909 2581 2709 2640 nader tot haar onvermijdelijken ondergang.
1948 2624 2619 2664 Het boek is zeldzaam goed vertaald.
2493 3012 2695 3075 K
2070 2998 2230 3079 IR
