<?xml version="1.0" encoding="UTF-8" standalone="yes"?>
<PcGts xmlns="http://schema.primaresearch.org/PAGE/gts/pagecontent/2013-07-15" xmlns:xsi="http://www.w3.org/2001/XMLSchema-instance" xsi:schemaLocation="http://schema.primaresearch.org/PAGE/gts/pagecontent/2013-07-15 http://schema.primaresearch.org/PAGE/gts/pagecontent/2013-07-15/pagecontent.xsd">
    <Metadata>
        <Creator>prov=University of Rostock/Institute of Mathematics/CITlab/Gundram Leifert/gundram.leifert@uni-rostock.de:name=ONB_Newseye_GT_M1+(htr_id=10810)::::v=2.4.2
prov=University of Rostock/Institute of Mathematics/CITlab/Tobias Gruening/tobias.gruening@uni-rostock.de:name=de.uros.citlab.module.baseline2polygon.B2PSeamMultiOriented:v=2.4.2
prov=University of Rostock/Institute of Mathematics/CITlab/Tobias Gruening/tobias.gruening@uni-rostock.de:name=/net_tf/LA73_249_0mod360.pb:de.uros.citlab.segmentation.CITlab_LA_ML:v=2.4.2
Transkribus</Creator>
        <Created>2019-10-07T10:23:56.106+02:00</Created>
        <LastChange>2019-10-07T14:26:23.039+02:00</LastChange>
        <TranskribusMetadata docId="223890" pageId="9491973" pageNr="190" tsid="16378332" status="IN_PROGRESS" userId="40391" imgUrl="https://files.transkribus.eu/Get?id=LIYABFRCDPPAHTDETJOQSWFW&amp;fileType=view" xmlUrl="https://files.transkribus.eu/Get?id=NFVPFLWWXZPZYKITJPUNRVSZ" imageId="6182261"/>
    </Metadata>
    <Page imageFilename="223890_0190.jpeg" imageWidth="3392" imageHeight="4256">
        <ReadingOrder>
            <OrderedGroup id="ro_1711446083602" caption="Regions reading order">
                <RegionRefIndexed index="0" regionRef="r1"/>
                <RegionRefIndexed index="1" regionRef="r2"/>
                <RegionRefIndexed index="2" regionRef="r3"/>
            </OrderedGroup>
        </ReadingOrder>
        <TextRegion orientation="0.0" id="r1" custom="readingOrder {index:0;}">
            <Coords points="266,40 266,200 398,200 398,40"/>
            <TextLine id="r1l1" custom="readingOrder {index:0;}">
                <Coords points="259,161 282,160 304,151 320,164 345,160 368,169 386,166 403,173 406,113 395,113 370,93 356,94 342,82 323,87 298,79 272,92 263,91"/>
                <Baseline points="266,141 292,140 318,140 345,142 371,144 398,150"/>
                <TextEquiv>
                    <Unicode>31.</Unicode>
                </TextEquiv>
            </TextLine>
            <TextEquiv>
                <Unicode>31.</Unicode>
            </TextEquiv>
        </TextRegion>
        <TextRegion orientation="0.0" id="r2" custom="readingOrder {index:1;}">
            <Coords points="452,121 452,3333 2270,3333 2270,121"/>
            <TextLine id="r2l1" custom="readingOrder {index:0;}">
                <Coords points="450,148 843,156 904,129 930,153 1113,154 1114,95 1021,102 989,82 887,113 809,84 761,109 718,78 612,107 451,92"/>
                <Baseline points="456,141 488,142 521,142 553,143 586,143 619,143 651,143 684,144 716,144 749,144 782,144 814,144 847,144 879,144 912,145 945,145 977,145 1010,145 1042,146 1075,146 1108,146"/>
                <TextEquiv>
                    <Unicode>Fraeulein Alse</Unicode>
                </TextEquiv>
            </TextLine>
            <TextLine id="r2l2" custom="readingOrder {index:1;}">
                <Coords points="1287,155 1344,158 1365,175 1456,145 1520,155 1536,172 1548,162 1636,166 1637,95 1611,88 1575,101 1473,87 1450,107 1408,104 1385,117 1336,114 1310,90 1288,95"/>
                <Baseline points="1293,148 1319,148 1345,148 1371,149 1397,151 1423,151 1449,153 1475,153 1501,155 1527,155 1553,155 1579,154 1605,152 1631,149"/>
                <TextEquiv>
                    <Unicode>box 5/3</Unicode>
                </TextEquiv>
            </TextLine>
            <TextLine id="r2l3" custom="readingOrder {index:2;}">
                <Coords points="447,171 489,184 508,168 576,198 623,169 767,186 916,170 980,196 1108,174 1109,152 447,150"/>
                <Baseline points="452,165 484,165 517,165 549,165 582,165 614,165 647,166 679,166 712,166 744,167 777,167 810,167 842,168 875,168 907,168 940,169 972,169 1005,169 1037,169 1070,169 1103,169"/>
                <TextEquiv>
                    <Unicode>„</Unicode>
                </TextEquiv>
            </TextLine>
            <TextLine id="r2l4" custom="readingOrder {index:3;}">
                <Coords points="658,924 1472,944 1474,869 1451,863 660,858"/>
                <Baseline points="664,909 704,909 744,909 784,910 824,911 864,911 904,912 944,914 984,914 1024,915 1065,918 1105,919 1145,920 1185,921 1225,923 1265,925 1305,926 1345,927 1385,928 1425,929 1466,930"/>
                <TextEquiv>
                    <Unicode>WIENER MESSE</Unicode>
                </TextEquiv>
            </TextLine>
            <TextLine id="r2l5" custom="readingOrder {index:4;}">
                <Coords points="707,973 1429,1002 1466,997 1467,958 1176,939 1120,963 708,926"/>
                <Baseline points="712,969 749,969 786,970 824,970 861,971 899,971 936,972 974,973 1011,975 1049,975 1086,977 1123,978 1161,980 1198,981 1236,982 1273,984 1311,985 1348,986 1386,988 1423,989 1461,990"/>
                <TextEquiv>
                    <Unicode>7. bis 13. März 1937 — Technische und</Unicode>
                </TextEquiv>
            </TextLine>
            <TextLine id="r2l6" custom="readingOrder {index:5;}">
                <Coords points="702,1022 1468,1048 1469,1002 1448,998 703,974"/>
                <Baseline points="708,1011 745,1012 783,1013 821,1014 858,1015 896,1016 934,1017 971,1018 1009,1019 1047,1020 1085,1022 1122,1023 1160,1024 1198,1025 1235,1026 1273,1028 1311,1029 1348,1031 1386,1032 1424,1034 1462,1035"/>
                <TextEquiv>
                    <Unicode>Landwirtschaftliche Messe bis 14. März</Unicode>
                </TextEquiv>
            </TextLine>
            <TextLine id="r2l7" custom="readingOrder {index:6;}">
                <Coords points="701,1063 1450,1089 1473,1084 1474,1045 990,1051 702,1021"/>
                <Baseline points="707,1058 745,1059 783,1060 821,1061 859,1062 897,1063 935,1065 973,1066 1011,1067 1049,1068 1087,1069 1125,1070 1163,1071 1201,1072 1239,1073 1277,1074 1315,1075 1353,1076 1391,1077 1429,1078 1467,1079"/>
                <TextEquiv>
                    <Unicode>Auskünfte aller Art ertellen die ehrenamtlichen Vor¬</Unicode>
                </TextEquiv>
            </TextLine>
            <TextLine id="r2l8" custom="readingOrder {index:7;}">
                <Coords points="698,1091 1468,1119 1461,1082 699,1063"/>
                <Baseline points="703,1089 741,1090 779,1090 817,1091 855,1092 893,1093 931,1094 969,1095 1007,1096 1045,1098 1083,1099 1121,1100 1159,1101 1197,1102 1235,1103 1273,1105 1311,1106 1349,1107 1387,1108 1425,1109 1463,1110"/>
                <TextEquiv>
                    <Unicode>treter der Wiener Messe In allen größeren Städten der</Unicode>
                </TextEquiv>
            </TextLine>
            <TextLine id="r2l9" custom="readingOrder {index:8;}">
                <Coords points="697,1126 1456,1159 1476,1121 698,1091"/>
                <Baseline points="703,1118 741,1119 779,1121 818,1121 856,1122 894,1124 933,1125 971,1125 1009,1126 1048,1127 1086,1128 1124,1130 1163,1130 1201,1132 1239,1133 1278,1134 1316,1137 1354,1138 1393,1140 1431,1141 1470,1144"/>
                <TextEquiv>
                    <Unicode>Wolt sowie das Zentralbüro der Wiener Mosso-A. G.,</Unicode>
                </TextEquiv>
            </TextLine>
            <TextLine id="r2l10" custom="readingOrder {index:9;}">
                <Coords points="927,1165 987,1160 1012,1175 1070,1162 1170,1180 1261,1163 1262,1146 1244,1136 1183,1143 1085,1129 1075,1138 1012,1129 998,1138 929,1124"/>
                <Baseline points="933,1154 959,1155 986,1156 1013,1157 1040,1158 1067,1158 1094,1159 1121,1160 1148,1160 1175,1161 1202,1162 1229,1164 1256,1165"/>
                <TextEquiv>
                    <Unicode>Wien, VII., Messepalast</Unicode>
                </TextEquiv>
            </TextLine>
            <TextLine id="r2l11" custom="readingOrder {index:10;}">
                <Coords points="639,1312 933,1296 980,1310 1101,1299 1128,1313 1142,1252 1063,1236 989,1250 832,1232 797,1246 742,1224 639,1252"/>
                <Baseline points="644,1290 669,1289 695,1289 721,1289 747,1289 773,1289 799,1289 825,1289 851,1290 877,1291 902,1291 928,1292 954,1292 980,1293 1006,1293 1032,1294 1058,1294 1084,1294 1110,1294 1136,1294"/>
                <TextEquiv>
                    <Unicode>„OBSERVER</Unicode>
                </TextEquiv>
            </TextLine>
            <TextLine id="r2l12" custom="readingOrder {index:11;}">
                <Coords points="699,1338 1454,1361 1455,1324 700,1302"/>
                <Baseline points="705,1334 742,1335 779,1336 816,1337 853,1338 891,1339 928,1340 965,1341 1002,1342 1039,1344 1077,1344 1114,1345 1151,1347 1188,1348 1225,1349 1263,1350 1300,1351 1337,1352 1374,1353 1411,1355 1449,1356"/>
                <TextEquiv>
                    <Unicode>österr. behördlich konzesslonlertos Unternehmen für</Unicode>
                </TextEquiv>
            </TextLine>
            <TextLine id="r2l13" custom="readingOrder {index:12;}">
                <Coords points="694,1376 1431,1400 1471,1394 1472,1360 695,1338"/>
                <Baseline points="700,1365 738,1366 776,1367 814,1368 853,1370 891,1371 929,1372 968,1373 1006,1374 1044,1375 1083,1376 1121,1377 1159,1378 1197,1379 1236,1380 1274,1381 1312,1383 1351,1384 1389,1385 1427,1386 1466,1387"/>
                <TextEquiv>
                    <Unicode>Zeltungsausschnitte, Wien, I., Wollzelle 11, Tel. R 23-0-43</Unicode>
                </TextEquiv>
            </TextLine>
            <TextLine id="r2l14" custom="readingOrder {index:13;}">
                <Coords points="621,1558 802,1552 946,1589 1022,1561 1335,1574 1369,1559 1370,1520 1243,1498 828,1521 753,1496 718,1522 622,1500"/>
                <Baseline points="626,1545 662,1546 699,1548 736,1550 773,1551 810,1552 847,1554 884,1554 921,1556 958,1557 995,1557 1031,1558 1068,1559 1105,1559 1142,1559 1179,1559 1216,1559 1253,1558 1290,1557 1327,1556 1364,1555"/>
                <TextEquiv>
                    <Unicode>Ausschnitt ausgrer Presse. Prag</Unicode>
                </TextEquiv>
            </TextLine>
            <TextLine id="r2l15" custom="readingOrder {index:14;}">
                <Coords points="966,1695 999,1689 1015,1705 1086,1677 1140,1689 1202,1668 1241,1696 1338,1704 1341,1635 1299,1627 1281,1637 1258,1623 1231,1637 1167,1613 1147,1621 1099,1605 971,1596"/>
                <Baseline points="973,1673 998,1672 1024,1670 1050,1669 1075,1668 1101,1668 1127,1668 1153,1668 1178,1670 1204,1672 1230,1674 1255,1677 1281,1682 1307,1687 1333,1693"/>
                <TextEquiv>
                    <Unicode>2 FFP 1037</Unicode>
                </TextEquiv>
            </TextLine>
            <TextLine id="r2l16" custom="readingOrder {index:15;}">
                <Coords points="621,1763 645,1768 648,1765 663,1766 668,1770 680,1764 691,1770 705,1763 717,1765 716,1740 709,1741 698,1735 694,1737 687,1732 680,1737 669,1731 660,1733 656,1728 635,1735 620,1729"/>
                <Baseline points="627,1763 655,1761 683,1761 711,1761"/>
                <TextEquiv>
                    <Unicode>vom</Unicode>
                </TextEquiv>
            </TextLine>
            <TextLine id="r2l17" custom="readingOrder {index:16;}">
                <Coords points="1375,1841 2249,1846 2263,1793 1375,1800"/>
                <Baseline points="1380,1832 1423,1831 1467,1831 1511,1830 1555,1830 1599,1830 1643,1829 1686,1829 1730,1829 1774,1829 1818,1829 1862,1829 1906,1829 1950,1829 1993,1830 2037,1830 2081,1830 2125,1830 2169,1830 2213,1830 2257,1831"/>
                <TextEquiv>
                    <Unicode>setzen. Gerade diese aber hält der kritischen</Unicode>
                </TextEquiv>
            </TextLine>
            <TextLine id="r2l18" custom="readingOrder {index:17;}">
                <Coords points="651,1863 693,1883 758,1867 1117,1882 1195,1855 1325,1869 1324,1806 1293,1789 1148,1808 1077,1794 1002,1830 916,1801 789,1805 749,1827 650,1800"/>
                <Baseline points="656,1861 689,1860 722,1860 755,1861 788,1861 821,1861 854,1861 888,1861 921,1861 954,1861 987,1861 1020,1861 1053,1860 1086,1859 1120,1859 1153,1857 1186,1855 1219,1853 1252,1851 1285,1848 1319,1844"/>
                <TextEquiv>
                    <Unicode>Gesellschaftsstücke %.</Unicode>
                </TextEquiv>
            </TextLine>
            <TextLine id="r2l19" custom="readingOrder {index:18;}">
                <Coords points="1372,1880 2187,1887 2253,1880 2253,1838 1372,1841"/>
                <Baseline points="1377,1874 1420,1874 1464,1874 1507,1874 1551,1874 1594,1874 1638,1874 1681,1874 1725,1874 1768,1874 1812,1874 1856,1874 1899,1874 1943,1874 1986,1874 2030,1874 2073,1874 2117,1874 2160,1874 2204,1875 2248,1875"/>
                <TextEquiv>
                    <Unicode>Betrachtung nur mittelbar stand. Man hätte</Unicode>
                </TextEquiv>
            </TextLine>
            <TextLine id="r2l20" custom="readingOrder {index:19;}">
                <Coords points="1388,1930 2107,1912 2259,1934 2242,1877 1828,1879 1799,1902 1388,1886"/>
                <Baseline points="1393,1917 1436,1917 1479,1917 1522,1917 1565,1917 1608,1917 1651,1917 1694,1917 1737,1917 1780,1917 1823,1917 1866,1917 1909,1917 1952,1917 1995,1917 2038,1917 2081,1917 2124,1917 2167,1918 2210,1918 2254,1918"/>
                <TextEquiv>
                    <Unicode>Fräulein Else“ im Kostüm und Gesell¬</Unicode>
                </TextEquiv>
            </TextLine>
            <TextLine id="r2l21" custom="readingOrder {index:20;}">
                <Coords points="509,1932 1345,1929 1345,1889 1280,1904 1227,1876 1150,1877 1089,1915 1027,1878 509,1889"/>
                <Baseline points="515,1923 556,1922 597,1922 638,1922 680,1921 721,1921 762,1921 803,1922 845,1922 886,1922 927,1922 968,1922 1010,1923 1051,1923 1092,1923 1133,1923 1175,1923 1216,1923 1257,1923 1298,1922 1340,1922"/>
                <TextEquiv>
                    <Unicode>„Niemals ist es das Problem, das du ge¬</Unicode>
                </TextEquiv>
            </TextLine>
            <TextLine id="r2l22" custom="readingOrder {index:21;}">
                <Coords points="1391,1974 2264,1978 2264,1932 2187,1923 1391,1930"/>
                <Baseline points="1396,1962 1439,1962 1482,1961 1525,1961 1568,1961 1611,1961 1654,1961 1698,1961 1741,1961 1784,1962 1827,1962 1870,1962 1913,1962 1956,1962 2000,1962 2043,1962 2086,1962 2129,1962 2172,1962 2215,1962 2259,1961"/>
                <TextEquiv>
                    <Unicode>chaftsmilieu der Vorkriegsepoche aufführen</Unicode>
                </TextEquiv>
            </TextLine>
            <TextLine id="r2l23" custom="readingOrder {index:22;}">
                <Coords points="468,1972 1344,1975 1324,1928 964,1949 468,1914"/>
                <Baseline points="473,1965 516,1965 559,1965 602,1966 646,1966 689,1966 732,1966 775,1966 819,1966 862,1966 905,1966 948,1966 992,1966 1035,1966 1078,1966 1121,1966 1165,1966 1208,1966 1251,1965 1294,1965 1338,1965"/>
                <TextEquiv>
                    <Unicode>wählt, niemals der Geist, mit dem du es be¬</Unicode>
                </TextEquiv>
            </TextLine>
            <TextLine id="r2l24" custom="readingOrder {index:23;}">
                <Coords points="1384,2019 2262,2016 2237,1965 1384,1974"/>
                <Baseline points="1389,2004 1432,2004 1475,2005 1519,2005 1562,2005 1605,2005 1649,2005 1692,2004 1735,2004 1779,2004 1822,2004 1865,2004 1909,2004 1952,2003 1995,2003 2039,2003 2082,2003 2125,2004 2169,2004 2212,2004 2256,2004"/>
                <TextEquiv>
                    <Unicode>nüssen, um wenigstens dem Illusionsbedürf¬</Unicode>
                </TextEquiv>
            </TextLine>
            <TextLine id="r2l25" custom="readingOrder {index:24;}">
                <Coords points="457,2020 1336,2022 1336,1978 1298,1971 457,1972"/>
                <Baseline points="463,2010 506,2010 549,2010 593,2010 636,2010 680,2010 723,2010 766,2010 810,2010 853,2010 897,2009 940,2009 983,2009 1027,2009 1070,2009 1114,2009 1157,2009 1200,2009 1244,2009 1287,2009 1331,2009"/>
                <TextEquiv>
                    <Unicode>handelt, was dein Werk in die Zrbunft tra</Unicode>
                </TextEquiv>
            </TextLine>
            <TextLine id="r2l26" custom="readingOrder {index:25;}">
                <Coords points="1384,2057 2263,2061 2263,2016 2229,2013 1899,2008 1866,2037 1787,2013 1384,2019"/>
                <Baseline points="1389,2049 1432,2049 1475,2049 1519,2049 1562,2049 1606,2048 1649,2048 1692,2048 1736,2048 1779,2048 1823,2048 1866,2047 1909,2047 1953,2047 1996,2047 2040,2048 2083,2048 2126,2048 2170,2048 2213,2049 2257,2049"/>
                <TextEquiv>
                    <Unicode>nis gerecht zu werden. Daß Ernst Lothar</Unicode>
                </TextEquiv>
            </TextLine>
            <TextLine id="r2l27" custom="readingOrder {index:26;}">
                <Coords points="469,2065 1174,2066 1174,2037 1091,2014 469,2026"/>
                <Baseline points="475,2054 509,2054 544,2053 578,2053 613,2053 648,2053 682,2053 717,2053 752,2053 786,2053 821,2053 856,2053 890,2053 925,2053 960,2053 994,2053 1029,2053 1064,2052 1098,2052 1133,2052 1168,2052"/>
                <TextEquiv>
                    <Unicode>gen wird; immer sind es nur di</Unicode>
                </TextEquiv>
            </TextLine>
            <TextLine id="r2l28" custom="readingOrder {index:27;}">
                <Coords points="1187,2077 1217,2060 1233,2063 1242,2056 1257,2061 1281,2058 1296,2069 1315,2058 1333,2067 1346,2065 1347,2015 1318,2027 1303,2027 1292,2016 1243,2016 1239,2021 1229,2015 1213,2021 1188,2016"/>
                <Baseline points="1193,2052 1222,2051 1251,2052 1281,2052 1310,2053 1340,2055"/>
                <TextEquiv>
                    <Unicode>#stalten,</Unicode>
                </TextEquiv>
            </TextLine>
            <TextLine id="r2l29" custom="readingOrder {index:28;}">
                <Coords points="1382,2102 2255,2100 2246,2054 1382,2057"/>
                <Baseline points="1388,2092 1431,2092 1474,2092 1517,2092 1560,2092 1603,2092 1646,2092 1689,2092 1732,2092 1775,2091 1819,2091 1862,2091 1905,2092 1948,2092 1991,2092 2034,2092 2077,2092 2120,2093 2163,2093 2206,2094 2250,2095"/>
                <TextEquiv>
                    <Unicode>tief in Schnitzlers Geist eingedrungen ist</Unicode>
                </TextEquiv>
            </TextLine>
            <TextLine id="r2l30" custom="readingOrder {index:29;}">
                <Coords points="459,2105 1328,2109 1344,2064 459,2071"/>
                <Baseline points="464,2097 507,2097 551,2097 595,2097 638,2097 682,2097 726,2097 769,2097 813,2097 857,2097 901,2097 944,2097 988,2097 1032,2097 1075,2097 1119,2097 1163,2097 1206,2096 1250,2096 1294,2096 1338,2096"/>
                <TextEquiv>
                    <Unicode>die du gebildet und die Atmosph.#, die du</Unicode>
                </TextEquiv>
            </TextLine>
            <TextLine id="r2l31" custom="readingOrder {index:30;}">
                <Coords points="1377,2141 2258,2142 2235,2099 1377,2097"/>
                <Baseline points="1383,2134 1426,2135 1470,2135 1513,2135 1557,2136 1600,2136 1644,2136 1687,2136 1731,2136 1774,2136 1818,2136 1861,2136 1905,2136 1948,2135 1992,2135 2035,2135 2079,2135 2122,2135 2166,2135 2209,2135 2253,2135"/>
                <TextEquiv>
                    <Unicode>beweisen nicht so sehr die aus der Novelle</Unicode>
                </TextEquiv>
            </TextLine>
            <TextLine id="r2l32" custom="readingOrder {index:31;}">
                <Coords points="465,2150 1337,2153 1345,2106 465,2109"/>
                <Baseline points="471,2140 514,2140 557,2140 601,2141 644,2141 688,2141 731,2141 775,2141 818,2141 862,2140 905,2140 948,2140 992,2140 1035,2140 1079,2139 1122,2139 1166,2139 1209,2139 1253,2139 1296,2139 1340,2140"/>
                <TextEquiv>
                    <Unicode>rings um sie geschaffen.“ An diesen Satz</Unicode>
                </TextEquiv>
            </TextLine>
            <TextLine id="r2l33" custom="readingOrder {index:32;}">
                <Coords points="1385,2190 2260,2192 2260,2150 2192,2139 1385,2144"/>
                <Baseline points="1391,2180 1434,2180 1477,2179 1520,2179 1563,2179 1607,2179 1650,2179 1693,2179 1736,2179 1779,2179 1823,2179 1866,2179 1909,2179 1952,2179 1995,2179 2039,2179 2082,2179 2125,2179 2168,2179 2211,2179 2255,2180"/>
                <TextEquiv>
                    <Unicode>ibernommenen Situationen, als die großar¬</Unicode>
                </TextEquiv>
            </TextLine>
            <TextLine id="r2l34" custom="readingOrder {index:33;}">
                <Coords points="458,2192 1341,2194 1341,2154 1285,2143 458,2156"/>
                <Baseline points="464,2186 507,2185 551,2185 594,2184 638,2184 681,2184 725,2183 768,2183 812,2183 855,2183 899,2184 943,2184 986,2184 1030,2184 1073,2184 1117,2184 1160,2184 1204,2183 1247,2183 1291,2183 1335,2182"/>
                <TextEquiv>
                    <Unicode>aus Arthur Schnitzlers „Buch der Sprüche</Unicode>
                </TextEquiv>
            </TextLine>
            <TextLine id="r2l35" custom="readingOrder {index:34;}">
                <Coords points="1383,2230 2250,2229 2234,2186 1383,2190"/>
                <Baseline points="1389,2225 1431,2225 1474,2225 1517,2224 1560,2224 1603,2224 1645,2224 1688,2224 1731,2223 1774,2223 1817,2223 1859,2223 1902,2223 1945,2223 1988,2223 2031,2223 2073,2224 2116,2224 2159,2224 2202,2224 2245,2224"/>
                <TextEquiv>
                    <Unicode>tige (von Herrn Valk darstellerisch nicht min</Unicode>
                </TextEquiv>
            </TextLine>
            <TextLine id="r2l36" custom="readingOrder {index:35;}">
                <Coords points="458,2237 1342,2236 1323,2195 1179,2185 458,2192"/>
                <Baseline points="464,2227 507,2228 551,2228 594,2228 638,2228 682,2228 725,2228 769,2228 812,2228 856,2227 900,2227 943,2227 987,2226 1030,2226 1074,2226 1118,2226 1161,2226 1205,2226 1248,2226 1292,2227 1336,2227"/>
                <TextEquiv>
                    <Unicode>und Bedenken“ mußte der Referent denken,</Unicode>
                </TextEquiv>
            </TextLine>
            <TextLine id="r2l37" custom="readingOrder {index:36;}">
                <Coords points="1392,2278 2268,2277 2252,2232 2185,2252 1392,2233"/>
                <Baseline points="1397,2267 1440,2268 1483,2268 1526,2268 1570,2269 1613,2269 1656,2269 1699,2269 1743,2268 1786,2268 1829,2268 1872,2268 1916,2267 1959,2267 2002,2267 2045,2267 2089,2267 2132,2267 2175,2267 2218,2268 2262,2268"/>
                <TextEquiv>
                    <Unicode>ler großartig gestaltete) Monologszene von</Unicode>
                </TextEquiv>
            </TextLine>
            <TextLine id="r2l38" custom="readingOrder {index:37;}">
                <Coords points="465,2287 607,2265 1341,2283 1342,2236 465,2245"/>
                <Baseline points="471,2272 514,2272 557,2272 600,2272 644,2272 687,2272 730,2272 774,2272 817,2272 860,2272 904,2272 947,2272 990,2272 1033,2271 1077,2271 1120,2271 1163,2271 1207,2270 1250,2270 1293,2270 1337,2269"/>
                <TextEquiv>
                    <Unicode>als er Schnitzlers Monolognovelle</Unicode>
                </TextEquiv>
            </TextLine>
            <TextLine id="r2l39" custom="readingOrder {index:38;}">
                <Coords points="1389,2318 2261,2319 2241,2278 1389,2277"/>
                <Baseline points="1394,2310 1437,2311 1480,2311 1523,2311 1566,2312 1609,2312 1652,2312 1695,2312 1738,2312 1781,2312 1825,2312 1868,2312 1911,2312 1954,2312 1997,2312 2040,2311 2083,2311 2126,2311 2169,2311 2212,2311 2256,2311"/>
                <TextEquiv>
                    <Unicode>Elsens Vater wo der Rechtsanwalt am häus¬</Unicode>
                </TextEquiv>
            </TextLine>
            <TextLine id="r2l40" custom="readingOrder {index:39;}">
                <Coords points="476,2327 887,2334 975,2300 1090,2332 1352,2319 1344,2277 476,2279"/>
                <Baseline points="481,2316 524,2316 567,2316 610,2316 654,2316 697,2316 740,2316 783,2316 827,2316 870,2316 913,2316 956,2316 1000,2315 1043,2315 1086,2315 1129,2315 1173,2314 1216,2314 1259,2313 1302,2313 1346,2312"/>
                <TextEquiv>
                    <Unicode>FräuFern--Blse“ in Ernst Lothars</Unicode>
                </TextEquiv>
            </TextLine>
            <TextLine id="r2l41" custom="readingOrder {index:40;}">
                <Coords points="462,2366 1356,2362 1356,2333 1289,2318 1088,2332 988,2303 888,2334 462,2327"/>
                <Baseline points="468,2358 512,2358 556,2359 600,2359 644,2359 688,2359 732,2359 776,2359 820,2359 864,2359 909,2359 953,2359 997,2358 1041,2358 1085,2358 1129,2358 1173,2358 1217,2357 1261,2357 1305,2357 1350,2357"/>
                <TextEquiv>
                    <Unicode>Bühnenbearbeitung im Neuen Deutschen</Unicode>
                </TextEquiv>
            </TextLine>
            <TextLine id="r2l42" custom="readingOrder {index:41;}">
                <Coords points="1380,2406 2268,2408 2268,2365 2199,2357 1380,2362"/>
                <Baseline points="1386,2397 1429,2398 1473,2398 1517,2398 1561,2398 1605,2399 1649,2399 1692,2398 1736,2398 1780,2398 1824,2398 1868,2397 1912,2397 1956,2397 1999,2397 2043,2397 2087,2397 2131,2397 2175,2397 2219,2397 2263,2398"/>
                <TextEquiv>
                    <Unicode>hebt und agiert, wie er es in Wirklichkeit zu.</Unicode>
                </TextEquiv>
            </TextLine>
            <TextLine id="r2l43" custom="readingOrder {index:42;}">
                <Coords points="468,2409 1344,2414 1327,2362 468,2368"/>
                <Baseline points="473,2403 516,2403 559,2403 602,2403 646,2403 689,2403 732,2403 775,2403 819,2402 862,2402 905,2402 948,2402 992,2401 1035,2401 1078,2401 1121,2401 1165,2401 1208,2401 1251,2401 1294,2401 1338,2402"/>
                <TextEquiv>
                    <Unicode>Theater sah. Schnitzlers Gestalten und die</Unicode>
                </TextEquiv>
            </TextLine>
            <TextLine id="r2l44" custom="readingOrder {index:43;}">
                <Coords points="1379,2451 2269,2454 2269,2418 2209,2401 1379,2409"/>
                <Baseline points="1385,2441 1431,2442 1477,2442 1523,2442 1570,2442 1616,2442 1662,2442 1708,2442 1755,2441 1801,2441 1847,2441 1893,2441 1940,2441 1986,2441 2032,2441 2078,2441 2125,2441 2171,2441 2217,2441 2264,2442"/>
                <TextEquiv>
                    <Unicode>tun unterläßt, ebenso wie Fräulein Else (in</Unicode>
                </TextEquiv>
            </TextLine>
            <TextLine id="r2l45" custom="readingOrder {index:44;}">
                <Coords points="458,2453 1329,2461 1340,2420 457,2409"/>
                <Baseline points="463,2447 506,2447 550,2447 593,2447 637,2447 681,2447 724,2446 768,2446 811,2446 855,2445 899,2445 942,2445 986,2444 1029,2444 1073,2444 1117,2444 1160,2444 1204,2444 1247,2445 1291,2446 1335,2446"/>
                <TextEquiv>
                    <Unicode>Atmosphäre, die der Dichter rings um sie ge</Unicode>
                </TextEquiv>
            </TextLine>
            <TextLine id="r2l46" custom="readingOrder {index:45;}">
                <Coords points="1378,2492 1466,2470 1541,2505 1684,2508 1743,2478 1813,2503 2275,2490 2250,2448 1378,2454"/>
                <Baseline points="1384,2485 1428,2485 1472,2486 1516,2486 1561,2486 1605,2486 1649,2486 1694,2485 1738,2485 1782,2485 1827,2485 1871,2485 1915,2484 1959,2484 2004,2484 2048,2484 2092,2484 2137,2484 2181,2484 2225,2484 2270,2484"/>
                <TextEquiv>
                    <Unicode>der Urfassung) unterbewußt dramatisch</Unicode>
                </TextEquiv>
            </TextLine>
            <TextLine id="r2l47" custom="readingOrder {index:46;}">
                <Coords points="468,2501 1338,2502 1347,2457 467,2455"/>
                <Baseline points="473,2491 516,2491 559,2491 603,2491 646,2491 690,2491 733,2491 776,2490 820,2490 863,2490 907,2490 950,2489 993,2489 1037,2489 1080,2489 1124,2488 1167,2488 1210,2488 1254,2488 1297,2488 1341,2487"/>
                <TextEquiv>
                    <Unicode>schaffen, tragen den Dramatiker in die Zu¬</Unicode>
                </TextEquiv>
            </TextLine>
            <TextLine id="r2l48" custom="readingOrder {index:47;}">
                <Coords points="1379,2538 2267,2534 2258,2491 1379,2493"/>
                <Baseline points="1384,2530 1427,2529 1471,2529 1515,2529 1559,2529 1603,2528 1647,2528 1690,2528 1734,2528 1778,2528 1822,2528 1866,2528 1910,2528 1954,2528 1997,2528 2041,2528 2085,2528 2129,2528 2173,2528 2217,2528 2261,2527"/>
                <TextEquiv>
                    <Unicode>handelt. Wäre es überhaupt möglich gewe¬</Unicode>
                </TextEquiv>
            </TextLine>
            <TextLine id="r2l49" custom="readingOrder {index:48;}">
                <Coords points="464,2544 1347,2542 1347,2499 464,2500"/>
                <Baseline points="470,2536 513,2535 557,2535 600,2535 644,2534 687,2534 731,2534 774,2533 818,2533 861,2533 905,2533 949,2532 992,2532 1036,2532 1079,2532 1123,2532 1166,2531 1210,2531 1253,2531 1297,2531 1341,2531"/>
                <TextEquiv>
                    <Unicode>kunft. Aber man spielt in Prag wreder den</Unicode>
                </TextEquiv>
            </TextLine>
            <TextLine id="r2l50" custom="readingOrder {index:49;}">
                <Coords points="1377,2580 2259,2587 2259,2540 2137,2529 1377,2536"/>
                <Baseline points="1383,2572 1426,2572 1470,2572 1513,2572 1557,2572 1600,2572 1644,2572 1687,2571 1731,2571 1774,2571 1818,2571 1861,2571 1905,2571 1948,2571 1992,2571 2035,2571 2079,2571 2122,2570 2166,2570 2209,2570 2253,2569"/>
                <TextEquiv>
                    <Unicode>sen, solch dumpfes dramatisches Geschehen</Unicode>
                </TextEquiv>
            </TextLine>
            <TextLine id="r2l51" custom="readingOrder {index:50;}">
                <Coords points="462,2594 801,2571 893,2595 1232,2572 1304,2593 1344,2538 461,2553"/>
                <Baseline points="467,2579 510,2579 554,2579 597,2578 641,2578 685,2578 728,2577 772,2577 815,2576 859,2576 903,2576 946,2576 990,2575 1033,2575 1077,2575 1121,2575 1164,2576 1208,2576 1251,2576 1295,2577 1339,2578"/>
                <TextEquiv>
                    <Unicode>„Ruf des Lebens“ noch den „Einsarnen Weg“</Unicode>
                </TextEquiv>
            </TextLine>
            <TextLine id="r2l52" custom="readingOrder {index:51;}">
                <Coords points="1386,2625 2259,2627 2259,2588 2210,2578 1386,2581"/>
                <Baseline points="1392,2618 1435,2617 1478,2617 1521,2616 1564,2616 1607,2616 1650,2616 1693,2616 1736,2616 1779,2616 1823,2616 1866,2616 1909,2616 1952,2616 1995,2616 2038,2616 2081,2616 2124,2616 2167,2615 2210,2615 2254,2614"/>
                <TextEquiv>
                    <Unicode>aus dem Unterbewußten ans Rampenlicht her¬</Unicode>
                </TextEquiv>
            </TextLine>
            <TextLine id="r2l53" custom="readingOrder {index:52;}">
                <Coords points="464,2636 1344,2629 1344,2592 1252,2577 464,2592"/>
                <Baseline points="469,2622 512,2622 555,2621 599,2621 642,2620 686,2620 729,2620 773,2620 816,2620 860,2620 903,2620 946,2620 990,2620 1033,2620 1077,2620 1120,2619 1164,2619 1207,2619 1251,2619 1294,2619 1338,2618"/>
                <TextEquiv>
                    <Unicode>sondern eben diese Dramatisierung eines</Unicode>
                </TextEquiv>
            </TextLine>
            <TextLine id="r2l54" custom="readingOrder {index:53;}">
                <Coords points="1385,2667 2270,2678 2270,2643 2175,2621 1385,2625"/>
                <Baseline points="1391,2661 1434,2660 1478,2660 1521,2660 1565,2660 1609,2660 1652,2660 1696,2660 1740,2660 1783,2660 1827,2660 1871,2660 1914,2660 1958,2660 2002,2660 2045,2660 2089,2660 2133,2660 2176,2660 2220,2660 2264,2660"/>
                <TextEquiv>
                    <Unicode>vorzuholen — Schnitzler würde es gewiß ge¬</Unicode>
                </TextEquiv>
            </TextLine>
            <TextLine id="r2l55" custom="readingOrder {index:54;}">
                <Coords points="469,2677 1344,2672 1344,2634 1274,2624 469,2634"/>
                <Baseline points="475,2666 518,2666 561,2665 604,2665 647,2665 691,2664 734,2664 777,2664 820,2663 863,2663 907,2663 950,2663 993,2663 1036,2663 1079,2663 1123,2662 1166,2662 1209,2662 1252,2662 1295,2662 1339,2662"/>
                <TextEquiv>
                    <Unicode>epischen Werkes, das nur in seiner ursprüng¬</Unicode>
                </TextEquiv>
            </TextLine>
            <TextLine id="r2l56" custom="readingOrder {index:55;}">
                <Coords points="1383,2712 2255,2714 2235,2668 1383,2671"/>
                <Baseline points="1389,2704 1432,2704 1475,2704 1518,2704 1561,2704 1604,2704 1647,2704 1690,2704 1733,2704 1776,2704 1819,2704 1862,2704 1905,2704 1948,2704 1991,2704 2034,2704 2077,2704 2120,2704 2163,2704 2206,2704 2249,2703"/>
                <TextEquiv>
                    <Unicode>tan haben. Warum er es unterlassen hat, er¬</Unicode>
                </TextEquiv>
            </TextLine>
            <TextLine id="r2l57" custom="readingOrder {index:56;}">
                <Coords points="465,2716 947,2725 1017,2701 1200,2725 1344,2712 1344,2672 465,2676"/>
                <Baseline points="471,2709 514,2709 557,2708 601,2708 644,2708 688,2708 731,2707 774,2707 818,2707 861,2707 905,2707 948,2707 991,2707 1035,2707 1078,2706 1122,2706 1165,2706 1208,2706 1252,2706 1295,2705 1339,2705"/>
                <TextEquiv>
                    <Unicode>lichen Gestalt den Dichter in die Zukunft</Unicode>
                </TextEquiv>
            </TextLine>
            <TextLine id="r2l58" custom="readingOrder {index:57;}">
                <Coords points="1378,2760 2262,2752 2262,2711 1378,2711"/>
                <Baseline points="1384,2747 1427,2747 1471,2748 1514,2748 1558,2748 1602,2748 1645,2748 1689,2747 1732,2747 1776,2747 1820,2747 1863,2747 1907,2747 1950,2747 1994,2747 2038,2746 2081,2746 2125,2746 2168,2746 2212,2746 2256,2746"/>
                <TextEquiv>
                    <Unicode>sieht man aus der Tatsache, daß gerade di.</Unicode>
                </TextEquiv>
            </TextLine>
            <TextLine id="r2l59" custom="readingOrder {index:58;}">
                <Coords points="472,2760 1345,2758 1345,2723 1281,2710 472,2717"/>
                <Baseline points="478,2754 521,2754 564,2753 607,2752 650,2752 693,2751 736,2751 779,2751 822,2751 865,2750 908,2750 951,2750 994,2750 1037,2750 1080,2750 1123,2749 1166,2749 1209,2749 1252,2749 1295,2748 1339,2748"/>
                <TextEquiv>
                    <Unicode>ragen wird. Die Gestalten, die auf der Bühne</Unicode>
                </TextEquiv>
            </TextLine>
            <TextLine id="r2l60" custom="readingOrder {index:59;}">
                <Coords points="1385,2798 2269,2797 2269,2764 2167,2751 1953,2776 1884,2752 1828,2773 1385,2754"/>
                <Baseline points="1390,2792 1433,2791 1477,2791 1520,2791 1564,2792 1608,2792 1651,2792 1695,2792 1739,2792 1782,2792 1826,2792 1870,2792 1913,2792 1957,2792 2001,2792 2044,2792 2088,2791 2132,2791 2175,2790 2219,2789 2263,2789"/>
                <TextEquiv>
                    <Unicode>Gestalt des Mädchens Else auf der Bühne</Unicode>
                </TextEquiv>
            </TextLine>
            <TextLine id="r2l61" custom="readingOrder {index:60;}">
                <Coords points="466,2805 1346,2807 1345,2758 1309,2753 466,2768"/>
                <Baseline points="472,2797 515,2797 558,2797 602,2797 645,2796 689,2796 732,2796 775,2795 819,2795 862,2795 906,2794 949,2794 992,2793 1036,2793 1079,2793 1123,2793 1166,2793 1209,2793 1253,2793 1296,2793 1340,2794"/>
                <TextEquiv>
                    <Unicode>agieren, und die Atmosphäre, die sie umgibt,</Unicode>
                </TextEquiv>
            </TextLine>
            <TextLine id="r2l62" custom="readingOrder {index:61;}">
                <Coords points="1389,2843 2270,2844 2270,2807 2232,2796 1389,2807"/>
                <Baseline points="1395,2837 1438,2837 1481,2836 1525,2836 1568,2836 1612,2836 1655,2836 1699,2835 1742,2835 1786,2835 1829,2835 1872,2835 1916,2835 1959,2835 2003,2835 2046,2835 2090,2835 2133,2835 2177,2835 2220,2835 2264,2835"/>
                <TextEquiv>
                    <Unicode>n nahezu monotoner Passivität verharrt, die</Unicode>
                </TextEquiv>
            </TextLine>
            <TextLine id="r2l63" custom="readingOrder {index:62;}">
                <Coords points="473,2847 1274,2830 1343,2852 1321,2798 473,2816"/>
                <Baseline points="479,2840 521,2840 564,2840 607,2840 650,2839 693,2839 736,2839 779,2839 822,2838 865,2838 908,2838 950,2837 993,2837 1036,2837 1079,2837 1122,2836 1165,2836 1208,2836 1251,2836 1294,2836 1337,2836"/>
                <TextEquiv>
                    <Unicode>wirken nicht mehr im reinen Sinne als von</Unicode>
                </TextEquiv>
            </TextLine>
            <TextLine id="r2l64" custom="readingOrder {index:63;}">
                <Coords points="1381,2897 2264,2881 2250,2840 1381,2844"/>
                <Baseline points="1387,2879 1430,2878 1474,2878 1517,2878 1561,2877 1604,2877 1648,2877 1691,2878 1735,2878 1778,2878 1822,2878 1866,2878 1909,2878 1953,2878 1996,2878 2040,2878 2083,2878 2127,2877 2170,2876 2214,2875 2258,2873"/>
                <TextEquiv>
                    <Unicode>in scharfem Widerspruch zu ihrem dramati¬</Unicode>
                </TextEquiv>
            </TextLine>
            <TextLine id="r2l65" custom="readingOrder {index:64;}">
                <Coords points="467,2889 1339,2892 1338,2853 1306,2841 1157,2864 467,2849"/>
                <Baseline points="472,2884 515,2884 558,2883 601,2883 644,2883 687,2883 730,2882 773,2882 816,2882 859,2882 902,2882 945,2882 988,2881 1031,2881 1074,2881 1117,2881 1160,2880 1203,2880 1246,2880 1289,2879 1333,2878"/>
                <TextEquiv>
                    <Unicode>Schnitzler gebildet und geschaffen. Die Wir</Unicode>
                </TextEquiv>
            </TextLine>
            <TextLine id="r2l66" custom="readingOrder {index:65;}">
                <Coords points="1380,2931 2184,2935 2261,2927 2261,2883 1380,2898"/>
                <Baseline points="1386,2922 1429,2922 1472,2922 1516,2922 1559,2922 1603,2922 1646,2922 1690,2922 1733,2922 1777,2922 1820,2922 1863,2921 1907,2921 1950,2921 1994,2921 2037,2921 2081,2920 2124,2920 2168,2920 2211,2919 2255,2919"/>
                <TextEquiv>
                    <Unicode>schen inneren Erleben steht. Frau Mach¬</Unicode>
                </TextEquiv>
            </TextLine>
            <TextLine id="r2l67" custom="readingOrder {index:66;}">
                <Coords points="463,2934 1320,2940 1343,2893 462,2892"/>
                <Baseline points="468,2930 511,2929 554,2928 598,2927 641,2927 685,2926 728,2926 772,2926 815,2925 859,2925 902,2925 945,2924 989,2924 1032,2924 1076,2924 1119,2924 1163,2923 1206,2923 1250,2923 1293,2923 1337,2922"/>
                <TextEquiv>
                    <Unicode>kungen der Kunst beruhen, wie Schnitzler</Unicode>
                </TextEquiv>
            </TextLine>
            <TextLine id="r2l68" custom="readingOrder {index:67;}">
                <Coords points="1379,2974 2146,2980 2258,2973 2258,2933 1379,2938"/>
                <Baseline points="1384,2966 1427,2965 1470,2965 1514,2965 1557,2965 1601,2965 1644,2965 1687,2965 1731,2964 1774,2964 1818,2964 1861,2964 1904,2964 1948,2964 1991,2964 2035,2964 2078,2963 2121,2963 2165,2963 2208,2963 2252,2962"/>
                <TextEquiv>
                    <Unicode>einer verfügt überdies über keine sonderlich</Unicode>
                </TextEquiv>
            </TextLine>
            <TextLine id="r2l69" custom="readingOrder {index:68;}">
                <Coords points="475,2983 1345,2977 1345,2932 474,2938"/>
                <Baseline points="480,2972 525,2971 570,2971 615,2970 660,2970 706,2969 751,2969 796,2969 841,2969 886,2969 932,2968 977,2968 1022,2968 1067,2968 1112,2968 1158,2968 1203,2967 1248,2967 1293,2967 1339,2966"/>
                <TextEquiv>
                    <Unicode>mmer wieder betont hat, nicht auf Illusion,</Unicode>
                </TextEquiv>
            </TextLine>
            <TextLine id="r2l70" custom="readingOrder {index:69;}">
                <Coords points="1381,3016 2267,3023 2267,2979 2234,2970 1381,2974"/>
                <Baseline points="1387,3009 1430,3009 1474,3009 1518,3009 1561,3009 1605,3009 1649,3009 1692,3009 1736,3009 1780,3009 1824,3009 1867,3009 1911,3009 1955,3009 1998,3008 2042,3008 2086,3008 2129,3007 2173,3007 2217,3006 2261,3005"/>
                <TextEquiv>
                    <Unicode>reiche Ausdrucksskala, so daß nur ihr melo¬</Unicode>
                </TextEquiv>
            </TextLine>
            <TextLine id="r2l71" custom="readingOrder {index:70;}">
                <Coords points="461,3025 1259,3027 1345,3017 1345,2975 1182,2973 1149,3003 1088,2976 747,2970 631,3000 461,2981"/>
                <Baseline points="467,3017 510,3016 554,3015 597,3014 641,3014 685,3013 728,3013 772,3012 815,3012 859,3012 903,3012 946,3012 990,3011 1033,3011 1077,3011 1121,3011 1164,3011 1208,3011 1251,3011 1295,3010 1339,3010"/>
                <TextEquiv>
                    <Unicode>sondern auf Ideenassoziationen. „Fräulein</Unicode>
                </TextEquiv>
            </TextLine>
            <TextLine id="r2l72" custom="readingOrder {index:71;}">
                <Coords points="1387,3060 2263,3052 2263,3021 2218,3013 1387,3019"/>
                <Baseline points="1393,3052 1436,3052 1479,3052 1522,3052 1566,3052 1609,3052 1652,3051 1695,3051 1739,3051 1782,3051 1825,3051 1868,3051 1912,3051 1955,3051 1998,3051 2041,3051 2085,3050 2128,3050 2171,3050 2214,3050 2258,3050"/>
                <TextEquiv>
                    <Unicode>lisch sordinierter Mädchenkummer in Erin¬</Unicode>
                </TextEquiv>
            </TextLine>
            <TextLine id="r2l73" custom="readingOrder {index:72;}">
                <Coords points="472,3066 1347,3071 1346,3019 1294,3014 472,3023"/>
                <Baseline points="477,3058 520,3058 563,3058 606,3058 649,3058 693,3057 736,3057 779,3057 822,3056 865,3056 909,3055 952,3055 995,3055 1038,3054 1081,3054 1125,3054 1168,3054 1211,3054 1254,3054 1297,3054 1341,3055"/>
                <TextEquiv>
                    <Unicode>Else“ als Monolognovelle wirkte lebenswahr,</Unicode>
                </TextEquiv>
            </TextLine>
            <TextLine id="r2l74" custom="readingOrder {index:73;}">
                <Coords points="1384,3103 2251,3111 2265,3052 1383,3072"/>
                <Baseline points="1389,3097 1432,3097 1476,3097 1519,3097 1563,3096 1606,3096 1650,3096 1693,3096 1737,3095 1780,3095 1824,3095 1867,3095 1911,3095 1954,3094 1998,3094 2041,3094 2085,3094 2128,3094 2172,3094 2215,3094 2259,3094"/>
                <TextEquiv>
                    <Unicode>nerung bleibt, die dämonische Zerrissenheit</Unicode>
                </TextEquiv>
            </TextLine>
            <TextLine id="r2l75" custom="readingOrder {index:74;}">
                <Coords points="467,3118 1344,3105 1344,3072 1314,3065 467,3072"/>
                <Baseline points="472,3104 515,3103 558,3102 601,3102 645,3101 688,3100 731,3100 775,3100 818,3099 861,3099 905,3099 948,3099 991,3099 1034,3099 1078,3098 1121,3098 1164,3098 1208,3097 1251,3097 1294,3097 1338,3096"/>
                <TextEquiv>
                    <Unicode>ohne uns die Illusion des Lebens geben zu</Unicode>
                </TextEquiv>
            </TextLine>
            <TextLine id="r2l76" custom="readingOrder {index:75;}">
                <Coords points="1380,3146 2269,3153 2269,3104 2201,3100 1380,3108"/>
                <Baseline points="1385,3140 1431,3139 1477,3139 1523,3139 1570,3139 1616,3139 1662,3138 1708,3138 1755,3138 1801,3138 1847,3138 1893,3138 1940,3138 1986,3138 2032,3138 2078,3138 2125,3138 2171,3138 2217,3138 2264,3138"/>
                <TextEquiv>
                    <Unicode>des Weibes Else jedoch kaum merkbar wird.</Unicode>
                </TextEquiv>
            </TextLine>
            <TextLine id="r2l77" custom="readingOrder {index:76;}">
                <Coords points="462,3157 1279,3157 1345,3153 1345,3104 650,3106 607,3137 461,3117"/>
                <Baseline points="467,3147 510,3146 554,3146 597,3146 641,3146 685,3145 728,3145 772,3145 816,3144 859,3144 903,3144 947,3143 990,3143 1034,3142 1078,3142 1121,3142 1165,3141 1209,3141 1252,3141 1296,3141 1340,3141"/>
                <TextEquiv>
                    <Unicode>wollen. Vor der Bühnenbearbeitung wird</Unicode>
                </TextEquiv>
            </TextLine>
            <TextLine id="r2l78" custom="readingOrder {index:77;}">
                <Coords points="1390,3193 2270,3187 2241,3143 1390,3148"/>
                <Baseline points="1396,3184 1439,3183 1482,3182 1526,3182 1569,3181 1613,3181 1656,3181 1700,3181 1743,3181 1787,3181 1830,3181 1873,3181 1917,3181 1960,3181 2004,3181 2047,3181 2091,3181 2134,3181 2178,3181 2221,3180 2265,3179"/>
                <TextEquiv>
                    <Unicode>Herrn Liebls Spielleitung, durch sinngemäßle</Unicode>
                </TextEquiv>
            </TextLine>
            <TextLine id="r2l79" custom="readingOrder {index:78;}">
                <Coords points="469,3205 1316,3199 1338,3159 469,3165"/>
                <Baseline points="474,3192 516,3191 559,3190 602,3189 645,3189 688,3188 731,3187 774,3187 817,3187 860,3186 903,3186 945,3186 988,3186 1031,3186 1074,3186 1117,3186 1160,3186 1203,3186 1246,3185 1289,3185 1332,3185"/>
                <TextEquiv>
                    <Unicode>man von der reinen Kunstwirkung der ur</Unicode>
                </TextEquiv>
            </TextLine>
            <TextLine id="r2l80" custom="readingOrder {index:79;}">
                <Coords points="1389,3241 2263,3234 2263,3189 2232,3187 1389,3189"/>
                <Baseline points="1395,3226 1438,3225 1481,3225 1524,3225 1567,3225 1610,3225 1653,3225 1697,3225 1740,3224 1783,3224 1826,3224 1869,3224 1912,3224 1955,3225 1999,3225 2042,3225 2085,3225 2128,3225 2171,3225 2214,3226 2258,3226"/>
                <TextEquiv>
                    <Unicode>Zühnenbilder des Herrn Schultes unterstützt,</Unicode>
                </TextEquiv>
            </TextLine>
            <TextLine id="r2l81" custom="readingOrder {index:80;}">
                <Coords points="473,3245 1349,3238 1349,3204 1249,3192 473,3201"/>
                <Baseline points="479,3235 522,3234 565,3234 608,3233 652,3232 695,3232 738,3231 781,3231 825,3230 868,3230 911,3230 954,3229 998,3229 1041,3229 1084,3229 1127,3229 1171,3228 1214,3228 1257,3228 1300,3228 1344,3228"/>
                <TextEquiv>
                    <Unicode>sprünglichen Dichtung abgelenkt und ge¬</Unicode>
                </TextEquiv>
            </TextLine>
            <TextLine id="r2l82" custom="readingOrder {index:81;}">
                <Coords points="1388,3280 2041,3286 2170,3256 2211,3283 2263,3274 2263,3234 2016,3234 1990,3257 1896,3231 1388,3241"/>
                <Baseline points="1394,3270 1437,3269 1480,3269 1523,3269 1566,3268 1609,3268 1652,3268 1696,3268 1739,3268 1782,3268 1825,3268 1868,3268 1911,3268 1954,3268 1998,3268 2041,3268 2084,3268 2127,3267 2170,3267 2213,3267 2257,3266"/>
                <TextEquiv>
                    <Unicode>ommt dem Illusionsbedürfnis stärker ent¬</Unicode>
                </TextEquiv>
            </TextLine>
            <TextLine id="r2l83" custom="readingOrder {index:82;}">
                <Coords points="467,3284 1353,3282 1352,3241 1266,3226 1123,3252 466,3250"/>
                <Baseline points="472,3278 515,3277 559,3277 603,3276 647,3275 690,3275 734,3275 778,3274 822,3274 865,3273 909,3273 953,3273 997,3273 1040,3273 1084,3272 1128,3272 1172,3272 1215,3272 1259,3272 1303,3271 1347,3271"/>
                <TextEquiv>
                    <Unicode>zwungen, sich mit der an sich sekundären</Unicode>
                </TextEquiv>
            </TextLine>
            <TextLine id="r2l84" custom="readingOrder {index:83;}">
                <Coords points="1382,3334 2228,3329 2262,3322 2262,3287 1382,3289"/>
                <Baseline points="1387,3319 1430,3317 1474,3316 1517,3315 1561,3314 1604,3314 1648,3313 1691,3313 1735,3313 1778,3313 1822,3313 1865,3314 1909,3314 1952,3314 1996,3314 2039,3314 2083,3314 2126,3314 2170,3313 2213,3313 2257,3312"/>
                <TextEquiv>
                    <Unicode>gegen als der Hervorrufung künstlerischer</Unicode>
                </TextEquiv>
            </TextLine>
            <TextLine id="r2l85" custom="readingOrder {index:84;}">
                <Coords points="470,3352 711,3321 778,3343 1067,3323 1140,3348 1343,3323 1342,3283 470,3284"/>
                <Baseline points="475,3323 518,3322 561,3321 604,3320 647,3319 690,3319 733,3319 776,3318 819,3318 862,3318 906,3318 949,3318 992,3318 1035,3318 1078,3317 1121,3317 1164,3317 1207,3316 1250,3316 1293,3315 1337,3315"/>
                <TextEquiv>
                    <Unicode>Moment der Illusionswirkung auseinanderzu</Unicode>
                </TextEquiv>
            </TextLine>
            <TextEquiv>
                <Unicode>Fraeulein Alse
box 5/3
„
WIENER MESSE
7. bis 13. März 1937 — Technische und
Landwirtschaftliche Messe bis 14. März
Auskünfte aller Art ertellen die ehrenamtlichen Vor¬
treter der Wiener Messe In allen größeren Städten der
Wolt sowie das Zentralbüro der Wiener Mosso-A. G.,
Wien, VII., Messepalast
„OBSERVER
österr. behördlich konzesslonlertos Unternehmen für
Zeltungsausschnitte, Wien, I., Wollzelle 11, Tel. R 23-0-43
Ausschnitt ausgrer Presse. Prag
2 FFP 1037
vom
setzen. Gerade diese aber hält der kritischen
Gesellschaftsstücke %.
Betrachtung nur mittelbar stand. Man hätte
Fräulein Else“ im Kostüm und Gesell¬
„Niemals ist es das Problem, das du ge¬
chaftsmilieu der Vorkriegsepoche aufführen
wählt, niemals der Geist, mit dem du es be¬
nüssen, um wenigstens dem Illusionsbedürf¬
handelt, was dein Werk in die Zrbunft tra
nis gerecht zu werden. Daß Ernst Lothar
gen wird; immer sind es nur di
#stalten,
tief in Schnitzlers Geist eingedrungen ist
die du gebildet und die Atmosph.#, die du
beweisen nicht so sehr die aus der Novelle
rings um sie geschaffen.“ An diesen Satz
ibernommenen Situationen, als die großar¬
aus Arthur Schnitzlers „Buch der Sprüche
tige (von Herrn Valk darstellerisch nicht min
und Bedenken“ mußte der Referent denken,
ler großartig gestaltete) Monologszene von
als er Schnitzlers Monolognovelle
Elsens Vater wo der Rechtsanwalt am häus¬
FräuFern--Blse“ in Ernst Lothars
Bühnenbearbeitung im Neuen Deutschen
hebt und agiert, wie er es in Wirklichkeit zu.
Theater sah. Schnitzlers Gestalten und die
tun unterläßt, ebenso wie Fräulein Else (in
Atmosphäre, die der Dichter rings um sie ge
der Urfassung) unterbewußt dramatisch
schaffen, tragen den Dramatiker in die Zu¬
handelt. Wäre es überhaupt möglich gewe¬
kunft. Aber man spielt in Prag wreder den
sen, solch dumpfes dramatisches Geschehen
„Ruf des Lebens“ noch den „Einsarnen Weg“
aus dem Unterbewußten ans Rampenlicht her¬
sondern eben diese Dramatisierung eines
vorzuholen — Schnitzler würde es gewiß ge¬
epischen Werkes, das nur in seiner ursprüng¬
tan haben. Warum er es unterlassen hat, er¬
lichen Gestalt den Dichter in die Zukunft
sieht man aus der Tatsache, daß gerade di.
ragen wird. Die Gestalten, die auf der Bühne
Gestalt des Mädchens Else auf der Bühne
agieren, und die Atmosphäre, die sie umgibt,
n nahezu monotoner Passivität verharrt, die
wirken nicht mehr im reinen Sinne als von
in scharfem Widerspruch zu ihrem dramati¬
Schnitzler gebildet und geschaffen. Die Wir
schen inneren Erleben steht. Frau Mach¬
kungen der Kunst beruhen, wie Schnitzler
einer verfügt überdies über keine sonderlich
mmer wieder betont hat, nicht auf Illusion,
reiche Ausdrucksskala, so daß nur ihr melo¬
sondern auf Ideenassoziationen. „Fräulein
lisch sordinierter Mädchenkummer in Erin¬
Else“ als Monolognovelle wirkte lebenswahr,
nerung bleibt, die dämonische Zerrissenheit
ohne uns die Illusion des Lebens geben zu
des Weibes Else jedoch kaum merkbar wird.
wollen. Vor der Bühnenbearbeitung wird
Herrn Liebls Spielleitung, durch sinngemäßle
man von der reinen Kunstwirkung der ur
Zühnenbilder des Herrn Schultes unterstützt,
sprünglichen Dichtung abgelenkt und ge¬
ommt dem Illusionsbedürfnis stärker ent¬
zwungen, sich mit der an sich sekundären
gegen als der Hervorrufung künstlerischer
Moment der Illusionswirkung auseinanderzu</Unicode>
            </TextEquiv>
        </TextRegion>
        <TextRegion orientation="0.0" id="r3" custom="readingOrder {index:2;}">
            <Coords points="2295,1811 2295,2288 3184,2288 3184,1811"/>
            <TextLine id="r3l1" custom="readingOrder {index:0;}">
                <Coords points="2290,1843 3181,1841 3149,1796 2899,1810 2669,1784 2626,1810 2290,1785"/>
                <Baseline points="2296,1831 2342,1832 2388,1832 2434,1833 2481,1833 2527,1834 2573,1834 2619,1834 2666,1834 2712,1834 2758,1835 2804,1835 2851,1835 2897,1835 2943,1835 2989,1835 3036,1836 3082,1836 3128,1836 3175,1837"/>
                <TextEquiv>
                    <Unicode>Ideenassoziationen. Die Atmosphäre ist</Unicode>
                </TextEquiv>
            </TextLine>
            <TextLine id="r3l2" custom="readingOrder {index:1;}">
                <Coords points="2289,1881 3168,1889 3168,1844 3120,1840 2289,1844"/>
                <Baseline points="2295,1876 2338,1876 2381,1876 2425,1876 2468,1877 2512,1877 2555,1877 2598,1877 2642,1878 2685,1878 2729,1878 2772,1878 2815,1879 2859,1879 2902,1879 2946,1879 2989,1879 3032,1879 3076,1880 3119,1880 3163,1880"/>
                <TextEquiv>
                    <Unicode>mondän im heutigen Sinne, und die Gestal¬</Unicode>
                </TextEquiv>
            </TextLine>
            <TextLine id="r3l3" custom="readingOrder {index:2;}">
                <Coords points="2297,1925 3186,1941 3167,1888 2297,1891"/>
                <Baseline points="2302,1920 2348,1921 2394,1921 2440,1921 2487,1921 2533,1921 2579,1921 2625,1921 2672,1921 2718,1922 2764,1922 2810,1922 2857,1922 2903,1922 2949,1922 2995,1922 3042,1923 3088,1923 3134,1923 3181,1924"/>
                <TextEquiv>
                    <Unicode>ten sind es auch. Schnitzlers Geist zunächst</Unicode>
                </TextEquiv>
            </TextLine>
            <TextLine id="r3l4" custom="readingOrder {index:3;}">
                <Coords points="2295,1970 3184,1980 3184,1939 3145,1931 2295,1935"/>
                <Baseline points="2300,1962 2343,1963 2387,1964 2431,1965 2475,1965 2519,1965 2563,1966 2607,1966 2651,1966 2695,1966 2739,1966 2782,1967 2826,1967 2870,1967 2914,1967 2958,1968 3002,1968 3046,1969 3090,1970 3134,1971 3178,1972"/>
                <TextEquiv>
                    <Unicode>wirken Frau Meller als Elses Mutter, die</Unicode>
                </TextEquiv>
            </TextLine>
            <TextLine id="r3l5" custom="readingOrder {index:4;}">
                <Coords points="2298,2016 3173,2027 3155,1974 2299,1971"/>
                <Baseline points="2304,2007 2347,2008 2390,2008 2433,2008 2476,2009 2520,2009 2563,2009 2606,2009 2649,2009 2692,2009 2736,2009 2779,2009 2822,2009 2865,2010 2908,2010 2952,2010 2995,2010 3038,2010 3081,2010 3124,2011 3168,2011"/>
                <TextEquiv>
                    <Unicode>Damen Stein, Warnholtz und Brod als zeit¬</Unicode>
                </TextEquiv>
            </TextLine>
            <TextLine id="r3l6" custom="readingOrder {index:5;}">
                <Coords points="2300,2062 3190,2061 3190,2029 3134,2017 2300,2016"/>
                <Baseline points="2305,2052 2351,2052 2397,2052 2443,2052 2490,2052 2536,2052 2582,2052 2628,2052 2675,2052 2721,2052 2767,2052 2813,2052 2860,2052 2906,2053 2952,2053 2998,2054 3045,2054 3091,2055 3137,2056 3184,2057"/>
                <TextEquiv>
                    <Unicode>os gebildete Gesellschaftsweibchen und Herr</Unicode>
                </TextEquiv>
            </TextLine>
            <TextLine id="r3l7" custom="readingOrder {index:6;}">
                <Coords points="2296,2106 3179,2110 3179,2076 3130,2064 2296,2061"/>
                <Baseline points="2302,2095 2345,2095 2389,2096 2432,2096 2476,2096 2519,2097 2563,2097 2606,2097 2650,2097 2693,2097 2737,2097 2781,2097 2824,2097 2868,2098 2911,2098 2955,2098 2998,2099 3042,2099 3085,2100 3129,2101 3173,2102"/>
                <TextEquiv>
                    <Unicode>Schmerzenreich als Gesellschaftsjüngling.</Unicode>
                </TextEquiv>
            </TextLine>
            <TextLine id="r3l8" custom="readingOrder {index:7;}">
                <Coords points="2291,2148 3186,2156 3171,2108 2291,2101"/>
                <Baseline points="2296,2142 2340,2143 2384,2143 2428,2144 2472,2144 2517,2145 2561,2145 2605,2145 2649,2145 2693,2146 2738,2146 2782,2146 2826,2146 2870,2146 2914,2146 2959,2146 3003,2147 3047,2147 3091,2147 3135,2147 3180,2148"/>
                <TextEquiv>
                    <Unicode>Herr Klippel als Dorsday trägt stark und</Unicode>
                </TextEquiv>
            </TextLine>
            <TextLine id="r3l9" custom="readingOrder {index:8;}">
                <Coords points="2293,2197 3185,2204 3185,2156 3154,2150 2293,2154"/>
                <Baseline points="2298,2187 2342,2187 2386,2188 2430,2188 2474,2188 2518,2188 2562,2188 2606,2188 2650,2188 2694,2188 2739,2188 2783,2188 2827,2188 2871,2188 2915,2188 2959,2188 3003,2188 3047,2189 3091,2189 3135,2191 3180,2192"/>
                <TextEquiv>
                    <Unicode>ziemlich heutig auf. Durch diskretes Spiel</Unicode>
                </TextEquiv>
            </TextLine>
            <TextLine id="r3l10" custom="readingOrder {index:9;}">
                <Coords points="2291,2248 2892,2262 3040,2237 3186,2272 3186,2204 3149,2195 2292,2199"/>
                <Baseline points="2297,2230 2341,2230 2385,2231 2429,2231 2473,2231 2517,2231 2561,2232 2606,2232 2650,2232 2694,2233 2738,2233 2782,2234 2826,2234 2870,2235 2915,2235 2959,2236 3003,2237 3047,2237 3091,2238 3135,2239 3180,2240"/>
                <TextEquiv>
                    <Unicode>macht Herr Fürth als Hotelportier auf sich</Unicode>
                </TextEquiv>
            </TextLine>
            <TextLine id="r3l11" custom="readingOrder {index:10;}">
                <Coords points="2298,2286 2389,2280 2395,2287 2414,2281 2471,2292 2483,2282 2514,2280 2538,2289 2546,2287 2546,2238 2506,2249 2478,2240 2459,2249 2427,2234 2406,2251 2387,2239 2375,2249 2344,2237 2298,2244"/>
                <Baseline points="2304,2275 2330,2276 2356,2276 2383,2276 2409,2275 2435,2275 2462,2275 2488,2276 2514,2276 2541,2278"/>
                <TextEquiv>
                    <Unicode>aufmerksam.</Unicode>
                </TextEquiv>
            </TextLine>
            <TextEquiv>
                <Unicode>Ideenassoziationen. Die Atmosphäre ist
mondän im heutigen Sinne, und die Gestal¬
ten sind es auch. Schnitzlers Geist zunächst
wirken Frau Meller als Elses Mutter, die
Damen Stein, Warnholtz und Brod als zeit¬
os gebildete Gesellschaftsweibchen und Herr
Schmerzenreich als Gesellschaftsjüngling.
Herr Klippel als Dorsday trägt stark und
ziemlich heutig auf. Durch diskretes Spiel
macht Herr Fürth als Hotelportier auf sich
aufmerksam.</Unicode>
            </TextEquiv>
        </TextRegion>
    </Page>
</PcGts>
