3296 4256
1275 142 1619 229 box 5/3
436 146 1098 222 Fraeulein Else
249 152 402 237 31.
431 197 1090 260 #
765 519 1990 684 8 - (nr- tatt S. Nan, (670
1476 722 2652 792 erschüttere, bewege, beglücke, bezaubere, daß es uns ehrfürchtig
1488 777 2656 828 mache? Ja, das alles wohl, und doch nur dies eine: Dank, Elisabeth
1473 827 1983 889 Bergner, immer wieder Dank
1530 845 2651 911 Und dann steht uns einen Augenblick das Herz still. Gruß eines
1487 891 2663 946 Toten an die Lebenden: Albert Steinrück als Dorsday. Diese
1475 944 2651 986 Noblesse, dieses vergeistigte Spiel. Ach, wie viel haben wir mit ihm
1481 975 2649 1026 verloren! Außerordentlich auch und von unheimlicher Suggestivität
654 974 1003 1054 „Fräulein Esse.“
1486 1017 2661 1068 Bassermann als der Vater. Sympathisch einfach: Else Heller,
744 1034 929 1115 Capitol.
1482 1060 2664 1115 die Mutter, und eck Trevor, der Vetter Paul. Und wunderbar,
1487 1089 2465 1144 in majestätischer Grandezza: Adele Sandrock als Tante.
311 1087 1426 1157 Richt ohne Angst sah man der Verfilmung von Schnitzlers un¬
1544 1139 2663 1197 Paul Czinner führt die Regie, behutsam, eindringlich, sein¬
249 1143 1434 1196 vergleichlicher psychologischer Novelle entgegen. Wie leicht konnte
1490 1171 2664 1225 nervig. Diese dunkle Szene des „Verfalls einer Familie, glitzernd
258 1188 1424 1229 dies kostbare und so biegsame, zerbrechliche taterial von ungeschickten
1486 1211 2663 1256 kontrastiert von der wohlig sanften Atmosphäre des Hotel= und
260 1227 1420 1271 Händen verbogen und zerbrochen werden: Wie leicht konnte das
1485 1244 2660 1299 Wintersportlebens. Dieses Finale vor allem: Aufregender Zwischen¬
262 1263 1426 1307 Seelisch=Hintergründige dieser Schicksalsnovelle zu leerer Kulissen¬
1504 1286 2657 1335 ill im Hotel, Fräulein Else tot — wie ist das alles beobachtet, ge¬
260 1301 1426 1346 pracht erstarren! Aber unsere Besorgnis war töricht: Einer der
1503 1328 2659 1389 taltet, erlebt! Wie sind hier immer Dinge und Menschen in lebendige
255 1344 1419 1406 schönsten, zartesten, dichtesten und erschütterndsten Filme ist dies
1489 1370 2004 1425 Beziehung zueinander gebracht!
256 1390 1081 1450 geworden, die je in Deutschland entstanden sind.
1537 1398 2654 1456 Weniger erfreulich, oft hart, leer und unklar ist die Photographie
313 1416 1427 1481 Fräulein Else: Elisabelh Bergner. Ein kleines, junges
1486 1444 2666 1495 (Karl Freund). Es liegt, wie man hört, vor allem am Material,
253 1459 1427 1517 Mädchen ist das erst, das Klavier spielt, wenn die Eltern Gesellschaft
1487 1485 2670 1534 das hier erstmalig zur Verwendung kam. Aber das kann nur sehr
253 1510 1426 1561 geben, das nachher, wenn die Gäste längst gegangen sind, sich schnell
1490 1517 2666 1568 bedingt als Entschuldigung gelten. Man hätte schon bei den Probe¬
256 1552 1424 1599 noch ein Butterbroi aus der Küche holt, das mit dem Vater Be¬
1490 1560 2666 1609 aufnahmen erkennen müssen, daß diese Art von panchromatischem
264 1585 1435 1631 orgungen macht, und das nach St. Moritz reist: Glückliches, zartes,
1495 1599 2664 1649 Material nicht verwendbar sei. Für technische Experimente solcher
264 1625 1426 1667 chöyes Kind, wie es sich strahlend das alles entdeckt, die Berge und
1483 1635 2372 1706 Art is ein Film wie dieser just am ungeeignetsten.
251 1664 1426 1711 den Schneczauber und alle Seligkeit des Auf=Reisen=Seins. Aber
2230 1675 2616 1741 Hansjürgen Wille.
251 1701 1438 1745 dann steht vor diesem Kind mit den blitzenden Augen (und dem selt¬
257 1742 1426 1788 samen Schimmer von Melancholie darüber) plötzlich das Opfer
261 1781 1438 1835 hei bende Schicksal. Dann wird aus dem heiteren Lebensgeschöpf der
251 1823 1425 1867 zeängstigte, gehetzte, in viele Qual verstrickte Mensch, der endlich
270 1857 1433 1902 einen anderen Ausweg mehr weiß als diesen: zu sterben. Wie Eli¬
271 1891 1425 1942 abeth Bergner diese schicksalhaft=tragische Verwandlung eines
264 1934 1431 1977 Renschen spielt, der sich erst mit aller Kraft gegen das Unabänder¬
2475 1951 2593 2040 24
265 1978 1432 2025 liche aufbäumt, und der dann doch plötzlich einsieht, daß er ganz
263 2011 1430 2058 achtlos ist, wie sie aus dem kleinen, freundlichen, kindhaften
262 2054 1433 2102 Fräulein Else die große Leidende, die tragisch=dunkle Märtyrerin
263 2093 1442 2148 werden läßt: ja, was sollen wir wohl dazu sagen? Doß es große
258 2133 1448 2179 Kunst sei, daß sich ein Genie hier von neuem bestätige, daß es uns
2666 2234 2982 2320 8. IIl. 1929
1512 2277 2459 2367 A# U Sne. „iee M- hae Ahe Uhre une an. N
1541 2823 1580 2875 e9
1528 2867 1587 2919 er
1524 2913 1579 2961 ge¬
1521 2949 1584 3004 agt
1525 2992 1580 3041 den
1532 3037 1581 3085 res
1534 3079 1588 3133 r
1528 3123 1580 3170 är¬
1521 3164 1596 3217 ten
1513 3205 1576 3263 rge
1526 3242 1593 3305 un¬
1524 3301 1591 3356 up¬
1862 3905 2790 3976 Elisabeth Bergner in „Fräulein Else“,
1534 3989 1580 4032 er
1662 3968 2983 4048 einem Poctie-Film, der unter der Regie von Paul Czinner nach der
1528 4026 1577 4072 sen
1783 4022 2848 4102 Novelle von Arthur Schnitzler gedrcht wurde (Capitol)
1529 4065 1597 4125 ab
