3392 4256
487 94 1169 159 Fraeulein Else
1347 96 1674 179 box 5/1
319 94 1158 207 31.   enenenenen
768 956 1356 1040 Dr Max Goldschmie
771 1026 1368 1083 Büro für Zeitungsausschnitte
585 1064 850 1127 BERLIN N 4
1139 1070 1542 1127 Telefon: Norden 3051
1022 1250 1427 1344 Prager Cugblatt
1033 1398 1350 1488 8 Jan 1923
858 1501 1252 1588 Fräulein Eise.
621 1557 1496 1641 (Vor Arthur Schnißler. Paul Zsol##iy Verlag, Wien.)
629 1593 1517 1690 Der Name des Venfassers allein würde den Saison¬
585 1662 1513 1722 erfolg begründen. Nie war seine Kunst verfeinerter
596 1695 1511 1767 alls in dieser kleinen Novelle, die trotz ihres knappen
585 1733 1499 1806 Umfanges uns die grausame Tragik eines Monschen¬
601 1775 1501 1840 chicksals mitfühlen läßt. Schnitzler ist auch in „Fräu¬
589 1814 1510 1878 lein Else“, dem Typus des „süßen Mädels“ treu
586 1852 1495 1915 geblieben. Fräulein Else ist eine Wienerin, sie ist
586 1883 1500 1963 jung und anmutig, schön, graziös. kleidet sich mit
591 1932 1497 2001 echtem Wiener Schick und alle Männerangen ruhen
592 1970 1501 2038 auf ihr. Sie scheint für Liebe und Glück bestimmt,
576 2011 1493 2075 allein das Schicksal, in seinen unberechenbaren Tücken,
585 2043 1503 2121 hat sie dem Untergange geweiht. Das Schicksal ist in
580 2083 1488 2155 diesem Falle die Familie Ein Vater, der ein genialer
585 2120 1491 2198 Rechtsanwalt, in leichtsinniger Weise Mündelgelder
582 2161 1490 2227 amn der Börse verspielt, eine beschränkte Mutter, ein
577 2198 1483 2276 Bruder, der eigene Woge geht. Ein dekadentes
575 2236 1490 2323 Milieu, nach außen scheinbarer Glanz bei inne¬
883 2293 1121 2365 W
580 2363 1494 2416 rem Zerfall, ein Milieu, das die so empfind¬
593 2404 1418 2450 ame Seele des kleinen Mädchons vergiftet.
579 2440 1264 2480 daß sie wuamstichig und krank wird,
1277 2435 1499 2493 ich dem An¬
589 2472 1491 2534 turm, der über sie hereinbricht, nicht gewachsen zeigt
579 2520 1484 2568 und zugrunde geht. In einem Hotel in San Martino
580 2553 1496 2601 die Castvozza, in einer wunderbaren landschaftlichen
585 2597 1487 2646 Umrahmung, hat sich ein junges, schönes Mädchen
582 2637 1487 2681 mit Veronal vergiftet. Man liest es eines Tages in
573 2669 1489 2717 der Chronik der Zeitung, man liest es mit tiefom
573 2710 1489 2761 Bedemern, denn es handelt sich ja um ein blühendes
585 2745 1497 2799 junges Menschenloben, denkt an törichte unglüchliche
578 2788 1484 2838 Liebe und acht zu anderen Nachrichten über. Schon
583 2824 1485 2878 bei der nächsten Seite hat man das traurige Ereignis
577 2867 1494 2911 vongessen. Nicht so der Dichter! Ihm wird der tragi¬
579 2898 1496 2951 sche Selbstmord des armen jungen Mädchens ein
578 2938 1493 2984 persönliches furchtbares Erlebnis. Er vermag sich von
586 2977 1490 3032 dom Findruck, den diese Nachricht auf ihn übt. nicht
581 3017 1489 3066 so rasch los##lösen, er muß über sie nachsinnen, seine
583 3055 1490 3105 dichterische ##tion verrät ihm Zusammenhänge,
584 3091 806 3143 die seine Ph¬
880 3101 1491 3146 e zu einem Drama formt. Und im
572 3128 789 3182 komentriert¬
861 3129 1489 3183 ihmen einer kleinen Novelle liest
581 3169 768 3221 man damn
889 3169 1501 3217 Drama von atemraubender Span¬
585 3208 763 3253 ing, das
863 3207 1484 3263 em tragischen Tode der Hau#n, der
584 3246 753 3300 gleicheeitie
851 3247 1499 3291 Ende der Handlung ist, seinen Höhe¬
578 3285 752 3335 punkt er##
1190 3287 1454 3340 Dora Münch.
936 3308 1521 3392 AlinaiAIHHWTsse
2300 217 2889 289 Dr. Max Goldschmielt
2301 278 2887 349 Büro für Zeitungsausschnitte
2108 307 2374 382 BERLIN N 4
2659 337 3064 394 Telefon: Norden 3051
2422 397 2755 466 Husschnitt aus:
2277 440 2905 527 Berliner Börsenzeitung
2721 597 3097 711 27. Jan. 1925
2400 735 2762 852 Büchertisch.
2357 835 2806 911 „Fräulein Else“.
2256 897 2918 964 Novelle von Arthur Schnitzlen¬
2152 952 3107 1009 Schlichter kann ein Buchtitel nicht sein: „Fräulein
2075 985 3099 1050 Else". Mehr kann auf 136 Oktao-Seiten nicht von innen
2075 1031 3097 1092 herdargestellt werden, als in dieser neuesten Novelle von
2070 1072 3109 1119 Arthur Schnitzler (Paul ZsolznayVerlag, Wien—
2068 1107 3105 1171 Berlin.) Ein rührendes Mädchenschicksal, eine Tragödie von
2065 1152 3108 1202 mabwendbaver Konsequenz, ein wundervolles Meisterwerk
2071 1191 3093 1245 der deutschen Sprache, — das ist „Fräulein Else“. Was sehen
2074 1230 3090 1284 wir? (Denn es muß gleich gesagt werden: die Worte sind
2072 1261 3095 1310 hier nur ein Leitfaden durch das Sichtbare; mit ung aub¬
2067 1299 3101 1356 licher Kunst sind hier innere und äußere Vorgänge durch
2074 1338 3104 1395 die Suggestionskraft der Beschreibung, der Fühlbarmachung
2072 1376 3100 1436 so gestaltet, daß wir sie lebendig fühlen, daß wir sie deutlich
2074 1416 3103 1477 ehen bis zu einem Grade, der uns auf Idee kommen läßt,
2071 1456 3100 1516 diesem Mädchen zu helfen.) Was sehen wir? „Fräulenn
2065 1492 3105 1557 Else“ ist eie Neunzehnjährige aus guter Familie in Wien,
2069 1531 3100 1586 deben Vater ein hochbegabter Advokat, durch seinen Leicht¬
2069 1568 3103 1620 sinn das Glück seiner Familie immer wieder gefährdet.
2066 1607 3092 1668 Fräulein Else befindet sich mit Verwandten in einem
2061 1649 3100 1700 Hotel in den itallienischen Alpen. Tagtäglich ist ihre junge,
2061 1691 3087 1744 reine Schönheit Brennpunkt der auf sie gerichteten Blicke
2059 1721 3090 1781 der lüsternen Herrenwelt. Und an dem Abend, an dem
2057 1757 3104 1818 diese Geschichte abzuspielen beginnt, wird „Fräulein
2057 1799 3097 1856 Else“ von ihrem Geschick ereilt: ein Brief der Mutter klärt
2065 1835 3101 1898 sie darüber auf, daß der Vater Mündelgelder verspielt habe,
2056 1876 3091 1933 daß in zweimal vierundzwanzig Stunden, 30 000 Gulden
2068 1921 3090 1974 in Dr. Fiala zu zahlen seien, daß andernfalls der Valer
2057 1952 3099 2020 verhaftet würde, — kurzum: Else möge noch in dieser
2065 1991 3091 2043 Stunde mit Hern von Dorsday, dem reichen Kunsthändter
2063 2028 3089 2088 sprechen, einem alten, der zufällig auch in dem Gebirgshotel
2064 2073 3089 2128 mwesendem Freund der Familie „der doch schon mehrfach
2058 2104 3093 2165 in Notfällen Hilfe geleistet habe... Ueber Else stürzt der
2061 2141 3101 2204 Himmel zusammen. Ihre jungen, klugen Gedanken kreisen
2062 2186 3092 2234 wie irr um diesen trostlosen Brief der Mutter, dessen
2057 2219 3091 2272 Wirkung bald darauf noch durch ein Telegramm verstärkt
2053 2264 3105 2307 wird: nicht 30 000 sondern 50000 Gulden seien nötig, sonst
2059 2298 3092 2349 habe Dorrdays Hilfe keinen Zweck. Auch gut. Aber
2061 2341 3092 2390 zwischen dem Brief und dem Telegramm ist Else in einem
2055 2378 3101 2437 hoffnungslosen Abgrund gesunken. Sie hat mit Dorsday
2057 2420 3091 2469 gesprochen und dieser hat zugesagt, — under einer Bedin¬
2052 2454 3088 2505 gung: „Je vous désire“ ... Und er hat, als sie sich von
2060 2488 3095 2547 ihm abgewendet hatte, seine Bedingung gemildert: er wolle
2061 2530 3092 2572 ne lediglich eine Viertelstunde lang in der Schönheit ihres
2049 2567 3081 2619 nackten Körpers sehen... Stunden der Qual vergehen;
2061 2604 3079 2653 ndlich ist Else entschlossen: sie wird die Bedingung des
2056 2636 3081 2700 Herrn von Dorsday erfüllen, — der Vater muß gerettet
2058 2683 3096 2727 werden —, aber sie wird diese Bedingung in ihrer Art
2053 2717 3083 2781 erfüüllen. Und so erscheint sie denn nach dem Souper im
2053 2750 3023 2818 Marsitsalon, nur in ihren Abendmantel gehüllt, den sie
2062 2799 3077 2852 inter den Klängen des „Carneval“ von Schumann — vor
2055 2837 3076 2883 den bestürtzten Gästen und also auch vor Dorsday, aus
2050 2866 3071 2930 einanderschlägt. Man glaubt an einen hysterischen Anfall
2051 2904 3083 2969 sie sinkt wie bewußtlos ihrem Vetter in die Arme; aber sie
2048 2946 3084 3007 ist nicht bewußtlos, sie ##t alles mit klarer Ueberlegung
2045 2984 3075 3038 getan, sie ist auch durchaus vei Sinnen, als man sie nun
2057 3025 3082 3081 vie eine Schwerkranke auf ehr Zimmer trägt; und dort
2043 3060 3080 3127 tvinkt sie in einem unbewachten Augenblick eine Veronal¬
2045 3097 2697 3157 lösung und entschlummert allmählich,
2730 3107 2967 3157 — für immer.
2123 3134 3081 3196 Ein ganz herliches Buch, noch mehr fast durch seine
2053 3172 3080 3240 Form, als durch diesen besondoren Fall eines Schicksals,
2054 3221 3080 3274 essen Davstellung uns widerstandslos in seinem Bann
2049 3258 3069 3316 zwingt. Die Form aber ist die der von Minute zu Minute
2046 3295 3081 3354 genau in allen Einzelheiten fortschreitenden Niederschrift
2049 3337 3079 3391 der inneren Bewegung dieses Mädchens. Sie erzählt nicht,
2049 3374 3070 3424 im Ton des Tagebuchs etwa, sondern der Dichter, der sich
2042 3408 3064 3459 mit genialer psychiologischer Fühlsamkeit in ihr Gemüt
2037 3444 3067 3501 hineingelebt hat, berichtet jegliche Phase der Bewegungen
2050 3486 3063 3543 ieses Gemüts, die nur selten von kurzen Gesprächen nicht
2047 3520 3068 3576 einmal unterbrochen, sondern lediglich gestützt und unter¬
2042 3567 3073 3619 malt werden. Ein unendlich veifes, überlegenes Werk des
2040 3601 3061 3656 großen Menschenkenners, des Psychiologen und immer
2045 3640 3069 3693 wieder bewunderenswert zartsinnigen Dichtrs; man soll es
2044 3672 3059 3735 esen und nochmals lesen, — aber man soll nicht mehr
2040 3711 3065 3772 darüber sagen als notwendig ist, um die Besondenheit dieser
2038 3752 2900 3802 Dichtung aus dem Allgemeinen herauszuheben.
2736 3792 3018 3856 Hans Tessmer.
