3248 4256
905 83 993 166 0
1153 101 1595 170 -
862 154 1616 202 lighthearted flirtation, the mock and almest
863 203 1605 254 passionless intrigue of the Hapsburgs’ capi¬
865 241 1603 288 tal—che longer plays, such as Dr. Bern¬
857 279 1609 331 hardi,? which showed Schnitzler both as
869 320 1610 359 octor—his original profession—and as se¬
863 356 1606 410 rious protester against what he conceived
860 398 1613 464 to be political jobbery—these no longer
859 446 1607 489 sparkle so brightly, fer they Have ceased
868 494 1607 545 tobe a mirror and have become an his¬
866 528 1615 575 torical picture, and at that a picture to
865 570 1606 631 which the youngest anlong us may well
859 606 1109 664 require a key.
895 640 1607 706 But if the Vienna of before 1914 no
859 688 1604 750 longer serves Schnitzler as subject for effect¬
864 735 1608 787 ive drane, human beings reinain, also the
864 787 1607 834 artist’s amazing technique, more and more
864 817 1613 874 directed, in the last ten years, to the art in
870 858 1611 907 which, in our opinion, he will go down
858 901 1610 948 to posterity, the art of prose-fiction."Fräu¬
860 938 1611 984 lein Elsc'’ is the latest example of this side
864 980 1609 1034 of his genius, a short story which you may
854 1029 1607 1069 put side by side with“Un Coeur Simple'
862 1066 1607 1114 and not regret the comparison, after mak¬
864 1108 1607 1159 ing allowance for the difference in the
861 1147 1615 1202 genint of the two languages. This apart,
861 1197 1609 1244 the technicel mastery, the superb economy
866 1231 1615 1277 of words, the perfect unitv of form, the
864 1272 1610 1322 illusim of vitality of boch works stand
869 1313 1615 1368 practically on an equality. Fräulein Else
858 1357 1631 1418 is a young girl, staying at a fashionable
866 1396 1619 1444 hotel in the Tyrol. In a hundred or so
858 1443 1618 1494 pages of monologue—the sustaining of
872 1477 1616 1533 which shows Schnitzler, the constructor, at
860 1516 1617 1579 his best—she tells us all about herself, her
862 1559 1616 1619 family, her emotions, her outlock on life,
872 1601 1615 1650 her criticism of her environment. Her
858 1650 1615 1700 parents are wealthy, but she has scen through
872 1685 1611 1735 them, through the inctability of her father,
862 1722 1623 1774 the indulgent weakness of her mother. And
873 1767 1619 1827 when she hears that her father will be
870 1812 1615 1865 faced with imprisonment—he is a lawyer
860 1858 1610 1904 and has used his client’s money—unless a
867 1891 1617 1948 large cum is secured in a few days, it is
863 1937 1607 1993 nothing less than we expected. Her mother
861 1979 1616 2021 asks her to obtain it from Herr von Dors¬
868 2022 1619 2072 day, a friend of the family who is staying
870 2062 1616 2118 in the same hotel. Vielding to an access
872 2104 1615 2156 of generosity toward her parents, crushing
873 2132 1616 2193 out her love for her cousin, which she feels
871 2187 1619 2238 this step will compromise, she asks Herr
874 2226 1614 2272 von Dorsday for the money. He will give
877 2273 1617 2325 t, but only at a price—she mutt come,
867 2307 1621 2355 Monna Vanna-like, to his room or to che
874 2354 1614 2406 forest, where he will feast his lustful eyes
868 2395 1614 2445 upon her. She promises, but in desperation
906 2435 1625 2482 for this is the end of her vouthful dreams
876 2478 1628 2534 of happy lovemaking—prepares a dose of
886 2520 1622 2573 veronal. She comes down in search of
874 2558 1627 2608 Dorsday; the orchestra- is playing Schu¬
874 2597 1632 2651 mann’s“Carneval''; slie faints, and falls as
876 2641 1633 2686 dead, a sensational scandal. She is brought
881 2686 1632 2739 to her room by friends, but manages to
879 2723 1635 2772 secure the veronal. And so this intense
886 2769 1634 2819 little drama ends, carried throngh practical¬
885 2811 1631 2860 ly entirely in the words of its chief figure.
891 2854 1628 2909 Vet what a world of viciousness, weakness,
886 2893 1639 2941 futility, and pitiful sacrifize of youth we
880 2931 1635 2988 are allowed #to see, through her eyes.
878 2978 1639 3034 Schnitzler has never written anything to
889 3020 1640 3063 surpass this, and there are very few short
885 3059 1642 3114 stories in the world’s literature we should
885 3097 1287 3158 care to place above it.
1046 3178 1481 3268 Foreign Notes
935 3260 1641 3328 Two plays that have recently made their
886 3311 1640 3359 appearance are interesting not alone as
888 3353 1634 3405 dramas but as obiter dicka, as it were, on
893 3398 1639 3450 the recent history of the Central Empires.
886 3482 1636 3535 rung' (Berlin: Fischer), a comedy in its
887 3526 1641 3575 author’s accustomed vein, is also a portrayal
888 3559 1631 3610 of Vienna in the weeks immediately pre¬
886 3606 1641 3651 ceding the war, after the issuance of the
893 3645 1637 3694 ultimatum to Serbia, and as such acquires
895 3689 1641 3736 significance as a reflection of the mood of
892 3728 1639 3776 the Austrian nation in the fatal days before
894 3772 1635 3822 the onset of the world struggle. Ludwig
889 3813 1639 3868 Fulda's Die Gegenkandidaten' (Stutt¬
883 3846 1643 3920 gart: Cotta'sche Buchandlung Nachfolger),
1731 152 2431 203 Under the editorship of Guido Adler the
1685 191 2431 253 Frankfurter Verlagsanstalt has just issued
1683 242 2436 291 a stout volume, entitled“ Handbuch der
1687 278 2430 326 Musikgeschichte,? which should prove of
1693 317 2433 366 great value to all students of music. The
1691 362 2437 410 book is a history of its subject, dealing
1683 402 2433 455 not with personalities but with develop¬
1691 445 2434 483 ments, and its various chapters have been
1687 483 2437 528 contributed by authorities in their different
1690 522 2439 564 Gelds. It covers the annals of music from
1687 567 2323 624 the carliest times to the present day.
1995 610 2123 655 * *
1719 643 2441 709 A book that should command the attention
1686 692 2431 749 of workers in the mediaval field has just
1687 741 2433 790 made its appearance in R. Menendez Pidal’s
1692 778 2439 826 Pocsia Juglaresta y Juglares' (Madrid:
1683 824 2437 869 Revista de Filologia Espafiola). The book
1682 866 2440 909 deals entirely with the Spanish juglar, the
1683 903 2435 969 singer and musician. It is characterized by
1686 948 2440 995 broad and understanding scholarship, sub¬
1693 986 1985 1046 tlety, and humor.
1996 1023 2037 1074 *
2038 1029 2122 1076 *
1734 1064 2435 1127 In the second number of Commerce, the
1690 1119 2435 1157 new periodical, Léon-Paul Fargue protests
1701 1157 2435 1206 vith some vehemence against the literary
1692 1190 2435 1246 exoticism of his frien Morand, Giraudonx,
1685 1244 2435 1294 and Valery Larbaud, in whose novels and
1689 1281 2432 1338 short stories the sleeping-car and the big
1694 1323 2435 1366 caravanserai too often serve not only as a
1694 1366 2435 1415 background, but as the actual raison d’èire
1686 1406 2431 1462 of the whole work. The Ritz and Majes¬
1694 1451 2428 1491 tic hotels, he says, have becomedes bouil¬
1690 1486 2437 1539 lons de littérature diplomatique.Beware
1692 1536 2435 1587 of too many quotations in English, Italian
2151 1571 2431 1628 Vou make me
1693 1570 2144 1626 or Spanish,? he adds:
1694 1616 2434 1667 think of a hotel-porter pasting labels on
1693 1657 2437 1705 luggage. If the port de la Villette or
1692 1701 2431 1745 the Canal St. Martin were located in Venice
1697 1745 2431 1796 or Amsterdam, you would think them ad¬
1689 1788 2435 1830 mirable; hut von do not even know them.
1758 1830 2443 1881 ) Fargue aptly recalls that when he
1702 1833 1755 1882 *
1697 1874 2434 1917 wrote his Bateau Ivre,? Rimbaud, the boy¬
1691 1911 2296 1965 poct, had never scen the sea.
2007 1953 2130 2006 * *
1738 1991 2440 2055 In his“Hans Holbein d. J.: Zeichnungen?
1699 2035 2441 2098 (Basel: Schwabe) Curt Glaser has furnished
1691 2090 2440 2142 a study of the artist which is deserving of
1695 2130 2437 2180 high praise. Confining itself to the dis¬
1701 2175 2447 2223 cussion of Holbein’s drawings, it traces the
1696 2210 2447 2270 development of the artist’s genius, present¬
1690 2259 2444 2307 ing brilliant commentary on individual
1703 2308 2440 2355 works but never losing sight of the larger
1693 2336 2049 2396 aspects of its thesis.
1936 2527 2538 2620 Just Out—Nei
1973 2616 2536 2703 One of the best of livir
2079 2703 2548 2780 By the author of““
2079 2767 2532 2852 4 Seinging Tale
2093 2832 2555 2911 of piracy, smuggli
1924 2989 2434 3079 Tar
1912 3096 2603 3163 Packed with adventure, dre
1870 3142 2609 3214 tale sweeps the reader back n
1867 3198 2606 3260 tells the further adventures
1870 3249 2615 3333 chivalrous Ortho Penhale, wh
1865 3315 2605 3381 involve fierce sca battles in the
1873 3369 2619 3436 off the Cornish Coast, slave-rt
1923 3424 2327 3501 and lovemaking.
2085 3504 2477 3605 HIGH
2140 3595 2609 3657 Two Large Printings Be
2147 3695 2626 3776 Each, 82.00 at all
2549 3805 2628 3865 FR)
2044 3803 2284 3866 Publishers
