3248 4384
267 167 414 256 31.
458 172 1127 240 Fraeulein Else
1303 170 1643 262 box 5/4
477 210 535 280 1
693 576 791 649 ER
706 764 1078 877 4 NOV. 1928
475 908 1348 983 Jolelltadt rekonltruiert zeritörte Stadt.
393 973 1507 1050 Schuitzlers berühmte Novelle „Fräulein Else, die nun
311 1041 1510 1088 als nachste Novität in der Dramatisierung von Ernst Lothar im
310 1075 1499 1144 Theater in der Josefstadt mit Rose Stradner und Bessermann in
315 1128 1511 1178 den Hauptrollen herauskommen soll, spielt bekanntlich in dem
321 1173 1507 1227 italienischen ehemaligen Grenzort San Martino di Castrozza. Die
313 1224 1507 1279 Dramatisierung, die sich streng an die Novelle hält, hat naturgemaß
328 1279 1504 1340 auch diesen Schauplatz übernommen und zwar spielen die meisten
328 1332 1105 1381 Szenen in einem großen Hotel dieses Ortes.
398 1366 1508 1431 Bei der dekorativen Gestaltung dieses Werkes durch Prof. Haas
323 1418 1507 1481 in der Josefstadt muß nun darauf Rücksicht genommen werden.
328 1468 1502 1522 daß die Handlung sich noch vor dem Kriege ereignet, der Ort aber
336 1516 1516 1578 seit 1915 auf Befehl der österreichischen Heeresleitung dem Erd¬
334 1577 1514 1631 boden gleichgemacht wurde. So wurde auch das Hotel, in das
327 1621 1520 1682 Schnitzler die Handlung verlegt, völlig zerstört. Erst nach dem
329 1673 1240 1737 Kriege wurde der Ort ganz neu wieder aufgebaut.
410 1721 1519 1782 Dem Theater in der Josefstadt ist nun die Aufgabe gestellt,
336 1769 1517 1827 einen tetsächlich existierenden Ort auf die Bühne zu bringen, der
342 1821 1524 1878 ihm aber in nichts, außer in der Landschaft, gleicht. Man wird also
328 1862 1530 1930 San ##rtino di Castrozza so sehen, wie es vielleicht vor dem
341 1907 1521 1988 Kriege gewesen sein mag. Die hauptsächlichen Anhaltspunkte dafür
330 1966 1201 2024 sind aus der Novelle von Schnitzler zu schöpfen.
601 2267 1192 2369 UISAG (BUDAPEST)
402 2322 615 2424 Len: —
642 2352 1280 2505 MRIS mas nos 17.
418 2441 744 2528 Megielent:
451 2517 1203 2617 Feteput d romoddolt
435 2601 654 2692 udros
715 2614 1210 2715 — a szinpadon
465 2678 1253 2760 Erdekes Idigfetezést feladat elé dllilja a
428 2732 1250 2815 Theater in der Josefstadt-ot legkörelebbi ui¬
421 2779 1238 2841 donsdga.yk: 4 darab Schritzter hires elbesté¬
422 2816 868 2893 lesenck, i6: Kten
937 2831 1242 2890 nak stinpadi
426 2854 1249 2919 vältozala, amelget Ernst Lothar dramatizält s
421 2901 1250 2961 umeignek föszerepeit Rose Strudner és Alber!
421 2928 1237 3002 Bassermann jätsstdk, Schnitzler elbeszélésé¬
417 2973 1242 3042 nek stinhelge a Dolomilokban jekoö Son
428 3007 1242 3080 Martino di Castrozza, amelg a vildghüborn
415 3044 1247 3121 e15tt — amikor Dél-Tirolnak ez a réste még
426 3092 1247 3159 oszträk terület volt —, hires üdülöhelg volt
412 3124 1238 3199 mür. A hdboruelötli San Marlini di Castroszat
412 3165 1238 3231 aronban & bilägndborn folhamen, 1915-ben ar
421 3203 1242 3272 bszträk hadberetöseg parunesdra stratégini
414 3240 1239 3310 okokböl feljesen rombadöntöttek.
407 3278 1240 3344 log elpusztult a: a szälloda is, amelyben
412 3318 1240 3384 Schnitzler meséje bongolédik s a häborn utdn
412 3361 1233 3418 e#en d heigen telsesen uj värost epitettek fel.
414 3399 1234 3468 A Theater in der Josefstackt, amely a lehetö
405 3431 1231 3504 legteljesebb hüseggel akorja stinrehorni a da¬
411 3475 1235 3543 rabot, most tehdt aszal a feladattal birközik,
408 3508 1220 3582 hogg a valösägban nem léte:6 helg¬
408 3553 1223 3614 séget dbrdtoljan a stinpadon, amelynek
410 3588 1234 3657 asonban md mär csak a tdjképe vdltozatlan.
411 3622 1232 3697 A darab diszleteinek tervezöje Prof. Hads.
410 3670 1227 3736 ugy iggekszik megoldant a nehér problémät,
401 3700 1217 3771 hogu d heigszinen végzett kutatäsainak és a
398 3739 1221 3811 Schnitzler-elbeszélésben magüben toldlhato
401 3784 1221 3851 utaläsoknak egybevetése alapjan épili fel ujra
400 3818 1226 3890 a szinpadon a pildghäboru förgetegében el¬
397 3863 1222 3951 pusztulf San Martino di Castrosta credeg
401 3891 517 3950 kepdt.
1938 747 2345 848 Heilkräftigste
1946 834 2714 926 Radiumtherme der Well!
2170 946 2722 1016 Verlangen Sie Prospekte
2163 1009 2712 1078 von der Kurkommission!
2170 1181 2681 1291 „OBSERVER
2168 1291 2703 1357 Erstes österreichisches be¬
2177 1346 2707 1413 hördlich konzessioniertes
2178 1394 2478 1457 Unternehmen
2172 1441 2711 1514 für Zeitungsausschnitte
1944 1493 2131 1569 WIEN,
2160 1530 2202 1570 e
1945 1560 2217 1627 Wollzeile 11
2218 1549 2720 1645 * Telephon R 23-0-43
1928 1698 2271 1776 Ausschnitt aus
2200 1744 2690 1875 Das Echo, Iion
1931 1848 2065 1905 vom
2281 1864 2559 1963 23.HOV
2615 1880 2711 1961 38
2091 1961 2768 2023 —
1956 2023 2774 2123 Von der Landwirtschaft
2092 2106 2623 2205 auf die Bühne
1950 3331 2749 3394 Kaspar Brandhofer, der neue Helden¬
1955 3386 2761 3432 darsteller des Theaters in der Josefstadt,
1952 3429 2758 3477 ein gebürtiger Tiroler, warbisher als
1951 3464 2755 3512 Landwirt tätig. Max Reinhardt hat Brand¬
1950 3503 2757 3551 hofer „entdeckt“ und nun spielt er in der
1948 3548 2754 3594 von Hofrat Lothar dramatisierten Novelle
1946 3582 2770 3644 Schnitzlers „Fräulein Else“ die Rolle des
2262 3623 2467 3690 „Dirstey“.
