3392 4256
308 98 438 187 31.
480 98 911 169 Fraeulein
958 99 1144 171 Else
1334 100 1665 197 box 5/1
659 809 1274 903 Dr. Max Goldschmiet
667 873 1265 959 Büro für Zeitungsausschnitte
487 904 744 977 BERLIN N 4
1024 941 1446 1004 Telefon: Norden 3051
779 1059 1018 1163 Frauhfun
1013 1245 1168 1332 8.Feh
958 1302 1064 1371 Ahiaen
728 1388 1229 1506 Vergleichungen.
736 1511 1214 1576 Von Bernhard Diebold.
417 1595 1522 1669 Schnitzler: „Fräulein Else“. Strindberg: „Fräu¬
407 1645 1526 1707 lein Julie“. Spitteler: „Conrad der Leutnant“. Stern¬
637 1698 1297 1781 heim: „Gauguin und van Gogh“.
480 1759 1524 1835 Mit „Fräulein Else“ (Verlag Paul Zsolnay, Berlin,
404 1803 1518 1881 Wien, Leipzig) hat Arthur Schnitzler eine Novelle geschaf¬
410 1859 1527 1912 fen, die an Kontinuität der Handlung, an Einheitlichkeit der
417 1905 1527 1959 Form und an Unverrückbarkeit des dichterischen Blickpunkts
410 1952 1526 2014 wohl in der ganzen Literatur nicht ihresgleichen hat. Der
414 1986 1522 2052 Referent ist sich des phrasenhaften Tonfalls dieses Satzes voll
409 2030 1522 2095 bewußt und er bemüht sich daher um den Nachweis: daß seine
408 2075 1527 2139 Worte nicht als Lobpreisungen, sondern als Feststellung und
425 2116 1527 2195 Tharakterisierung einer schlechthin bedeutenden literarischen
407 2153 877 2221 Tatsache aufzufassen sind.
479 2203 1516 2280 Folgendes geschieht in „Fräulein Else“. Sie hat das Un¬
404 2242 1519 2306 glück, bereits mit neunzehn Jahren den Trug der schönen Welt
408 2305 1531 2358 tief zu durchschauen. Sie kennt ihre Eltern besser als die Eltern
414 2338 1523 2404 sie. Sie erkennt die falsche Freundin, die Gier der Geschäfts¬
420 2384 1520 2446 leute, den Leichtsinn des Bruders, die Harmlosigkeit der Lieb¬
416 2427 1524 2487 haber. Sie ist aus guter Familie; aber die Familie steht vor
423 2476 1526 2521 dem Bankerott. Sie ist schön; aber von den drei paar Seiden¬
418 2511 1517 2567 strümpfen ist eines schon geflickt. Ohne jede Romantik sieht sie
418 2555 1521 2613 ihre Lage — die nach außen hin noch respektabel aussieht.
410 2597 1521 2663 Denn sie sitzt in einem Hotel in südlicher Gegend. Die reiche
409 2641 1529 2697 Tante hat sie eingeladen. Diese Lage aber wird plötzlich Be¬
409 2694 1521 2748 wegung. Ein Telegramm der Mutter zeigt ihr die drohende
412 2726 1527 2784 Verhaftung des Vaters wegen betrügerischer Geschäfte an.
412 2766 1523 2823 Else soll sofort den reichen Kunsthändler Dorsday um einen
415 2811 1524 2874 Kredit von 30000 Gulden — das nächste Telegramm schreibt
408 2859 1524 2916 50000 Gulden — bitten. Sofort. Sie überlegt alle Mög¬
409 2897 1525 2959 lichkeiten dieses Bittgesuches, ohne sie vor sich selber wahr
410 2941 1525 2998 haben zu wollen. Herr von Dorsday hört lächelnd von der Not
417 2985 1516 3041 seines Geschäftsfreundes. Gewiß: er wird die Summe schicken
415 3021 1521 3082 Aber jede Ware hat ihren Preis. Fräulein Else ist der Preis.
421 3071 1523 3120 Er will nicht das Letzte — der kluge Kenner sieht es Elses
419 3112 1527 3163 Augen ab, daß er das Letzte nie erhielte. Aber eines will er:
420 3158 1527 3224 er will sie nackt sehen; nur eine Viertelstunde lang; sei's auf
415 3199 1531 3265 der Waldwiese; sei's auf Zimmer 64, wo er schläft. Er will
414 3242 1518 3288 nicht drängen. Else erhält ein paar Stunden Zeit zur Ueber¬
416 3284 620 3338 legung —
644 3286 1528 3342 Da rest ein dämonisches Karussell von Ja und
417 3329 1516 3377 Nein, von Möglich und Unmöglich durch das arme Ge
409 3371 1529 3432 hirn. Sie schüttet zehn Tahletten Veronal ins Wasserglas,
1561 1371 2678 1436 Für alle Fälle. Der Vater wird sich töten oder sie wiro sich
1571 1420 2666 1478 chänden. Sie ist Jungfrau. Ach Gott, freiwillig würde sie
1555 1458 2667 1515 sich geben an Vetter Paul oder an den schönen Römer. Aber
1552 1508 2668 1552 an Dorsday' und für Geld? Nein, sie wird es nicht tun. Und
1553 1542 2443 1588 doch: sie wird es tun: aber vor allen Menschen.
2582 1552 2668 1604 Nackt
1559 1588 2664 1650 unter dem Mantel, wie Monna Vanna, steigt sie ins Hotel¬
1558 1627 2664 1682 Bestibül. Sie sieht Dorsday am Flügel stehen, den eine Künst¬
1555 1671 2667 1726 lerin meistert. Schumanns Carneval sprüht poetische Wehmut
1551 1714 2673 1774 in die schummerige Luft. Es wirbelt sie. Sie fällt, verwirrt
1557 1758 2662 1811 sich, der Mantel öffnet sich. Der Skandal und die Tat — sie
1562 1800 2662 1864 ind vollbracht. Man trägt sie aufs Zimmer. Sie greift nach
1553 1840 1795 1895 dem Veronal.
1613 1888 2667 1949 Diese Vorgänge huschen in rasche: Impressionen zerflattert
1562 1926 2662 1979 über die Seiten. Die Zeit ist nicht einen Augenblick erzählt.
1561 1968 2667 2031 Sie ist immer erleba. Eine einzige Kontinuität. Es ist
1561 2012 2665 2077 ein Intervall, in dem die Heldin nicht da wäre; wo ein an¬
1552 2054 2658 2123 derer die Zeit für sie einnähme. Wir können nicht einen Augen¬
1553 2097 2658 2152 blick mit der Lektüre innehalten, ohne unseren Blutschlag zu
1559 2141 2665 2203 stören. Die Zeit Fräulein Elses ist unsere Zeit. Form, Stoff
1560 2181 2660 2255 und Wir werden eine magische Einheit. Mit welchen Mitteln
1554 2225 2043 2291 vermochte dies der Dichter?
1626 2254 2661 2328 Die Einheitlichkeit der Form wird hier bereits ganz
1555 2304 2666 2374 äußerlich verkürzt, indem diese ganze Erzählung auf 135
1555 2352 2657 2412 Seiten einen einzigen Monolog des Fräulein Else darstellt
1566 2393 1625 2445 Es
1632 2408 2577 2463 reden ihr zwar ein paar unbeträchtliche Personen
2576 2405 2661 2460 ihrer
1554 2435 2666 2494 Umgebung gelegentlich dazwischen und ihr Gegenspieler, Herr
1552 2483 2658 2547 v. Dorsday, hat sogar einige sehr schicksalsträchtige Sätze in
1553 2521 2664 2588 direkter Rede vorzutragen. Aber all diese Außenstimmen wir¬
1562 2566 2667 2633 ken nur als Reflexe im Bewußtsein Fräulein Elses und bilden
1553 2612 2668 2664 mit der Hauptstimme ein kontrapunktisches Geflecht, einen
1555 2646 2656 2708 psychanalytischen Komplex, dessen Gedankenfäden sich immer
1558 2697 2658 2758 enger verwirren und verknoten: unlösbar bis zur Verrücktheit
1557 2738 2669 2819 des Gehirns und erst gelöst mit dem Tode seiner tragischen
1560 2775 1758 2833 Inhaberin.
1631 2824 2662 2886 Diese monologische Form konsequent durchzuführen be¬
1561 2864 2665 2931 durste es mehr als der nur ästhetisch formalen Absicht: Mono¬
1562 2909 2665 2966 log zu schreiben. Es bedurfte eben der Unverrückbarkeit
1556 2953 2659 3023 des dichterischen Blickpunkts im Zentrum des außerpersön¬
1559 2996 2583 3058 lichen Systems einer gestalteten Welt. Schnitzler zeigt
2614 3006 2660 3054 ein
1559 3037 2654 3105 Fräulein Else inmitten des farbigen Badelebens eines süd¬
1568 3084 2670 3145 ichen Kurorts. Er hätte die Möglichkeit — und ein geringerer
1553 3127 2656 3187 Könner spürte die Versuchung — neben der Hauptperson auch
1555 3167 2653 3233 noch Milieu zu schildern; und dies Milieu mit einem bunten
1565 3209 2657 3271 Personal zu beleben, das der Meister des Dialogs mit Leichtig¬
1557 3253 2662 3313 keit in schönste Konversation versetzt hätte. Aber Schnitzler
1568 3301 2664 3362 verdrängt die Zwiegesprächigkeit des Dramatikers durch die
1561 3338 2668 3403 Einstimmigkeit einer tragischen Melodie. Keine Realitäten
1564 3381 2670 3459 ind hier außerhalb des seelischen Bewußtseinzirkels seiner
2702 1377 3344 1439 Monologistin gestattet. Wohl erfa
2699 1430 3289 1484 ganze „Milieu" und Personal:
2705 1455 3331 1515 Hotel, Berg, Nacht, Musik und de
2707 1514 3337 1566 Seele. Aber alles das ist nur die
2704 1550 3336 1609 Elses Herz, Gehirn und Auge. Wi
2702 1595 3328 1653 eigenwilliger Anarchie gegen Natur
2715 1640 3344 1690 chen ihrer Umwelt nur noch als Re
2701 1682 3347 1730 Ichs zurechtschufen, sodaß so manche
2708 1728 3335 1768 Monolog des Dichters gelten dur
2708 1767 3338 1816 Seele mit verteilten Rollen sprechen
2702 1810 3341 1865 sein Fräulein Else zur „Expression
2691 1846 3289 1909 Welt gültig als die Welt ihrer
3288 1854 3331 1899 6
2703 1897 3339 1946 vieles außerhalb ihres Machtbereich
2703 1937 3331 1983 Opfer als Held. Jedoch sie leistet si
2695 1977 3323 2032 Menschen ihrer schwachen Vitalität
2706 2025 3339 2083 1es, ein selbstgeformtes Schicksal.
2695 2066 3341 2122 Schicksalsmasse nur das ihrer See
2693 2110 3335 2157 Kraft zu Bezwingende. Mit zehn
2695 2152 3330 2214 das Chaos ihrer Welt in Harmonie
2697 2195 3243 2249 es keinen anderen Weg für sie
2760 2230 3348 2284 Indem Schnitzler die epische A
2696 2271 3319 2323 stellte er sich mit unverrückbarem
2690 2322 3329 2378 Welt dieses jungen Mädchens Folg
2695 2367 3343 2421 ziationen bis ins Unlogische. Spr
2694 2407 3321 2451 ersten geringfügigen Plauderei bis
2703 2445 3326 2502 Freunden und Verwandten, die sch
2702 2502 3341 2547 en des Namens Else die letzte Rel
2695 2535 3293 2582 der Sterbenden anklingen lassen.
2700 2577 3351 2637 Er stirbt wirklich in ihr. Sein Ich
2705 2603 3343 2679 st kein Expressionist, der sich in seine
2693 2662 3269 2728 liert. Er ist objektiver Gestalter
2703 2707 3333 2772 nebischen Punkt, von dem aus er
2692 2743 2910 2801 wegen will.
2745 2768 3346 2848 Die schriftstellerische Technik die
2697 2817 3323 2894 und daran erkennt man im späten
2691 2872 3331 2942 aus der er stammt — ist naturalist
2703 2919 3311 2978 Dauer fast nicht mehr symbolisch
2696 2963 3334 3022 Reden und Gebanken Elses entspr
2691 3008 3339 3060 lichen Zeitdauer ihrer Wirrsal. Dah¬
2692 3049 3321 3107 holungen und Variationen gleicher
2702 3094 3336 3150 prünge, die aher ihre psychologist
2702 3139 3337 3190 Der Seelenarzt und Psychanalytiker
2694 3183 3336 3242 und sein Studium am Menschen. In
2703 3223 3321 3280 indet der Beobachter die scheinbar
2697 3267 3323 3323 legungen im Trubel des Gehirns.
2694 3309 3336 3361 denkt sie an die Wahl der Abendtoil
2701 3349 3338 3407 abilen Zustands wird die Monat##
2695 3405 3333 3466 mit herangezogen. Die weiche Stim
