3248 4192
257 2917 312 2965 H¬
247 3097 318 3165 en¬
265 3151 326 3213 ie
257 3219 323 3266 ge
103 10 947 84 31. Fraeulein Else
1128 12 1494 109 box 5/1
448 263 1658 335 Arthur Schyitzler. — FradleinElse. Noneile. Paul Szol¬
408 316 1262 390 uag, Berlin-Lripzig-Vienne, 1924, 136 p., isr-12).
165 349 287 466 24
458 401 1651 458 Gest une nonvelle extremement ernelle, dans sa donnce et dans
420 455 1657 503 son issue, mais enveloppée de l’atmosphère brillante et frivole
174 462 249 558 6.
420 502 1648 556 d’un hôtel elegant, l’ete, dans les Alpes autrichiennes. Contraste
424 547 1651 603 que Schnitzler excelle à peindre, accidents psychologiques dont i1
162 551 272 631 70
419 593 1658 649 est le elinicien averti. Un drame bouleverse l’äme d’une jenne
412 631 1645 679 fille, dont le pere, avocat eclehre mais verenx, prétend eynique¬
414 678 1650 730 ment se servir pour obtenir d’un millionnaire un pret important.
179 671 257 766 %
412 721 1650 772 destiné à couvrir des malversations inavouables. Dans ectle vie
409 765 1650 817 futile — tennis, toilette, flirt, promenade et concert — la malhen¬
410 813 1651 860 reuse enfant est obligee de dehattre seule avec elle-meme, et de
412 859 1656 905 resondre en quelques heures une demarche qui la terrilie d’avance,
412 903 1647 948 Eien quselle n’en prévoie pas au juste tontes les conséquences. Mais
415 944 1650 1001 la lettre de sa mère fait redonter un coup de désespoir si le
417 986 1658 1047 secours devait tarder. Le procéde du monologue interieur, deja
418 1034 1646 1087 emplogé dans le Zeutnont Gustl, est iei tout à fait de mise. Nous
415 1084 1657 1132 assistons, heure par heure, anx fluctuntions de cette äme encore un
192 1161 1428 1226 pen enfantine, en qui se combattent Pamour filial, la pudeur, la
196 1215 1420 1266 coquetterie, Ia prudence, une curiosité à demi naive et la vivacite
185 1265 1420 1313 bondissante de son äge. Nous suivons, pas a pus, le ravage que
191 1302 1411 1356 produit en elle cette violente emotion refonlée, jusqu'a in cntas¬
192 1351 1425 1398 trophe finale, erise de grande hystérie et suieide. Fraülein Eise
186 1389 1425 1438 offre, en meme temps gb'ane attachante einde de psychanalyse, le
188 1444 963 1501 scenario d’un drame inegöräble et rupide.
1015 1468 1386 1555 Cienevieve Biayovis.
1290 1879 1366 1955 Da
257 1897 303 1973 9
338 1893 602 1991 Fräulein Eise.
1303 1948 1359 2011 #
431 1946 1244 2023 Von Arthur Schnitzler. Erschienen im
1296 2004 1328 2058 e
356 2023 1237 2074 Verlag Paul Zsolnay, Wien. In diesem
351 2063 1237 2132 Werke hat sich der berühmte Dichter selbst
359 2118 1230 2183 bertroffen. Noch mie gelang ihm, einen
349 2171 1229 2227 solchen Ton der Secle anzuschlagen #ir hier.
1286 2184 1375 2273 pub
1158 2217 1227 2271 20
359 2211 1159 2281 edes Wort kommt vom Herzen und 65
1294 2261 1367 2316 ges
345 2260 1013 2331 Herzen, erheitert und erschüttert
351 2298 1235 2366 laufe der bunten Begebenheiten. Das Seelen¬
1294 2356 1374 2413 teue
351 2367 1240 2432 gemälde des jungen Mädchens, das diesem Bu¬
350 2412 1238 2484 che zugrunde liegt, ist ein titerarisches Mei¬
358 2457 1228 2522 sterwerk! Schnitzler schildert in schlichten,
1291 2501 1369 2555 Das
352 2516 1244 2568 fesselnden Worten die Tragik eines jungen
1291 2552 1369 2611 und
357 2559 1241 2612 Mädchenschicksales, die Kämpfe einer kaum
1290 2596 1394 2661 phiel
350 2604 1239 2656 erblühten Blume, die von den Stürmen des
1286 2653 1395 2707 küns
484 2651 1248 2726 ##bermberzio zerzaust und geruttelt
646 2703 1257 2826 N
368 2824 1246 2909 und schließlich ganz geknickt wird. Sehr ori¬
362 2891 1259 2960 ginell und besonders wirksam ist die neue
367 2925 1252 3007 Stilführung, deren sich der Dichter bedient.
363 2981 1253 3054 Das Werk, das seit dem ersten Tage seiner
364 3031 1250 3095 Ausgabe reißenden Absatz findet, beweist wwie¬
376 3070 1253 3148 der, daß Schnitzler zu Recht als unser größ¬
372 3127 892 3207 ter Dichter gefeiert wird!
952 3082 1211 3232 n
1307 3163 1391 3246 10
371 3190 739 3268 Bücher über Italien.
2170 432 2723 521 die Rote Fahne, Berlin
2385 489 2739 612 25. Dez 1925
2166 674 2625 768 Bücherschau
2126 753 2665 852 „Fräulein Eise“*)
1902 840 2983 897 Arthur Schnitzler, der repräsentative Dichter der liberalen
1817 882 2976 933 Großstadtbourgeoisie=Oesterreichs schreibt eine Novelle aus dem
1815 918 2985 977 Milien der heutigen morbiden Finanzwelt, der zur Erholung
1815 959 2988 1017 von ihrer aufregenden Ausbeutungs, arbeit“ Sanatorien, Kur¬
1820 1005 2990 1054 hotels zur Verfügung stehen. Höhenluft für die Herren, Ge¬
1830 1041 2983 1095 stank eines dreckigen Hinterhofs für die Lohnempfänger. Es
1829 1079 2980 1139 st. fast billig, darüber zu reden. Aber es ist notwendig, immer
1819 1118 2985 1180 wieder von den „Erholungsstätten“ zu sprechen, die unsere
1821 1152 2981 1219 großbürgerlichen Dichter mit Vorliebe schildern. Als ob einen
1818 1195 2986 1261 nicht dann schon fremde Luft umwehte! Man liest einen Sutz
1877 1245 2977 1298 und schon beim Betreten der Schwelle ist man in einer ver¬
1817 1283 2071 1352 haßten Welt.
1897 1302 2992 1372 Schnitzler — nachgiebig, feinhörig, weich=impulsiv. Luxus¬
2226 1350 2980 1406 — ist ein brillanter Erzähler und raffi¬
1817 1363 2225 1422 regungen nicht fremd
1819 1395 2986 1451 nierter Techniker, er liebt seine Menschen und wärmt noch
1814 1444 2988 1491 das Blut seiner kalten Schufte; er überrascht durch kleine Züge,
1820 1476 2977 1536 die jäh einen ganzen Charakter enthüllen und Perspektiven auf
1823 1523 2987 1570 ein weites Leben eröffnen, mag es auch in Dämmerung ver¬
1824 1551 2982 1614 sinken. Er belebt die Umwelt, je intensiver eine seiner Per¬
1843 1594 2990 1650 onen in sich hineinlebt; und er ist sicher stärker als Thomas
1830 1636 2976 1692 Mann, weil „es“ ihm beschieden wurde, während jener „es“
1820 1684 2054 1746 ersessen hat.
1903 1689 2978 1776 Aber nicht davon ist die Rede. Man wundert sich nur
1817 1760 2983 1808 bei der Weite des Blickes für alle Regungen und Hemmungen
1824 1792 2982 1848 dieser Menschen über die bedrückende Enge des Horizonts der¬
1835 1829 2989 1884 elben Menschen, und diese Enge stammt wohl doch von ihrem
1822 1884 1998 1941 Schöpfer.
1909 1908 2981 1972 Else*) ist in einen für sie unlösbaren Konflikt verwickelt.
1819 1951 2981 2011 Es berührt sehr wohl, daß eine Frau ihre Nacktheit noch sehr
1816 1992 2984 2047 ernst nimmt und sie sich nicht abkaufen lassen will. Es berührt
1817 2041 2983 2084 wohl, und befremdet doch zugleich, und leise dämmert der Arg¬
1820 2077 2986 2133 wohn, daß Schnitzler am Ende doch durch die Schöpfung einer
2891 2119 2967 2162 **
1830 2117 2894 2165 solchen Figur auf großen, fast geheimnisvollen Umwegen
1828 2147 2982 2207 Moral ... predigen wollte. Scheu vor der Banalität, Furcht
1822 2190 2982 2247 vor dem Gewieher der Zeit trieben auf solche Wege. Aber auch
1821 2236 2349 2283 dies ist nicht die Hauptsache.
1896 2268 2983 2321 Weshalb kämpft ein solches Mädchen bis zur Sinnes¬
1829 2302 2984 2357 verwirrung darum, ob es sich seines Vaters wegen verkaufen
1836 2351 2977 2402 soll?! Es weiß, daß der Vater ein Halunke ist, es weiß, daß
1837 2393 2982 2442 der Vater auch nicht zu retten ist, wenn es sich „opfert“ es hat
1831 2409 2983 2478 Ekel vor der Welt, in der es lebt, es empfindet Widerwillen
1825 2475 2982 2520 gegen sein Luxusleben. Man wird nun vielleicht einen „Kom¬
1819 2500 2983 2562 plex“ wie es medizinisch, psychiatrisch heißt, konstatieren. Aber
1822 2552 2981 2596 ausschlaggebend ist doch der Widerwille gegen das Versinken in
1833 2585 2979 2632 Armut. Mit welchem Grauen denkt Else widerwillig an die
1835 2624 2978 2676 Vorstadtwohnung der Näherin in der Lerchenfelderstraße. Uns
2322 2657 2989 2719 das Schicksal des kapitalistischen
2199 2666 2325 2717 so
1840 2666 2201 2717 cheint, als wäre
1830 2707 2984 2752 Menschen, der Luxusdame besonders, in der ganzen Zwiespältig¬
2921 2740 2989 2788 sich
1821 2747 2916 2796 keit und hoffnungslosen Verlorenyeit gegeben. Sie können
1829 2784 2987 2835 nicht vom Besitz trennen und können nicht ohne ihn leben, sich
1834 2830 2977 2869 nicht ohne ihn das Leben überhaupt lebenswert vorstellen.
1831 2858 2986 2907 Sprengen sie den Bann der Familie, die sie aufs tiefste verach¬
1831 2899 2985 2947 ten? (in ihrer leichten Art, die nicht weh tut, und nichts
2237 2936 2989 2986 Für diese Menschen gibt es nur eine
1824 2937 2241 2997 ändert). Sie fliehen.
1828 2986 2983 3043 Lösung ihrer Qual: Veronal. Mögen andere in der Lerchen¬
1823 3017 2713 3074 felderstraße wohnen. Sie nicht — nur sie nicht.
1896 3060 2290 3114 Wo steht Schnitzler?
1902 3097 2980 3146 Die letzten Worte seiner Novelle lauten: „Ich träume,
2404 3135 2982 3182 Uns scheint sich in einer solchen
1829 3127 2232 3194 ich schlafe, ich schwebe
1831 3172 2977 3223 Novelle eindringlich, nicht aufdringlich, indirekt, nicht einmal
1836 3212 2980 3262 eicht faßbar, aber zuletzt klar sichtbar die Krise des kapitali¬
1831 3252 2983 3306 stischen Menschen zu enthüllen, der in seinen Kreis gebannt ist
1824 3296 2985 3340 unh nicht über seine Klusse hinauskommt; ehe er sie bekämpft,
1835 3330 2985 3384 sucht er lieber den Tod. Der alte Satz: „Lieber tot als Slav“,
2883 3371 2956 3436 kn.
1827 3377 2757 3443 gewinnt so einen besonderen und ironischen Sinn.
1888 3458 2718 3522 *) Arthur Schnitzler, Fräulein Else, P. Zsolnay, Wien.
