3296 4320
429 199 569 275 ule
653 199 932 275 Else
1096 187 1447 295 box 5/4
65 196 341 301 31.
257 193 757 316 Fras
307 917 1080 1007 „OBSERVER
379 999 1041 1062 I. österr. behördl. konzessioniertes
348 1046 1079 1103 Unternehmen für Zeitungs-Ausschnitte
420 1100 1015 1184 WIEN, I., WOLLZEHE 11
498 1163 950 1225 TEIEPHON R-23-0-43
295 1288 647 1382 Ausschnitt aus:
575 1351 1047 1445 Alnburger Veiksblat:
309 1515 421 1586 vom:
609 1498 870 1624 23.OEZ.
236 1715 302 1798 1
222 1759 1333 1838 über der Sensation, daß der Routinier Leo Reuß als
147 1838 1333 1891 große Fleißaufgabe den Bauernspieler Kaspar Brandhofer
159 1891 1327 1932 mnimte, hat man es im allgemeinen übersehen, oder auch unter¬
151 1937 1324 1998 lassen, der Aufführung des „Fräulein Else“ im Josef¬
156 1974 1328 2032 städter Theater jene Aufmerksamkeit zu schenken, die ihr ge¬
154 2033 1325 2096 bührt hätte. Zunächst beglückt es, nach längerer, allzu langer
155 2073 1334 2132 Pause wieder einmal einen Schnitzler auf der Bühne zu sehen,
157 2123 1327 2175 wenn auch indirekt, einen dramatisierten Schnitzler. „Fräulein
158 2173 1328 2227 Else“ ist eine Novelle, wie wir ihr in gleicher Eigenart kaum
157 2226 1324 2273 eine andere an die Seite zu stellen haben, eine bewußte, eine
149 2268 1335 2328 typische Novelle, und es ist wohl auch auf filmische Einflüsse
157 2316 1330 2374 zurückzuführen, daß man sich nun zur Dramatisierung (durch
155 2366 1328 2416 Ernst Lothar effektvoll besorgt) entschloß. Ob mit Recht?
148 2414 1321 2477 Jedenfalls mit Erfolg. Wenn auch anzunehmen ist, daß
161 2455 1322 2525 Schnitzler, dieser große Dramatiker, den Stoff in eine Novelle
137 2580 1340 2642 goß, weil er ihn als rein episch empfand, in seiner psychischen
141 2630 1332 2688 Extravaganz für die Bühne wohl allzu gewagt hielt. So ging
143 2677 1327 2738 es leider nicht ohne schwere Eingriffe ab: der Vater wurde
149 2724 1311 2777 aus einem Abenteurer und Spekulanten ein Verbrecher aus
150 2769 1312 2824 Menschlichkeit, (von Albert Bassermann erschütternd
152 2823 1319 2879 menschlich gestaltet), aber auch die Tante, Herr Dorsday und
149 2867 1313 2920 Else selbst hat man seelisch weit positiver ausgestattet. Wir aber
151 2915 1313 2973 bekennen uns zu Schnitzler, wenn wir uns zu seiner Novelle
140 2958 1320 3014 bekennen und zu dieser Aufführung, die in jeder Hinsicht höch¬
149 3011 1335 3068 stes Lob verdient. Von der Else Rose Stradners, wahrhaft
151 3065 1319 3119 mädchenhaft, wahrhaft dramatisch (unvergeßlich die chopin¬
146 3102 1329 3172 begleitete Szene, da sie, schon das Gift im Leib, in engelhaft
155 3159 1316 3214 überhöhendem Pelz die Hoteltreppe herabsteigt), von Reuß'
152 3201 1328 3262 Dorsday, der höchste schauspielerische Qualitäten offenbarte
203 3251 1319 3302 ein schweres, ein lastendes Spiel voll tragischer Hinter¬
156 3299 1314 3355 gründe, gleichsam ruckweise dynamisierend — bis zu all den
143 3349 1323 3405 mittleren und kleinen Rollen, die wieder beispielhaft gelöst und
147 3395 1314 3451 erfüllt wuren. Bühnenbilder und Regie (Hans Thimig) voll¬
151 3444 1320 3505 endet in dem Zusammenklang wie im einzelnen bis in Halb¬
148 3486 1330 3552 töne hinein. — Wir hoffen, in diesem Rahmen bald wieder
154 3536 1331 3614 einen Schnitzler, freilich aus erster Hand, vorgesetzt zu be¬
149 3591 328 3662 kommen.
1630 478 1795 551 Bladet:
1744 540 2139 637 Politinen
1616 769 2251 885 skriver den 2 6 DEC 1936
1732 917 2201 1049 Teatret
1601 1054 2326 1164 Könanigklade 1 Wiens, Teaterverden.
1785 1980 2138 2064 Arthur Schnitzter.
1631 2042 2336 2129 En af Vinterens Teater-Sensationer 1
1584 2112 2344 2189 Wien er Dramatiseringen af Arthur
1572 2166 2330 2214 Schnitaler. Novelle Froken Eise pas
1568 2214 2339 2274 Max Reinhardts Scene „Theater in der
1571 2261 2335 2326 Josefstadt“ For en otie Aar siden bler
1575 2310 2335 2366 den lille Monolog-Novelle filmet;
1576 2364 2340 2422 Schnitaler syntes selv, det rnislykkedes,
1583 2409 2335 2470 men den guddommelige Bergner spillede
1576 2453 2341 2523 jo Titelrollen hvad gierde det sas.
1581 2502 2335 2571 I Wien er der desvierre ingen Elisabeth
1584 2551 2333 2619 Bergrer som Freken Else, Forestillinger
1578 2598 2325 2669 mas itaa paa egne Ben og, det skal den
1585 2646 2342 2708 have lidt sveert ved. Schnitzlers lilie
1578 2702 2333 2746 felelsesbetonede Monolog er blovet oplest
1572 2743 2338 2807 i Repliker til hele syr Billeder, og det
1586 2804 2336 2861 clair obscur #wellem Virkelighed og Drem,
1571 2840 2340 2922 som Novellen laa i, er nesten ganske
1575 2890 1797 2962 forsvundet.
1636 2919 2324 3005 Naar Aftenen ailigewel blev en Op¬
1572 2987 2327 3040 levelse skyldtes det an Debutant, den ty¬
1576 3035 2326 3101 rolske Bonde Kaspar Brandhofer som
1588 3086 2327 3144 Lovemanden v. Dorsday. Denne krreven¬
1583 3131 2335 3190 de Rolle, der i Filmen blev mesterligt
1585 3176 2331 3235 npillet af den afdede Albert Steinrück,
1578 3231 2327 3276 fremstillede den unge Debutant saa
1582 3279 2319 3331 straalende, at alle Wiens Teaterpamel¬
1580 3333 2334 3387 dere den nieste Dag kappedes om at
1586 3366 2334 3437 udraabe dette Naturtalent som den store
1577 3419 2190 3485 Gevinst, for den estrigske Scene.
1632 3468 2335 3522 Hvem Kaspar Brandhofer var troede
1582 3512 2328 3585 heie Wien at vide. En rigtig vaskeregte
1584 3562 2335 3630 Bondegut fra Tyrol, som engang havde
1582 3603 2326 3668 set en Skuespillertrup deroppe i den
1583 3657 2325 3713 lille verdensfjerne Landsby i Alperne,
1584 3710 2333 3771 hvor han havde levet hele sit Liv. Han
1578 3755 2334 3817 ver blevet ana betaget, at han harde
1578 3799 2332 3862 besluttet at blive Skuespiller. Liengslen
1572 3862 2332 3925 efter Scenen drev ham i Sommer til at
1573 3915 2321 3958 opsege Max Reinhardt paa hans Slot
1573 3947 2320 4014 Leopoldskron, og den store Mester af¬
1586 3994 2326 4057 viste jkke den unge Mand med det store
1576 4045 2315 4098 Fuldskeg og de bare Kne i Tyrolerdrag¬
1580 4090 2326 4144 ten, men sendte ham med en personlig
1582 4144 2319 4191 Anbefalingsskrivelse til Wien. En Kom¬
2350 883 3085 973 % Engagement tl hum. Efter tre Aurs
2347 963 3099 1020 forgssves Seger besluttede han selv at
2351 1011 3093 1074 preve Lykken — og takket viere Fuld¬
2354 1055 3066 1108 skagget, de bure Kns og manske ogsa
2359 1100 3095 1166 Talentet, gret han den alteaa, Ingen
2346 1153 3097 1216 genkendte i dienne Bonde Skuespilleren
2346 1201 3095 1259 Leo Reuss, seiv hans tidligere Direkter
2349 1255 3095 1301 i Wien, der var Formand for Kommis¬
2358 1294 3087 1359 ionen, udbred: — Donnerwetter, ein
2374 1343 2597 1421 aturbursch!
2840 1342 3041 1423 Hr. Bert.
