3248 4384
1757 109 2594 197 31. Fraeulein Else
2771 112 3139 221 box 5/4
1958 168 2617 241 A 1 G   n
462 240 1247 427 Badgastein
467 503 884 609 Heilkräftigste
465 590 1258 695 Radiumtherme der Welt!
701 689 1246 783 Verlangen Sie Prospekte
702 771 1247 838 von der Kurkommiission!
694 924 1216 1056 „OBSERVER“
699 1037 1250 1104 Erstes österreichisches be¬
705 1103 1256 1173 hördlich konzessioniertes
705 1146 1014 1213 Unternehmen
691 1174 1249 1275 für Zeitungsausschnitte
466 1240 670 1325 WIEN,
469 1311 1259 1393 Wollzeile 11 4 Telephon R 23-0-43
455 1445 814 1534 Ausschnift aus
848 1480 1260 1592 Moreenhi#ft. Aagret
890 1554 1133 1650 8DE
461 1594 611 1666 vom
426 1722 1688 1807 THEATER, KUNST UND LITERATUR
456 1838 2817 2048 Wiener Uraufführungen
2154 2048 3003 2138 Blendwerk falscher Gaukelelen schmieden
470 2052 1260 2135 Wien, 4. Dezember. Zwei Stücke, von
1294 2051 2131 2145 eminente Begabung, die gewiß noch an
2169 2129 2999 2187 wollen, sondern ihren eigenen, bewußten
423 2122 1263 2183 Dichtern geschrieben, geben wieder dem
1291 2129 2125 2198 manchen Rollen ihr Bestes leisten wird.
2163 2177 3005 2244 Lebensweg beschreiten. Kohlenhändler,
425 2178 1264 2244 Theater, was des Theaters ist: Spannung,
1294 2176 2125 2251 Rose Stradner spielt das interessante, ver¬
2161 2222 3004 2287 Greislersfrau, Trafikant, Kutscher, Wach¬
432 2224 1254 2285 Unterhaltung, literarischen Sinn. Das eine,
1294 2226 2129 2287 wöhnte, schöne, gehetzte Fräulein Eise mit
2160 2267 3000 2337 mann und Bettelsänger spielen neben den
431 2278 1259 2336 -Eräulein Elses, nach der Meisterno¬
1291 2276 2128 2348 der ihr eigenen weichen Vitalität, selbst
2734 2312 3000 2391 Vorstadt-
2166 2314 2749 2384 Familienmitgliedern mit: eine
432 2327 1254 2374 velle Schnitzlers von Ernst Lothar
1292 2328 2120 2387 ein wenig innerlich gehetzt und nervös.
2163 2358 3000 2424 straße wird lebendig mit all ihrem Klein¬
423 2367 1260 2434 in dramatische Föftlien Eegossen, braucht
1296 2372 2118 2424 Bassermann vollends bleibt neuerlich über¬
2163 2418 3005 2474 kram, mit vertrackter Eingewurzeltheit der
423 2422 1260 2486 man nicht weiter vorzustellen: man kennt
1294 2423 2122 2478 ragend haften in der Rolle ihres verzwei¬
2164 2473 3010 2531 Alten, mit sonderbaren Thesen der Eltern,
427 2468 1127 2527 die atemberaubende Geschichte des
1107 2465 1260 2525 jun¬
1304 2472 2118 2534 felten Vaters; Steigerung solcher Darstel¬
2159 2522 3004 2577 mit neumodischen Anschauungen der Jun¬
428 2510 1257 2583 gen, sich opfernden Mädchens, man kennt
1301 2516 2126 2566 lung scheint nicht mehr möglich! Die dra¬
425 2563 1259 2618 die Luft u. das Milieu der Gesellschaft, man
2160 2555 3005 2625 gen. In Nestroy- oder Hawel-Manier wird
1291 2567 2125 2628 matisierte Novelle fand demnach einmütl¬
2162 2619 3005 2671 ein Stück Wirklichkeit lebendig, dem ein
425 2611 1261 2667 kennt den Kunsthändler, der ihre schiefe
1301 2620 2124 2690 gen, stärksten Beifall, wie er nur bei gro¬
2167 2662 2998 2709 Dichter Lebensatem eingehaucht hat. So
427 2664 1263 2719 Situation ausnützt; nur die Figur des Va¬
1292 2665 1870 2731 Ben Abenden gespendet wird.
2165 2709 3002 2776 haben auch endlich wieder die Volksthea¬
425 2709 1259 2765 ters wurde geändert in einen Mann, der.
1355 2711 1732 2775 Im Deutschen
1716 2681 2130 2775 Volkstheater
421 2762 1261 2814 um einem andern zu heifen. Verfehlungen
2171 2759 2998 2812 terkünstler zu prachtvollen Rollen gefun¬
1291 2751 2129 2827 hat man endlich zu einem Volksstück zu¬
428 2807 1259 2862 in seiner Anwaltskanzlei begangen hat. Die
2163 2809 2994 2866 den: Homma als schwerhöriger, superklu¬
1295 2800 2129 2873 rückgefunden und das Boudoir der Dodo¬
2159 2851 3008 2921 ger Großvater, der mit nicht vorhandenen
433 2855 1261 2908 frisch gebliebene Spannung, die dieses
1290 2855 2121 2914 Damen mit dem lebensnäheren Milieu der
429 2901 1265 2953 Präulein Eise jetzt wie früher umgibt, wirkt
2160 2907 3003 2965 Partnern Schnapsen spielt, ist mehr als ei¬
1304 2902 2121 2974 Vorstadt vertauscht. Andreas Thom, der
423 2948 1257 3001 im Dramatischen noch ungleich wirkungsvol¬
2162 2950 3005 3004 ne Studie, ist Leben selbst! Ehmann zeigt
1306 2953 2134 3010 Autor dieses Spieles =In der stillen
1112 2992 1262 3052 Jo¬
432 3000 1129 3064 ler, zumal dem Theater in der
2156 3003 3002 3061 als Sattlermeister höchstes Menschenglück,
1297 2997 2134 3056 Seitengasses, wird Belesenen von den
427 3029 1258 3099 sefstadt in der Reihe seiner Meister¬
2170 3050 3001 3111 wenn er seine Freude über die gewonnenen
1299 3053 2119 3109 vorzüglichen Romanen -Vorlenz und Bri¬
426 3093 1251 3161 aufführungen wieder eine restlos vollendete
2168 3096 2993 3151 Millionen feiert, tiefes Menschenleid, wenn
1300 3098 2128 3157 gittes, -Das Silvesterkind- usw. bekannt
1189 3142 1256 3192 80
429 3143 1161 3208 Vorstellung gelungen ist, in der alles
2170 3140 3004 3207 er nach der Hiobsbotschaft diesen Traum
1293 3147 2124 3200 sein; hier debütierte er mit eindeutigem
430 3182 1255 3240 abgerundet und völlig erfüllbar erscheint,
1299 3190 2125 3249 Erfolg als Dramatiker. Weil er, ein Mann
2162 3183 3002 3256 zerrinnen sieht; für seine außerordentliche
431 3238 1261 3303 daß jede kleinste Regung von Hans Thi¬
2161 3243 2998 3312 Leistung wurde dieser verdienstvolle
1291 3241 2126 3301 aus dem Volk, die Leute der Peripherie
425 3284 1259 3348 migs sorgfältiger Regie im Selbstverständ¬
2159 3291 3002 3354 Künstler mit besonderem Beifall belohnt.
1293 3289 2130 3345 kennt und ihre Armut und ihren Traum
1165 3342 1259 3388 ver¬
417 3337 1108 3395 lichen der natürlichen Bewegung
1294 3336 1941 3402 vom Reichtum, für den sie alles
2169 3339 3000 3407 Olden kann wieder ein Fußballstar sein,
1924 3342 2130 3404 opfern
1097 3368 1265 3442 des
423 3386 1117 3450 schwindet. Die Besetzungssensation
1293 3379 2116 3447 wollen, wirkt das Figurenbild so echt, das
2169 3386 3002 3441 was er ja herrlich trifft. Kyser und Bö¬
424 3434 1255 3492 Abends ist der Tiroler Landwirt Kaspar
1293 3434 2115 3486 sich um die Gestalt eines biederen Sattler¬
2164 3438 3001 3491 heim, Grieg und Skraup, Rehberger und
426 3478 1254 3539 Brandhofer, kein junger Mann mit echtem
1297 3483 2131 3553 meisters rankt, der einem feinen Herrnmit
2157 3485 2784 3548 Kneidinger, die Damen Pfluger,
2766 3490 3005 3552 Markus
432 3526 1257 3597 Schnurr- und wallendem Hauptbart, ein
1290 3528 2130 3603 Renntips sein garzes Geld anvertraut und
2158 3535 2992 3598 Seiffert und Föry, nicht zu vergessen Les¬
427 3555 1261 3639 Schauspielerautodidakt, der im Sommer
1294 3582 2122 3643 sogar das Derby gewinnt — jedoch wie al¬
2173 3582 3004 3648 sens dunkle Gestalt als der Herr mit den
419 3615 1253 3679 Max Reinhardt zur Probe vorgesprochen
1299 3631 2124 3681 le anderen Spekulanten aus der Seitengasse
2168 3632 3005 3694 Tips, fügen sich in die von Heinrich
419 3675 1259 3734 hatte und an Lothar gewiesen wurde; nun
1292 3678 2129 3740 nur den Einsatz zurückerhält, da der feine
2163 3663 3003 3752 Schnitzler mit Geschick geleitete Auffüh¬
420 3729 1257 3782 stellt er den Herrn v. D. kernig-klotzig,
1290 3725 2127 3780 Herr mitsamt dem gewonnenen Vermögen
2160 3719 3002 3781 rüng, die bewies, daß Volksstück und Volks¬
419 3773 1251 3829 durchaus glaubhaft und in der Vollblüte
1298 3772 2132 3833 durchgebrannt ist. Auch zwei Liebespaare
2161 3779 3000 3831 theater, eben weil sie zusammengehören,
412 3816 1255 3883 seines Mannstums auf die Bühne, eine neue
1286 3815 2129 3884 finden wir, die sich ihr Glück nicht mit dem
2155 3830 2994 3877 nicht zugrundegehen dürfen. Robert Breuer
