3296 4256
1352 146 1698 228 box 5/2
318 147 1175 220 31. Fraeulein Else
526 211 1173 262 „
871 963 1674 1140 VI1, Kçe
890 1155 1367 1251 Het Vaderland,
1039 1225 1300 1297 18.4.26,
1018 1283 1326 1358 Den Haag
904 1417 1494 1509 VOORDRACHTSMATINEE
919 1471 1462 1555 CHARLOTTE KÖHLER.
1325 1536 1618 1615 Fräulein Else.
803 1576 1526 1656 Men schrifft ons uit, Amsterdam:
804 1637 1618 1708 Charlotte Köhler is uit Berlisn terug¬
752 1686 1616 1750 gekeerd cn gistermiddag is zij wederom
759 1735 1625 1798 voor het eerst — ditmaal in het Centraal
758 1767 1622 1833 Theater — voor het vortlicht getreden
752 1820 1614 1875 met ecn voordracht van #rthur Selmitz¬
758 1855 1614 1924 ler’s nieuwste novelle Fräulein Else. De
748 1913 1615 1962 geschiedenis van het meisje, dat om haar
771 1945 1620 2005 äder van financieelen ondergang te red¬
752 1987 1624 2045 den steun zoekt hij can ouden vriend van
744 2044 1621 2109 de familie. Hjj is tot het lecnen van geld
1578 2084 1654 2143 aet
748 2150 1615 2210 bereid, maar ziin bereidverklaring wordt
751 2203 1608 2253 gevolgd door een je tc désirc. Als cen
752 2247 1614 2297 tweede Monna Vanna, naakt onder den
753 2282 1611 2327 antel, zal Else voor hem verschifnen.
752 2319 1613 2374 Breed uitgesponnen geeft ons de schrijver
746 2369 1601 2430 liet verhaal van Elsc’s droom, kaar be¬
745 2414 1616 2466 wusteloos worden mnet tot slot het innemen
750 2457 1516 2509 van het vergif en de werking ervan.
778 2499 1600 2561 Charlotte Köhler heeft volgens aanwis¬
738 2547 1612 2598 zingen van Sehnitzler cen groot aantal
744 2590 1607 2646 coupures aangebracht en er is ccn stuk
738 2642 1615 2693 overgebleven, dat nog tameljjk lang valt
733 2678 1606 2732 om aan te booren en dat de voordrachts¬
741 2712 1600 2774 kunstenares geen geringe eischen stelt.
730 2763 1605 2813 Over het algemeen heeft zij ons, op ccn
731 2808 1601 2874 kleine inzmking hier en daar na — en wie
739 2849 1599 2909 zal haar dat kwalijk nemen bij ccn voor¬
732 2892 1390 2952 dracht van ruim anderhalf nur
1392 2900 1608 2950 weten
729 2934 1598 2987 #te boeien. Verrassend, met veel schakee¬
737 2981 1606 3031 ring gaf zij ons het begin, den cigenlisken
730 3024 1613 3075 opzet. Duidelijk en met wissclende into¬
742 3077 1596 3133 natie kwam alles tot ons en prachtig
734 3108 1594 3176 werden de woorden door ccn juiste ge¬
738 3151 1602 3198 laatsuitdrukking ondersteund. Nog sug¬
738 3196 1605 3263 gestiever gaf zij de sterfscène, 200 vol¬
738 3252 1607 3302 cmen gaaf, dat we haar spoedig op het
734 3284 1320 3352 tocneel hopen terug te zien.
784 3332 1599 3396 Een kleine schare tochoorders beloonde
722 3361 1596 3436 haar voor dezen schoonen middag met ap¬
725 3413 1236 3485 plaus en wat blocmen.
1466 3449 1603 3531 E. K.
2452 298 3121 384 Algemeen Handelsblad
2759 375 3021 444 18.4.26
2753 423 3090 497 Ansterdan
2525 540 2992 610 CHARLOTTE KÖHLER.
2481 610 3190 663 Arthur Schnitzler’s „Fräulein Else“'.
2539 661 2862 721 Centraal Theater.
2369 724 3192 797 Niet de dezer dagen verschenen vertaling,
2325 793 3188 839 maar de Duitsche tekst van Schnitzler’s
2330 834 3183 890 meesterlijke novelle heeft mevrouw Charlotte
2332 869 2740 934 Kähler gistermiddag
2742 874 3182 928 in het Centraal
2336 912 3192 968 Theater voorgedragen. Zij had de moeilijke
2330 959 3184 1011 taak de torso tot leven te wekken, die de
2325 1010 3187 1056 vele coupures (aangebracht volgens aanwij¬
2329 1051 3191 1105 zingen van den schrijver) van het werk heb¬
2332 1088 2663 1150 ben over gelaten
2371 1126 3179 1189 Veel van deze besnoeling was stellig on¬
2334 1180 3196 1227 vermijdelijk, omdat het publiek nu eenmaal
2331 1226 3190 1280 niet in een schouwburg komt om zich, zij't
2320 1268 3188 1321 ook nog zuike voortreffelijke, novelles te
2324 1311 3183 1367 laten voorlezen. Zelfs nu nog was er blijk-
2330 1347 3198 1406 baar tusschen den eersten climax en het
2321 1399 3183 1455 prachtige „presto finale“, even cen inzin¬
2330 1438 3191 1499 king bij het publick, dat overigens bijna
2331 1493 3191 1542 twee uur in onafgebroken aandacht de on¬
2332 1538 3074 1588 vermoelbare vertolkster bleef volgen.
2365 1575 3197 1618 Om de lijn volkömen gespannen te houden
2322 1617 3182 1684 zou wellicht zelfs nog iecs meer moeten wor¬
2328 1660 2616 1719 den geschrapt.
2363 1703 3194 1747 Ofschoon hier tegenover staat, dat jeder
2327 1749 3182 1799 ontbrekend woord iets ontneemt aan de
2319 1792 3188 1849 onvergetelijke figuur, die Schnitzler in zijn
2328 1835 3192 1880 novelle heeft gegeven, mag mevrouw
2331 1881 3194 1924 Köhler’s voordracht van den sterk verkorten
2324 1922 3189 1972 tekst toch een gebeurtenis worden genoemd,
2330 1969 3190 2023 lie bij een herhaling recht heeft op veel
2325 2011 3184 2080 meer belangstelling dan haar ditmaal ten
2320 2054 2514 2113 deel viel.
2359 2072 3190 2148 Maar.. Eise is in elk geval änders dan
2330 2134 3176 2197 le oorspronkelijke. Het verschil is schifn¬
2330 2187 3181 2249 aar gering maar feitelijk essentieel. Door¬
2330 2229 3181 2289 lat al het „bijkomstige“' achterwege bleef,
2326 2277 3189 2336 ging het nauw merkbaar contact verloren,
2329 2320 3191 2370 lat dit meisje (hoezeer ook geobsedeerd door
2324 2360 3193 2405 den noodlottigen brief, die haar tot het offer
2323 2405 3184 2451 brengt en ondanks haar neiging tot onder¬
2327 2450 3187 2503 gang) in haar wenschen en herinneringen
2321 2494 3132 2545 toch voortdurend met het leven verbindt.
2357 2532 3190 2584 Thans viel de nadruk wel zeer sterk op
2331 2574 3190 2625 et decadente en nauwelijks op de, inder¬
2323 2620 3190 2675 daad zwakke, maar juist in deze figuur 200
2331 2666 2746 2720 ntroerende vitaliteit.
2372 2705 3189 2766 Charlotte Köhler spéélt een mono-drama.
2328 2755 3188 2812 Zij grijpt van hoogtepunt naar hoogtepunt
2317 2801 3181 2845 en slaat zich, met veel begrip en tact, door
2328 2842 3190 2895 de gedeelten heen, die in de dramatische
2326 2884 3189 2950 variant op het novellistische thema minder
2318 2930 2573 2994 goed passen.
2366 3037 3211 3096 Zij 1 reikte sublieme momenten in de
2335 3083 3199 3139 drie groote scènes. Eise’s gesprek met den
2337 3126 3208 3190 man, die haar naakt wil zien vöör hij het
2338 3172 3200 3229 geld geeft, dat haar vader moet redden; dan
2340 3216 3194 3268 haar wanhoopsdaad, wanneer zij om aan
2349 3262 3199 3312 lien eisch te voldoen en zich tevens op de
2349 3311 3195 3360 eheele wereld te wreken, in den salon van
2340 3350 3206 3399 het hotel, in tegenwoordigheig van velen,
2338 3397 3197 3449 den Monna Vanna-mantel laat vallen en, na
2339 3435 3191 3484 dit paroxisme van haat, oerdrift en hysterie
2349 3474 3203 3527 haar sterven aan het gereed gehouden
2345 3525 2570 3579 narcoticum.
2382 3558 3197 3616 In wat daar tusschen lag herinnerde men
2350 3608 3210 3656 zich nu en dan het bezwaar, dat héél in 't
2354 3660 3199 3711 egin de illusie dreigde te verstoren: dat
2343 3696 3197 3748 deze vertolkster met haar beperkte stem¬
2344 3746 3207 3789 middelen slechts enkele, zij het ook de meest
2346 3787 3197 3841 dramarische zijden van deze figuur kan
2347 3839 3207 3886 geven. Maar die dramatische momenten
2346 3882 3205 3928 werden dan ook volkomen verwerkelijkt
2341 3926 3208 3982 en..., gespééld, al bewoog de kleine vrouw
2343 3958 3213 4024 in het wit zich nauwelijks achter het tafeltje
2348 4002 2632 4055 met het boek.
3047 4042 3163 4103 d. G.
