3296 4256
2485 119 2835 211 box 5/4
1464 128 2315 217 31. Fraeulein Else
1735 175 2317 233 C# #    n  n —
247 163 610 257 Ausschnitt aus:
256 380 942 478 vom: 20. JAll 1937
2503 514 2901 599 Seite 11. Nr. 13.292.
1332 519 1883 612 Illustrierte Kronen=Zeitung.
295 538 813 619 Mittwoch, 20. Jänner 1937.
2105 589 2588 678 GUMMI-SCHNFESCHU
2156 658 2323 726 SCHWARZ
248 600 2017 725 Alter Schauspieler wird „junges großes Talent“.
2154 703 2267 746 ODER
2148 732 2293 780 BRAUN:
1156 752 2010 803 Präsidenten Homma des Ringes der Bühnen¬
343 765 1119 817 Wien hatte im letzten Herbst eine große
2169 769 2341 822 VARM GE¬
1154 792 2013 856 künstler gerichteten, wahrscheinlich nicht ganz frei¬
2160 807 2335 863 FÜTTERT¬
256 807 1115 866 Theatersensation: ein junges großes Talent
1149 831 1604 891 willig geschriebenen Brief
2157 842 2254 886 ALLE
260 859 1117 921 wurde entdeckt und engagiert, bald aber
2157 862 2351 920 GROSSEN•
1157 853 2011 930 gab der „Tiroler Bauer“ zu, mit dem bekannten
2160 912 2350 958 FÜR DAMEN
263 895 1120 957 entlarvt. „Entlarvt“ als ein tüchtiger, alter
1224 920 1950 967 Schauspieler Leo Reuß identisch zu sein
265 950 1126 1008 Schauspieler, der schon an vielen großen
1157 951 2010 1011 und erzählte, daß er sich dieses Tricks be¬
2114 937 2488 1054 Selaiffmnan
1158 999 2008 1053 dient habe, um in Wien ein Engage¬
263 994 1124 1062 deutschen Bühnen gearbeitet und sich einen
2113 1027 2537 1084 U. TABOKSTRASSE 48
1159 1043 2016 1087 ment zu finden. Er habe jahrelang in
257 1054 1120 1107 guten Namen gemacht hatte, dem es aber
1155 1079 2011 1126 Berlin gearbeitet, könne aber jetzt im
261 1091 1120 1147 dann ebenso gegangen war wie vielen
1159 1124 2013 1164 nationalsozialistischen Deutschland nicht auftreten
2048 1125 2899 1177 haben nationalsozialistische Zeitungen meine
269 1133 1126 1203 anderen Künstlern: er fand kein Engagement
1149 1158 2012 1207 und habe daher versucht, in Oesterreich unterzu¬
2040 1170 2897 1221 Fähigkeiten anerkannt. Mit Rücksicht
1150 1193 2018 1240 kommen. Als ihm das nicht gelang, ließ er
266 1194 1116 1254 mehr und kam dann in Not. Der Hunger
2049 1208 2893 1255 auf die Verhältnisse bin ich dann nach Oester¬
1156 1230 2011 1277 sich von dem Verwalter des Gutes „Sonnberg“,
2048 1248 2895 1294 reich. Ich habe überall alles Mögliche versucht,
265 1242 1125 1298 brachte ihn auf eine Idee: da das Theater
1151 1270 2010 1321 Kaspar Altenberger, die Personaldokumente
2041 1283 2902 1329 habe mich bemüht, irgend eine Stel¬
262 1291 1117 1348 den routinierten Schauspieler nicht mehr ver¬
1152 1313 1860 1361 geben, ließ sich einen Bart wachsen und
2041 1318 2907 1383 lung, und sei sie noch so gering, zu
256 1339 1115 1411 wenden konnte, so sollte es ein großes, junges
1153 1328 2012 1415 legte als Kaspar Altenberger die Prüfung beim
2041 1358 2902 1423 bekommen. Es ist mir ausnahmslos nicht
1306 1383 1859 1442 Ring der Bühnenkünstler ab.
267 1382 1117 1445 Talent bekommen. Der Theaterlöwe legte
2047 1389 2445 1457 gelungen. Ich bin
1233 1433 2014 1487 Bald erfuhr man weitere Einzelheiten. Durch
267 1426 1117 1496 seinen Namen ab, ließ sich einen Bart wachsen
2076 1424 2876 1494 in eine furchtbare feelische Gemütsstimmung
1964 1485 2021 1528 zu
1160 1474 1939 1526 Empfehlung Max Reinhardts kam er
262 1479 1126 1542 und wandelte sich zum Bauernburschen mit
2048 1487 2900 1544 geraten und bekam derartige Minderwertigkeits¬
1163 1514 1952 1571 Direktor Lothar. Weder Helene Thim
2048 1531 2894 1583 gefühle, daß ich mir sagte, der Erfolg war nur
270 1529 1123 1584 dem großen Talent zur Bühne. Und es ge¬
1156 1546 1952 1605 noch Max Reinhardt, mit denen Leo Reuß
2044 1571 2905 1617 an meinen Namen geknüpft. Ich habe daher
267 1576 1122 1639 lang. Das „große Talent vom Land“ wurde
1155 1591 2017 1650 Berlin zehn Jahre lang in Verkehr ge¬
2050 1598 2905 1659 diese Komödie ins Werk gesetzt, um dahinter
266 1631 1116 1691 entdeckt, den Mächtigen im Bühnenreich vor¬
1173 1630 2015 1678 tanden war, noch auch der Vorsitzende der
2046 1644 2896 1702 zu kommen, ob ich ein guter Schau¬
1160 1670 2021 1720 Prüfungskommission des Ringes der Bühnen¬
2061 1692 2898 1734 pieler bin oder nicht. Ich habe mir ge¬
267 1673 1118 1734 gestellt und engagiert. Der Künstler
1153 1711 2008 1769 künstler, Dr. Emil Geyer, unter dessen Direk¬
2044 1730 2901 1775 dacht, ich werde als unscheinbarer Land¬
266 1719 1130 1781 konnte sich wieder sattessen. Aber das Glück
1152 1749 2013 1801 tion Leo Reuß nach dem Krieg in Wien auf¬
2056 1754 2908 1810 mann beim Ring der Bühnenkünstler meine
270 1772 1131 1833 dauerte nicht lange. Freunde und Kollegen
1164 1786 2015 1842 getreten war, und auch nicht Direktor Röb¬
2045 1790 2911 1848 Prüfung machen. Da werde ich sehen, ob man
1165 1822 2013 1873 beling, der in Hamburg von Leo Reuß den
265 1825 1124 1885 von früher erkannten den Schauspieler, der
2052 1835 2900 1902 mich als Schauspieler anerkennt oder
1165 1866 2013 1913 „Jedermann“ inszenieren und spielen ließ, er¬
267 1863 1122 1941 Bart und das Leugnen halfen nichts. Der
2042 1879 2167 1943 nicht.
1160 1911 2017 1968 kannten den langjährigen Freund.
2130 1895 2907 1972 Richter: Und da haben Sie die fremden
267 1914 1122 1975 kleine Betrug wurde zu einem Riesenskandal
2044 1946 2654 2011 Dokumente vorgewiesen?
1241 1949 1945 2024 Polizeilich als Altenberger gemeldet.
268 1965 1129 2040 aufgebauscht, der gestern sein gerichtliches
2130 1972 2911 2033 Angekl.: Ja, nur da. Ich wor in einer
1233 1997 2011 2065 Da Reuß sich auch polizeilich unter dem
268 2014 584 2084 Nachspiel hatte.
2049 2019 2915 2081 furchtbaren Sitnation, und sie war
1172 2040 2020 2105 alschen Namen Altenberger gemeldet
2054 2064 2904 2123 um so größer, als ich im Kriege österreichischer
1164 2084 2021 2135 hatte, wurde gegen ihn die Anklage wegen
267 2074 1127 2160 Leo Reuß, angeklagt wegen Falschmeldung.
2053 2095 2766 2157 Offizier gewesen bin und jetzt
1159 2120 2025 2176 Uebertretung der Meldevorschrif¬
2074 2146 2881 2206 in Oesterreich nirgends unterkommen konnte.
350 2145 1126 2208 War das gestern ein Leben in dem sonst
1162 2164 1398 2230 ten erhoben.
277 2185 1122 2242 so stillen Bezirksgericht Hietzing! Zahllose
2121 2190 2912 2252 Der Angeklagte gibt dann an, daß er
1335 2207 1869 2272 Künstlerlos von heute.
273 2229 1132 2280 Schauspieler sind da, auch Theaterdirektoren,
2042 2233 2844 2285 die Prüfung am 23. Dezember 1936 ablegte.
2131 2265 2918 2326 Ueber weitere Fragen des Richters ver¬
264 2270 773 2336 Journalisten, Photographen.
1235 2305 2018 2368 Also jetzt zurück in den Verhandlungssaal
2066 2303 2914 2365 ichert er, daß ihm hauptsächlich darum zu
346 2306 1133 2381 Der Saalaufseher ruft den Namen des An¬
1163 2337 1672 2402 des Bezirksgerichtes Hietzing.
2053 2346 2915 2411 tun war, sein Talent anerkannt zu
266 2370 1125 2426 geklagten zur nächsten Verhandlung aus: Leo
1241 2362 2026 2437 Der Angeklagte gibt an, im Jahr 1891 in
2067 2393 2198 2452 ehen.
271 2418 830 2473 Reuß, wegen Falschmeldung.
2832 2393 2906 2473 ge¬
2131 2400 2840 2473 Angekl.: Es wäre mir nichts daran
1165 2425 2015 2472 Dolina (Galizien) geboren und staatenlos
347 2440 1125 2515 Ein eleganter Mann mit blondem Vollbart
1171 2463 2019 2512 zu sein. Im Alter von drei Jahren kam er nach
2055 2464 2907 2517 legen, zu verhungern, aber dann als Schau¬
267 2498 1133 2546 und leicht angegrautem Haar tritt ein und
1173 2509 2025 2559 Wien, besuchte hier das Gymnasium, maturierte
2060 2505 2237 2566 spieler.
273 2526 1134 2583 geht zur Anklagebank. Und es wird der Fall er¬
1175 2540 2023 2586 in Währing und besuchte auch in Wien die
2233 2532 2745 2619 Die Beichte beim Anwalt.
277 2577 1134 2623 örtert, eine Komödie traurig und toll, so un¬
1166 2582 2016 2624 Hochschule. Den Krieg machte er als
2131 2577 2909 2657 Rechtsanwalt Dr. Zitter gibt an, daß
269 2606 1130 2658 ehört, daß die Amerikaner daraus einen Film
1173 2605 2028 2675 Deutschmeister mit und trat nach dem
2059 2635 2914 2694 Reuß vor der Premiere einen Brief dei
276 2656 1128 2701 drehen wollen. Schon verhandeln sie mit dem
1172 2651 2026 2703 Krieg in Wien im Komödienhaus und in
2061 2680 2907 2732 ihm hinterlegte, der erst nachher zu öffnen war.
280 2687 1126 2750 Ang.klagten, damit er in dem, in „seinem“
1166 2700 2024 2741 der Neuen Wiener Bühne auf. Dann
2064 2724 2918 2773 Der Schauspieler kam auch nach der Premiere zu
276 2726 765 2785 Film die Hauptrolle spiele.
1167 2736 2019 2781 kam er nach Deutschland, wo seiner schönen
2066 2753 2925 2817 ihm in die Kanzlei und gestand ihm, werer
1169 2774 2021 2828 Karriere die neuen Gesetze des Dritten Reiches
344 2756 1133 2834 Aber beginnen wir, ehe wir über die Ver¬
2062 2792 2926 2851 war. Der Brief wird dem Richter vorgelegt und
1174 2811 1497 2872 ein Ende machten.
271 2804 1143 2874 handlung berichten, mit der Vorgeschichte dieser
2060 2842 2924 2891 der Richter stellt fest, daß auch darin Reuß er¬
270 2859 583 2921 Künstlertragödie.
1196 2867 2018 2930 Aus Reis wird Reuß, dann Altenberger.
2054 2885 2926 2938 klärte, daß er aus seelischer Gedrückt¬
2060 2906 2919 2965 heit zu diesem Mittel gegriffen habe, um sich
308 2899 1121 2964 Tiroler Bauer mit dem Bart als
1237 2927 2024 2987 Der Aigeklagte steht stramm vor dem
2063 2953 2922 3010 selbst zu beweisen, daß er ein Schauspieler sei.
1169 2959 2026 3013 Richter und antwortet mit leiser, aber fester
2127 3000 2925 3055 Richter: Sehen Sie ein, daß Sie un¬
565 2995 866 3046 Theaterstar.
2059 3027 2625 3100 richtig gehandelt haben?
1247 3039 2025 3109 Richter: Heißen Sie Reis oder Reuß? —
2138 3053 2927 3122 Angekl.: Ich sehe ein, daß ich trotz meiner
352 3065 1147 3142 Im Spätherbst brachte das Theater in
1243 3098 2025 3166 Angekl.: Reis. Aber mein Künstlername
2063 3106 2929 3166 schweren Situation unrichtig gehandelt habe. Ich
285 3116 1142 3165 der Josefstadt die Dramatisierung von
1172 3121 1360 3208 ist Reuß.
2067 3149 2636 3205 möchte nur noch erwähnen, daß
719 3151 1136 3208 Novelle „Fräulein
291 3155 715 3212 Artur Schuitzlexs
1247 3166 2036 3234 Ueber Befragen gibt er an, daß er ein
2183 3178 2800 3247 ich selbst die Sache aufgedeckt habe
278 3194 1136 3246 Else“ insder Beärbeitung von Hofrat Doktor
1172 3211 2028 3276 Monatseinkommen von tausend Schilling habe
287 3234 1146 3297 Lothar. Unter den Künstlern fiel der Dar¬
2058 3233 2922 3309 und daß ich mich unmittelbar darnach sofort
1179 3269 2034 3331 und im Hotel „Fürstenhof“ auf dem Neubau¬
288 3277 1145 3330 steller des Dorsay auf, ein, wie die Kritiker
2067 3280 2470 3354 umgemeldet habe.
1170 3306 1430 3374 gürtel wohne.
285 3305 1144 3375 schrieben, neuer Künstler. Dieser Dar¬
2136 3314 2927 3371 Damit ist das Beweisverfahren geschlossen.
283 3347 478 3411 steller, der
1250 3326 2033 3405 Richter: Wann sind Sie in den Besitz der
2084 3360 2917 3410 Verteidiger Dr. Wolfgang Polaczek ver¬
1173 3373 2025 3459 Dokumente des Herrn Altenberger ge¬
286 3385 763 3467 auf dem Theaterzettel als
2062 3390 2921 3451 wies darauf, daß man hier wohl einen un¬
1180 3431 1353 3490 kommen?
2067 3434 2924 3490 widerstehlichen Zwang annehmen könne,
541 3435 899 3507 Kaspar Brandhofer
1245 3452 2027 3526 Angekl.: Anfang 1936. Ich habe sie aber
2060 3470 2919 3526 da die seelische und materielle Not des Ange¬
282 3486 1150 3545 aufschien, war, wie man erfuhr, ein Tiroler
2062 3514 2915 3565 klagten bestimmt als größeres Uebel im Sinne
1176 3513 2026 3562 nur bei der Gesellschaft des „Ringes der Bühnen¬
280 3533 1147 3579 Bauer, der in Wirklichkeit Kaspar Altenberger
2065 3561 2926 3614 des Gesetzes zu betrachten ist, als die Gesetzes¬
1177 3562 2025 3621 künstler“ vorgelegt. Sonst habe ich sie nie ver¬
289 3574 1141 3624 hieß und der zum erstenmal im Leben auf der
1173 3598 1374 3653 wendet.
2063 3595 2689 3648 verletzung durch die Falschmeldung.
599 3604 841 3672 Bühne stand.
1254 3617 2034 3691 Richter: Dort haben Sie eine Prü¬
2279 3639 2710 3722 100 Schilling bedingt.
1180 3678 1711 3733 fung abzulegen gehabt?
288 3688 1151 3760 einen schönen blonden Vollbart, den er um
2144 3682 2918 3759 Der Richter erkannte den Angeklagten im
1251 3711 1972 3798 Angekl.: Ja, diese Prüfung habe ich
470 3743 968 3796 keinen Preis opfern wollte,
2075 3749 2930 3799 Sinne der Anklage schuldig und verurteilte ihn
1386 3763 1839 3842 als Altenberger abgelegt.
2067 3785 2928 3834 bedingt zu 100 Schilling Geldstrafe.
290 3781 1155 3853 und die Wiener wußten nicht, was ihnen mehr.
2071 3829 2930 3876 In der Urteilsbegründung heißt es, daß eine
1255 3801 2038 3883 Richter: Erzählen Sie uns, warum
291 3834 1147 3889 imponieren solle: der Bauer, der so gut
2077 3856 2923 3916 seelische Gedrücktheit nie so weit gehen dürfe,
1179 3843 1870 3921 Sie das. gemacht.haben. ..
285 3870 1155 3931 Theater spielte, oder seine Treue zum
2075 3904 2578 3954 daß ein Gesetz verletzt werde.
295 3912 425 3975 Bart,
1253 3910 2036 3969 Angekl.: Ich war sechzehn Jahre lang
2147 3914 2927 3998 Angekl. Reis=Reuß=Altenberger=Brandhofer;
1182 3954 2039 4016 ununterbrochen schauspielerisch tätig. Ich hatte
371 3932 1154 4003 Einige Wochen nach der Premiere aber gab¬
2078 3982 2548 4039 Ich nehme die Strafe an.¬
1188 3983 2043 4056 großen Erfolg; sogar im Dritten Reich
286 3997 1149 4055 es eine neue Sensation: In einem an den
