3296 4256
284 126 439 211 31.
189 861 460 927 gten den Weg
176 914 460 979 Hochlandes, das
365 960 424 1010 nn.
178 1071 268 1146 m.
178 1139 466 1195 hnsüchtig einer
183 1184 454 1239 ranstaltung zu¬
243 1219 457 1273 Der Wunsch
182 1239 453 1309 chenbrödel“ er¬
181 1297 457 1352 Nädchen wurde
188 1337 453 1389 einen Lord, er
178 1369 462 1427 udem die Ehre
193 1409 464 1468 wenn sie nicht
184 1450 462 1504 fähr das Dreh¬
170 1491 451 1547 on Jean Jay.
179 1531 451 1585 eser rührenden
176 1571 459 1624 s nur möglich
166 1604 458 1659 as arme Mäd¬
184 1644 456 1700 ist Spiel und
177 1685 459 1737 ord, gut Hilda
194 1722 449 1788 den den Er¬
198 1931 447 2009 en, denn das
252 1995 448 2051 handelt sich
213 2035 454 2099 einen geohr¬
224 2086 299 2126 gen,
190 2113 452 2166 lottes Tempo
177 2154 452 2214 enspial, vorab
172 2192 454 2242 errschend, von
157 2223 454 2290 bekümmertheit,
173 2272 443 2323 rdichter. Vor¬
193 2304 449 2363 anter Blick in
180 2345 450 2414 rtrag von Dr.
168 2561 450 2629 n Zirkusreiter,
160 2616 447 2672 aß die Intrige
195 2656 457 2719 und die hold¬
478 129 1146 209 Fraeulein Else
1331 136 1665 221 box 5/3
479 181 1135 243 HIIATTATAIDDTTJTTIIIITDTLV
517 861 1680 932 selige Prinzessin ihren Liebsten doch freien konnte! Das Leben
513 922 1668 981 in einer kleinen russischen Garnison, am Fürstenhof, im Zirkus,
519 958 1665 1016 Jane Beß und Walter Reisch haben das Manuskript nach
512 1000 1672 1042 der bekannten Kalmänschen Operrette geschrieben, es ist schauer¬
506 1035 1676 1087 lichschön! Man feiert Wiedersehen mit längstbekannten Situa¬
515 1073 1665 1127 tionen aber das Publikum freut sich über die Maßen, und das
505 1109 1671 1163 ist schließlich die Hauptsache. Viktor Janson als bewährter
513 1152 1679 1202 # seur, Harry Liedke als „unwiderstehlicher“ Prinz, nett
518 1190 1666 1249 Ernst Verebes und Marianne Winkelstern, hübsch und
518 1237 1674 1290 ausdrucksvoll Hilda Rosch. Als erfreuliches Vorprogramm
515 1268 1674 1324 im Titania=Palast die 4 Kacths mit holländischer Volkskunst,
513 1308 1663 1368 im Primus=Palast der erste Teil des Rosenhaynfilms „Das Gé¬
514 1347 1673 1406 heimnis des Ova=Rezepts“ eine Preisfrage an alle scharfsin¬
510 1393 1664 1455 nigen Berliner, den Täter des gestohlenen Ova=Rezeptes aus¬
513 1423 831 1491 findig zu machen.
790 1467 1388 1562 Aus der Kinderstube des Films.
981 1537 1195 1613 Capitol.
587 1587 1661 1663 Der Ring Deutscher Kultur=Filmbühnen hat
510 1632 1673 1691 den ausgezeichneten Einfall gehabt, alte, längst vergessene Filme
511 1686 1673 1738 aus den Jahren 1900—1910 hervorzusuchen und sie mit allem
515 1719 1674 1762 Drum und Dran der damaligen Zeit dem Publikum vorzu¬
506 1759 1673 1804 führen. Selbst der Ansager fehlt nicht, der von Walter Jer¬
507 1799 1666 1849 ven prachtvoll wiedergegeben wird. Wenn wir heute über
503 1833 1666 1889 die schauerlichen Drämen und neckischen Lustspiele von damals
506 1872 1660 1924 lachen, so denken wir gar nicht daran, daß die kommende Gene¬
510 1916 918 1966 ration unsere jetzigen
918 1913 1667 1962 „Spitzenleistungen“ in dreißig Jahren
510 1950 1663 1999 vielleicht ebensosehr belächeln wird. Der Zeitgeschmack ist wand¬
503 1989 1666 2038 lungsfähig, die Gunst des Publikums auch. Wer spricht heute
506 2028 1659 2089 noch von den ersten Kinostars? Wir finden diese ungewollte
501 2068 1661 2117 Groteske von König Lear überwältigend komisch und haben
511 2111 1670 2148 vielleicht selbst bei der Uraufführung heimliche Zähren der
502 2144 1666 2199 Rührung unterdrückt, genau wie wir uns in der unmöglichen
503 2185 1656 2225 Maskerade jener Jahre unwiderstehlich fanden. Aus dem ver¬
501 2224 1658 2268 achteten und bespöttelten Kintopp ist das künstlerische Licht¬
498 2260 1660 2312 spieltheater geworden, den Kinomimen hat der Filmkünstler
504 2302 1661 2350 abgelöst, aber, macht sich nicht auch heute noch greulicher Kitsch
501 2331 1045 2391 im Lichtspieltheater breit?
1052 2338 1667 2390 Müssen wir nicht die blödesten
504 2382 1659 2433 amerikanischen Grotesken über uns ergehen lassen? Schade, daß
502 2410 1663 2466 die damalige Ablehnung der wirklich guten Valentin=Karstadt¬
497 2453 1665 2501 Grotesken die deutsche Groteske in der Versenkung verschwinden
501 2492 1664 2549 ließ. Klavier= und Grammophon halfen mit Schlagern aus
504 2538 1664 2581 alter Zeit die Stimmung heben, es war ein freu# voller, lehr¬
506 2570 794 2631 reicher Morgen.
555 2654 1586 2730 Verantwortlich: Igna Maria Jünemann, Berlin.
2360 284 3004 381 Der neue Bergner=Film
2234 299 2397 388 Leuta7
2512 351 3102 455 Von Hans Sahl 44.M. 24
2233 368 2514 448 Tersen
2300 435 3103 484 Seit dem „Geiger von Florenz“, seit „Nju“
2248 476 3106 530 und „Liebe“ hat sich Elisabeth Bergner um
2236 526 3105 580 einen eigenen Filmstil bemüht. Aber ihre Wir¬
2240 565 3101 626 kung im Bild blieb hinter ihren großen Bühnen¬
2251 609 3105 674 rfolgen weit zurück. Warum? Elisabeth Bergner
2248 652 3102 724 stellte sich nicht der Kamera. Sie ging, sie tänzelte
2240 701 3100 760 um sie herum, sie ließ sich von ihr photographieren,
2232 746 3112 789 einmal, zweimal, hundertmal in denselben Posi¬
2232 787 3101 851 tionen, und der Film reichte diese Bilder dem
2236 824 2687 896 Publikum wie eine Hostie.
2292 878 3097 948 Aus dieser Erstarrung gab es nur einen Aus¬
2235 934 3098 990 weg: die Bergner mußte wieder Partner von
2224 968 3111 1021 Rang neben sich dulden. Sie mußte ihre Star¬
2230 1018 3104 1084 position aufgeben, um wieder zu einer schauspiele¬
2230 1068 3123 1143 risch klaren Leistung zukommen. In diesem Sinne
2221 1100 2377 1171 bedeutet
2541 1157 2793 1216 Fräulein Else
2553 1206 2787 1276 (Tapttol¬
2232 1254 3103 1335 eine erfreuliche Wendung zum Besseren. Hier ist
2233 1309 3107 1377 eine darstellerische Linie, eine Entwicklung bis zu
2225 1353 3093 1421 Ende durchgehalten. Die Bergner entzieht sich
2227 1400 3104 1464 nicht mehr dem Apparat, sie spielt. Allerdings
2224 1453 3092 1498 auf eine zerbrechliche, überaus empfindliche Art.
2231 1487 3090 1557 Es ist immer noch eine Spur Untertreibung,
2230 1534 3104 1588 ein letzter Rest von Rollenangst in diesem psycho¬
2219 1575 3105 1644 logisch verfeinerten Mädchenprofil, ein Zögern, ein
2225 1621 3104 1679 Zurückhalten, aber gerade diese Passivität gibt der
2218 1668 3087 1721 Gestalt etwas seltsam Verschleiertes und Entrück¬
2216 1708 3101 1768 tes. In vorsichtig ausgesparten Umrissen wird die
2217 1762 3098 1815 erotische Krisenstimmung der Sechzehnjährigen
2227 1807 3095 1855 vorbereitet: der Uebergang von sportlichem Enthu¬
2217 1844 3088 1901 siasmus zum neurotischen Angsttraum, zur Hy¬
2224 1887 3093 1941 sterie, zum Selbstmord. Ein langsames Hinüber¬
2217 1941 3094 1986 gleiten, ein Verfinstern, ein Abblenden. „Fräu¬
2219 1982 3092 2049 lein Else“ ist Elisabeth Bergners erste, darstel¬
2211 2014 2885 2091 lerisch fundierte Leistung im Film.
2259 2084 3098 2147 Auch Paul Czinner hat Distanz zu seinen
2219 2124 3087 2184 früheren Arbeiten gewonnen. Er unterstützt den
2208 2175 3091 2227 Film durch geschickten Bildschnitt, durch rhyth¬
2223 2222 3098 2266 nische Motive, wie das Hineinkomponieren der
2209 2259 3083 2324 Berglandschaft in die Vorgänge (auffallend matt
2210 2316 3084 2373 nur die Innenphotographie von Karl Freund). Er
2206 2352 3074 2408 läßt zwek Schauspieler von überragendem Format
2213 2401 3080 2443 neben der Bergner mitwirken: Albert Basser¬
2208 2444 3071 2506 mann, dessen darstellerische Noblesse, dessen
2209 2487 3080 2553 menschlicher Adel sich auch diesmal überzeugend
2204 2527 3078 2594 still und einfach in den Vordergrund spielt, und
2205 2582 3081 2623 — Albert Steinrück, den man hier noch ein¬
2206 2622 3076 2682 mal schreiten, lächeln, trinken sleht. Wundervoll
2201 2665 3082 2716 dieser Takt, diese Diskretion, diese Haltung, wenn
2201 2719 3078 2772 er seine Forderung ausspricht, das Mädchen nackt
2204 2760 3074 2808 zu sehen. Der deutsche Film hat einen seiner vor¬
2205 2799 3004 2867 nehmsten, zwingendsten Charaktere verloren.
2210 3021 3038 3116 Der große Bergnet-Ertolg im Capitol.
2243 3110 3062 3180 Wie groß der Erfolg von „Fräulein Else“
2186 3171 3074 3232 im Capitol ist, geht daraus hervor, daß das
2190 3224 3076 3269 Capitol am Sonntag nicht nur dreimal aus¬
2192 3256 3075 3325 verkauft war, sondern daß es in der Zeit
2190 3311 3078 3381 zwischen 5 und 9 Uhr nicht weniger als 1571 tele¬
2191 3357 3071 3423 phonische Anrufe nach Reservierung von Billetts
2194 3401 3065 3473 hatte. Die drei Leitungen des Capitols waren
2192 3445 3066 3520 so in Anspruch genommen, daß das verbindende
2191 3507 3069 3571 Amt Barbarossa den Anrufern direkt erklärte:
2191 3551 3067 3621 „Anruf hat keinen Zweck, Capitol ist ausverkaust“.
2212 3666 2890 3763 11—Ulr- Jatait
2691 3794 2872 3899 924.
2278 3794 2689 3907 42., Kai
