3296 4256
951 130 1144 204 Else
289 144 945 213 31. Fraculein
673 198 1146 240 „
735 1500 1082 1584 Scn Igra
565 1596 1230 1690 zu Räutein Ese
697 1689 1240 1738 Donnerstag findet die diesjährige
666 1735 1238 1790 Bergner=Film=Premiere im Capitol
661 1774 740 1821 statt.
590 1816 1233 1866 Man hat schon mehrmals versucht.
558 1866 1227 1912 die „geistige Linie“ irgendeines be¬
560 1911 1235 1954 deutenden Sprechschauspielers zu ver¬
571 1952 1232 1999 olgen, d. h. zu untersuchen, ob die von
556 1993 1228 2055 ihm bevorzugten Werke und Rollen
562 2037 1225 2091 einer bestimmten Richtung angehören.
563 2088 1223 2131 und zwar welcher — und aus welchem
555 2168 1235 2216 Film zu versuchen: Elisabeth Bergner
563 2211 1226 2273 vielte als erste Filmrolle Ossip
568 2253 1226 2306 Dymows Rju dann folgte „Der
563 2298 1229 2354 Geiger von Florenz“ in dem über¬
563 2343 1233 2398 mütige altitalienische Lustspielmotive
562 2393 1236 2438 zu einem modernen Filmsujet ge¬
558 2431 1231 2482 formt wurden; dann „Liebe“ die Be¬
561 2468 1235 2526 arbeitung einer der schönsten Balzac¬
562 2518 1227 2561 Novellen; dann „Donna Juana“, an
564 2559 1224 2605 Art und Handlung dem „Geiger von
557 2601 1233 2648 Florenz“ verwandt, aber in Spanien
558 2642 1231 2700 spielend und aus alten spanischen
559 2688 1231 2738 Stoffen zusammengesetzt. Und endlich
553 2733 1215 2798 die heutige Sensation: „Fräulein Else
559 2775 950 2830 von Arthur Schnitzler.
604 2817 1223 2868 Betrachtet man all das zusammen
562 2860 1232 2909 so findet man, daß die Dramaturgen
556 2908 1227 2955 und Berater Elisabeth Bergners (Paul
561 2951 1223 2995 Czinner, oft wohl, wenn auch anonym
557 2988 1228 3040 Bela Balasz) für zweierlei Sinn haben
556 3033 1231 3087 müssen; im Tragischen für eine ge¬
1315 129 1667 211 box 5/3
1357 1342 1526 1395 Zähle 4.
1699 1342 1861 1412 Zähle 5
1292 1446 1954 1532 wisse schwer zu erfassende Grenz¬
1282 1518 1952 1567 atmosphäre, die der an ihrer eigenen
1288 1554 1948 1610 Feinheit zerbrechenden Nju, den religi
1293 1611 1964 1663 ösen Schauern von Balzacs Herzogin
1297 1692 1964 1739 ers modernem Mädchen gemeinsam
1289 1740 1962 1789 ist. (Diese Linie soll nach den weiteren
1290 1783 1953 1833 Absichten Elisabeth Bergners und ihrer
1295 1832 1953 1877 esellschaft beibehalten werden. s. u.)
1284 1877 1950 1931 Im Komödienhaften ist die
1299 1923 1957 1976 ichtige Atmosphäre Elisabeth Berg¬
1296 1965 1957 2013 niers noch schwerer zu finden: in beiden
1296 2001 1951 2055 Fällen versuchte man die alte Komil
1288 2053 1954 2100 der Verkleidungs=Rolle, des Trans¬
1283 2096 1953 2137 bestitentums modern zu vertiefen; der
1288 2137 1959 2188 weib=männliche Typ entschloß sich aber
1291 2174 1960 2221 am Ende stets dafür, ein Weib zu
1283 2216 1946 2277 bleiben und gewährte so die Publi¬
1294 2260 1891 2332 kums=Konzession eines happy end.
1330 2407 1959 2465 Als Stoff der nächsten Verfilmung
1290 2461 1962 2504 wird von Paul Czinner Claude Anets
1290 2500 1944 2553 „Ariane“ in Betracht gezogen. Spä¬
1287 2543 1951 2598 ter soll Elisabeth Bergner vielleicht
1277 2585 1958 2636 auch im Film noch einmal Shaws
1286 2628 1886 2680 „Heilige Johanna“ spielen.
1486 2739 1758 2823 Ein Rekord
1323 2810 1952 2864 Sarah Bernhard erzählte einmal, als
1292 2867 1949 2914 ie in der Hauptstadt einer südameri¬
1284 2908 1951 2960 kanischen Republik gastierte, sei der
1289 2945 1957 3002 Präsident in der Pause nach dem ersten
1283 2991 1957 3037 Akt in ihre Garderobe gekommen, um
1279 3032 1956 3094 ihr seine Aufwartung zu machen. Das
1998 2349 2041 2396 E
2005 2402 2035 2441 a
2008 2439 2039 2481 d
2000 2560 2042 2614 R
1995 2654 2041 2703 ge
2004 1615 2046 1663 n.
2004 2994 2060 3040 gen
3118 758 3299 812 Puie belli
3213 817 3299 876 Nr.
3225 872 3297 929 66
2407 816 3210 987 S#=Mittag,
3236 945 3298 987 19
2608 1098 3088 1204 Fräulein Eise
2711 1193 2975 1262 Im Capitol
2477 1249 3279 1327 Der Filmtitel ist nicht ganz zutreffend. Denn
2425 1303 3278 1361 im Vordergrund steht nicht, wie in Schnitzlers
2426 1344 3270 1401 Novelle, die unglückliche Else, sondern ihr
2432 1389 3278 1448 Vater, der sinnlos dem Spielteufel verfallene
2427 1439 3279 1489 Rechtsanwalt. Und das ist gut so, weil ein
2421 1484 3281 1539 Film Seelenkonflikte, denen das Gegenüber
2429 1526 3272 1582 fehlt, kaum so zum Ausdruck bringen kann, daß
2427 1577 3262 1624 der Zuschauer auf die Dauer interessiert und ge¬
2429 1615 2657 1677 fesselt bleibt.
2473 1649 3276 1719 Der Manuskriptverfasser hat sich aber auch
2426 1707 3245 1760 sonst nur an die Aeußerlichkeiten des Schnitzlen
2426 1754 3227 1820 schen Vorbildes gehalten und Fräulein E
2423 2910 3299 2983 keineswegs mit jenem holden Zauber ausge¬
2425 2959 3276 3012 stattet, der von dem „kleinen Luder“, wie sie
2425 3003 3128 3060 sich selbst bei Schnitzler nennt, ausgeht.
2479 3051 3271 3109 Paul Czinner mußte vielmehr die Figur
2425 3097 3271 3155 der Else auf das Körper= und Ausdrucksmaß
2418 3143 3272 3191 der Elisabeth Bergner zuschneiden, und
2428 3184 3258 3254 hr hätte das Schnitzlersche Kleid wohl kaum ge¬
2423 3229 2511 3290 paßt.
2479 3264 3272 3327 Herb, schmächtig und fungenhaft tollt sie im
2415 3318 3268 3368 Gelände von St. Moritz, amüsiert sich mit kind¬
2428 3360 3258 3406 icher Zaghaftigkeit an der Seite ihres Vetter¬
2417 3405 3259 3459 (Jack Trevor), der an der Fraulichkeit der schö¬
2418 3454 3256 3499 nen Frau Mohr (Grit Hegesa) mehr Gefallen
2422 3488 3259 3541 findet als an ihr. Erst als der schicksalsschwere
2425 3534 3264 3582 Brief eintrifft, in dem Else von der Mutter
2417 3579 3267 3630 aufgefordert wird. zur Deckung der väterlichen
2417 3618 3263 3667 Schulden 30000 Schillinge von Herrn v. Dors¬
2421 3668 3268 3715 day (Albert Steinrück) zu erbitten und Dorsday
2424 3706 3257 3770 eine schamlose Gegenforderung stellt, erst von
2416 3748 3264 3803 diesem Augenblick an kommt die Frau in Elisa¬
2411 3787 3254 3842 beth Bergner zur Erscheinung. Erst von diesem
2428 3841 3256 3888 Augenblick an wird Fräulein Else interessant,
2420 3882 3255 3936 der Bergner Spiel zu einer künstlerischen Lei¬
2424 3922 3261 3976 tung, die in ihrem starken, klar geformten und
2417 3963 3257 4024 keuschen Ausdruck packt und erschüttert. Es sind
2409 4020 3252 4065 nur wenige, die letzten Szenen des Films, sie
2418 4050 3254 4108 sind aber eindrucksvoll genug, um einen nach¬
2411 4095 2899 4142 haltigen Erfolg zu sichern.
