3248 4256
733 112 919 185 Else
62 110 684 186 31. Fraeulein
1091 111 1421 203 box 5/1
305 854 936 936 Titsone. Torschäftert: Wen
1028 880 1468 942 Terenter. Mraches, „.
294 924 1479 985 es zur Räumung des besetzten Gebietes zu veranlassen.
290 978 1478 1039 Serbien hat aber seine Aspirationen wohl nie ganz auf¬
292 1021 1472 1080 gegeben. Die letzten Meldungen über die Aufstands¬
131 1116 772 1214 D ### al Zerlesrg
137 1146 1067 1258 Pranmang acf Dr Gemueion.
145 1223 1027 1327 ih u
392 1277 1392 1374 Fräulein Else und Annette.
148 1324 406 1440 . V
727 1361 1064 1442 Von L. Andro.
386 1420 1485 1491 Fräulein Else, die neunzehnjährige Tochter eines
291 1477 1481 1536 Advokaten von Rang, hat jene Erziehung genossen, wie
301 1533 1480 1583 sie in den neunziger Jahren den meisten jungen
289 1571 1477 1629 Mädchen des angesehenen Mittelstandes zuteil wurde:
298 1626 1476 1681 Das Endziel aller Bestrebungen, der eigenen und der
292 1673 1481 1727 elterlichen, war eine möglichst vorteilhafte Heirat, und
298 1720 1477 1770 da der Prince charmant in der Regel nicht kam oder
300 1766 1472 1819 höchstens um den Preis enger Verhältnisse oder gesell¬
293 1814 1478 1873 schaftlicher Deklassierung zu haben gewesen wäre,
292 1859 1474 1918 landete man schließlich in einer Vernunftehe und ent¬
295 1904 1477 1960 wickelte sich zu einem neuen Mitglied der unabsehbar
291 1962 1479 2015 großen Gilde der unverstandenen Frauen. Auf großen
292 2008 1485 2060 Bällen oder in fashionablen Sommerfrischen wurde man
300 2055 1478 2110 möglichen Bewerbern vorgeführt, prächtig gekleidet,
299 2098 1474 2150 aber zuweilen mit fadenscheiniger Lingerie, denn es
292 2144 1477 2201 bürgte für die Anständigkeit des Mädchens, daß man
295 2186 1482 2251 sich für dergleichen noch nicht interessierte; die übrige
296 2245 1484 2299 Zeit verbrachten Fräulein Else und ihre Schicksals¬
301 2285 1484 2343 genossinnen mit ein wenig Tennis und Flirt, mit
292 2332 1481 2387 Klavierspiel, Deckchensticken und der Erlernung fremder
303 2378 1490 2433 Sprachen; damit waren sie für die Zukunft, die Ehe und
300 2424 1187 2485 den Lebenskampf hinreichend ausgerüstet.
1157 2468 1484 2542 unberührten
390 2477 1159 2540 Diesen tragischen Typus des
294 2511 1481 2584 Mädchens, unberührt darum, weil sich niemand die
299 2580 1481 2633 Mühe gab, in seiner Seele etwas aufzurühren, stellt
295 2625 1483 2681 Schnitzler mit der letzten Vollendung hin.*) Genau wie
306 2666 1478 2725 im „Leutnant Gustl“, als dessen Gegenstück diese
299 2718 1484 2776 Monolognovelle wohl auch formal gedacht ist, greift er
309 2762 1490 2826 aus der großen Masse ein unbeträchtliches Geschöpf
297 2804 1491 2870 heraus, das nur von seiner Kaste lebt, nur in dieser
300 2868 1486 2924 möglich ist. Und nun zerbricht eine Feder dieses sorgsam
1076 2907 1491 2970 Um das un¬
299 2919 1079 2972 geölten Gesellschaftsmechanismus:
307 2952 1488 3023 bedeutende Einzelwesen rauscht das Schiefsal mit
309 3009 1493 3062 schweren, schwarzen Flügeln: das arme Menschen¬
304 3051 1495 3119 kind sieht sich mit einemmal in schauerlicher
404 3123 1493 3206 *) Artur Schnitzler, „Fräulein Else“. (Verlag Paul
302 3167 500 3247 Zsolnay.)
2264 856 2684 927 „ D. Ausstandischen
1505 912 2686 976 besetzte Kroja, wodurch die Verbindung zwischen Tirana
1501 975 2680 1043 und Durazzo und Tirana und Skutari abge¬
1502 1019 1845 1085 schnitten wird.
1493 1118 2679 1181 Einsamkeit, auf sich selbst angewiesen, alles, was
1504 1165 2686 1225 ihm Halt geben konnte, existiert nicht mehr. Aus einem
1501 1216 2686 1276 Typus wird es blutende, leidende Kreatur, seine arme,
1509 1269 2691 1317 eingeschnürte Seele wird plötzlich hellsichtig. Erschiene
1512 1308 2691 1362 ihm jetzt, in seiner Schicksalsstunde ein Retter, es könnte
1506 1355 2685 1411 sogar vielleicht noch ein Mensch werden. Wie oft aber
1511 1399 2695 1461 kommen Retter zur rechten Zeit? Den Leutnant Gustl
1516 1459 2687 1505 erlöst im letzten Augenblick noch ein Zufall; für die
1511 1495 2695 1554 arme kleine Else kommt er nicht, und ihr könnte wohl
1508 1547 2025 1604 auch kein Zufall helfen.
1605 1595 2683 1659 Dies ist ihr Schicksal, daß sie eines Sommerabends,
1506 1648 2688 1705 als Gast reicher Verwandter in einem Dolomitenhotel
1504 1701 2692 1751 weilend, einen Brandbrief von daheim empfängt: der
1513 1740 2688 1803 Vater hat Mündelgelder unterschlagen, leider nicht zum
1506 1785 2692 1843 erstenmal, aber diesmal ist die Katastrophe unabwend¬
1511 1835 2693 1891 bar. Nur Else kann helfen, indem sie einen zufällig im
1515 1890 2687 1945 gleichen Hotel wohnenden Bekannten, einen reichen
1503 1928 2366 1987 älteren Lebemann, um das Geld bittet.
1599 1975 2695 2040 Die törichte Mutter, die diesen Brief schrieb, hat
1511 2027 2693 2086 sicherlich nicht gewußt, was sie damit forderte; ob der
1523 2078 2686 2136 luge Vater, der ihn diktierte, ahnungslos war, bleibt
1512 2122 2694 2188 dahingestellt. Der jungen Else soll jedenfalls rasch
1517 2181 2686 2236 genug Klarheit werden. Denn der freundliche Don Juan
1514 2228 2692 2279 erklärt sich herzlich gern bereit, dem schönen Mädchen
1512 2272 2690 2328 das Geld zu überlassen, nur knüpft er eine ganz kleine
1512 2320 2690 2376 Bedingung daran: daß sie sich in seinem Zimmer eine
1507 2360 2694 2416 Viertelstunde lang unverhüllt seinen Augen darbiete.
1513 2411 2686 2466 Er ist bescheiden, nur den Augen. Und an der Not¬
1507 2462 2698 2522 wendigkeit dieses Opfers, das durch ein neuerliches
1516 2506 2694 2558 dringendes Telegramm unabweisbar wird, geht das
1513 2554 2009 2611 kleine Mädel zugrunde.
1608 2597 2695 2661 Mit rasender Hast jagt das Schicksal sie ihrem
1512 2652 2702 2710 Untergange zu. Man liest kein Buch mehr, man erlebt
1512 2713 2691 2758 mit versagendem Atem das Absterben eines Menschen.
1509 2750 2702 2805 Nicht, daß sie ihren Körper fremden, kühl abschätzenden
1517 2796 2703 2851 Augen schmachvoll preisgeben muß, schmachvoller, als
1514 2843 2693 2901 wenn er in wilder Glut genommen würde, ist das
1513 2890 2700 2941 Schlimmste; sondern vielleicht die Erkenntnis eigener
1517 2940 2696 2990 dunkler Wünsche, geheimnisvoller Wirbel, die sie un¬
1515 2982 2694 3044 bekannten Abgründen zutreiben können, wie es ja auch
1520 3031 2702 3090 der andern Heldin Schnitzlers, der Aurelie in der
1517 3081 2695 3142 „Komödie der Verführung“ ergeht. Keiner ist da, ihr
1517 3125 2705 3179 die Rätsel ihres Temperaments gütig zu deuten. Das
1512 3170 2713 3244 junge Mädchen Else ist im Grunde in diesem Augenblick
2938 865 3102 914 e
2716 883 3109 951 Tribüne aus in
2715 932 3101 994 indem sie den Redne
2715 980 3094 1033 holt unterbrach, bis
2713 1014 3068 1082 entfernt wurde.
2724 1114 3110 1178 chon getötet word
2721 1164 3106 1228 sie, wie Monna V
2716 1207 3061 1278 Leib schlägt und
2720 1255 3111 1324 schaft enthüllt, gesch
2719 1305 3070 1365 Leben. In eine
2715 1346 3099 1416 plötzlich Welt und
2724 1402 3110 1462 charf, wie nur St
2720 1454 3114 1505 zu dem längst vor
2720 1494 3084 1556 ist letzten Endes
2715 1541 3106 1602 Stunden schon erf
2813 1585 3108 1652 Vielleicht stam
2722 1620 3116 1696 aus den neunzigen
2724 1723 3127 1788 an der Seite jum
2723 1774 3085 1830 bringen, werden
2718 1823 3107 1882 Geschichten, die da
2721 1867 3116 1923 macht werden; ma
2721 1912 3086 1975 ironisch lächelnd,
2900 1952 3120 2022 der in un
2725 1959 2904 2027 machen,
2909 2007 3094 2070 nicht zu
2726 2009 2895 2068 mutung
2723 2048 3111 2120 gewöhnlichen Stra
2720 2095 3087 2161 Schlüsse auf die
2726 2137 3117 2205 ziehen. Neugierde
2722 2187 3108 2260 unsrer Zeit, wo d
2721 2238 3115 2295 Fragen gestellt wo
2723 2288 3115 2342 noch körperlich un
2722 2336 3116 2396 beinpanzer, den m
2810 2378 3117 2457 Die Schmerze
2730 2424 3090 2485 die zu jung, zu
2728 2472 3103 2530 Schuld auf sich zu
2732 2516 3116 2580 fühlen, legt Schn
2728 2568 3116 2630 Zartheit bloß, we
2722 2610 3125 2674 Technik vergessen¬
2728 2655 3112 2715 raubenderem Kr
2724 2702 3095 2768 dieses Buch und
2725 2749 3119 2817 nach einer Zeit, d
2733 2800 3109 2861 unsre, in der al
2727 2837 3116 2915 Deuters aller K
2736 2888 3112 2956 hatte: „Man mu
2731 2938 3101 3003 Ding? Zuweilen
2835 2986 3107 3045 Es ist ein Z
2727 3023 3100 3094 zarten Pastellbild
2736 3081 3113 3142 andern großen un
2728 3125 3107 3186 in einem gewaltig
2723 3170 3122 3241 kämpfenden, leiden
