3248 4384
514 78 1175 147 Fraeulein Else
1337 84 1693 165 box 5/4
1562 406 2054 502 Gerriaze desin Sern Mtane
463 441 1245 599 Badgastem
1717 515 2109 631 S. OEZ. 936
1489 699 2127 767 Eà trovata di un attore israelita
479 696 889 787 Heilkräftigste
1547 761 2052 818 per tornare sulle scent
1716 802 2085 844 Vienna S dicembre.
473 770 1260 858 Radiumiherme der Welt!
1523 822 2120 882 Nalla scorsa estate si presento a
1483 865 2113 917 Salfsburgo a Mag Reinbardt un
1479 905 2114 950 contadino che racconto di avere
711 877 1249 965 Verlangen Sie Prospekte
1484 942 2125 979 da solo per trediei auni studiato
708 939 1256 1021 von der Kurkommission!
1494 978 2121 1018 arte scenien. Max Reinbardt mise
1480 1010 2121 1052 a prova il montanaro tirolese e ri¬
1490 1045 2117 1082 mase talmente colpito dalla sua
1494 1081 2123 1121 abilitä che lo fece seritturare a
1496 1110 2114 1153 Vienna al tentro della Josephstadt.
1496 1144 2116 1189 liorni addietro questo strano at¬
709 1104 1216 1234 „OBSERVER
1492 1178 2115 1220 fore, atteso con vivissima curio¬
1490 1216 2115 1255 sità, ha riportato un grandioso
711 1219 1249 1299 Erstes österreichisches be¬
1494 1251 2119 1297 sticcesso nei dramma La signori¬
1490 1276 2123 1318 na Eisa ricavato da una novella
717 1285 1255 1351 hördlich konzessioniertes
1486 1318 2059 1366 oinonima dArtnto Schinitzel
726 1333 1028 1395 Unternehmen
1494 1336 2120 1387 ucgesso hn perd fätto nascere dün¬
1488 1383 2117 1422 bi in merito alla sua identità, e la
714 1376 1263 1452 für Zeitungsausschnitte
1490 1418 2116 1455 notte scorsa dopo la fine dello spet¬
1488 1452 2116 1491 tacolo l’attore ha confessato di es¬
496 1435 686 1518 WIEN,
1496 1481 2131 1518 sere il celehre attore iedesco Leol
1489 1519 2117 1561 Reuss, che per molti anni recito
492 1493 1272 1578 Wollzeile 11 4 Telephon R 23-0-43
1482 1549 2112 1595 al teatro di Stato di Berlino e che
1493 1584 2116 1626 u costretto a lasciare la Germa¬
1486 1625 2118 1663 nia perche di origine israelita. Ben
1487 1655 2112 1698 Doco aveva millato di se stesso:
484 1639 819 1713 Ausschnift aus
1492 1693 2113 1735 aveva soltanto ritinta in nero la
532 1685 1183 1777 Die Neue felt, Wien
1482 1722 2109 1769 sua barba bionda, 1 giornali nom
1491 1753 2113 1803 sanno Nascondere la Toro ammiral
1491 1789 2111 1836 zione per 1 talento artistico de
492 1802 614 1869 vom
785 1788 1140 1870 9.18. 1956
1490 1814 2126 1868 Reuss, ehe & rinscito a ingannarc
1495 1861 2114 1900 er cosi lungo tempo tante perso¬
1481 1891 2113 1938 in che lo conoscevano sia privata¬
448 1873 1429 1950 Theater in der Josefstadt. Arthur Schnitzlers
1481 1928 1915 1968 mnente, sia come allore.
327 1931 1424 1987 feine, zarte Novelle „Fräulein Else“, von Ernst Lothar
1753 1953 1849 1990 —
340 1976 1421 2028 dramatisiert und auf die Bühne gebracht. Das Experiment
334 2021 1431 2068 kann als durchaus geglückt angesehen werden. Es ist etwas
339 2060 1424 2105 Wunderbares, von erlesenen Schauspielern des Josefstädter
341 2099 1422 2148 Theaters ein Schnitzler-Stück spielen zu sehen. Ganz
332 2131 1423 2185 grandios Albert Bassermann. Die unsympathische
334 2184 1426 2226 Rolle des Vaters, des Spielers, wurde wohl ihm zuliebe
343 2219 1431 2267 umgemodelt und er zu einem edlen, durch unglückliche
339 2253 1418 2303 Schicksalsfügung schwergeprüften Mann. Rose Strad¬
338 2290 1428 2347 ner in ihrer herb-verschlossenen, mädchenhaften Art, be¬
332 2334 1429 2380 zwingend glaubhaft als Fräulein Else. Die Rolle des Anti¬
332 2371 1423 2428 quitätenhändlers Dorsday, der in ihr Leben bestimmend
334 2413 1421 2461 eingreift, spielt Kaspar Brandhofer (hinter diesem
334 2452 1431 2497 Pseudonym verbirgt sich, wie erst jetzt bekannt wird, der
340 2495 1433 2543 bekannte deutsche Schauspieler Leo Reuß). Wuchtig und
334 2536 1421 2585 selbstbewußt stellt er die Figur des Dorsday, der gerade¬
345 2576 1433 2624 wegs auf sein Ziel losgeht, auf die Bühne. Die kleineren
332 2612 1432 2661 Rollen finden in Adrenne Geßner, Lina Woiwode
339 2645 1429 2697 und Else Bassermann die bewährtesten Vertreterin¬
1282 2694 1389 2742 e. kr.
329 2688 892 2756 nen. Ein ganz großer Erfolg.
1560 2733 1641 2801 66
1298 2793 1465 2860 WE
422 2826 498 2884 1
689 2853 1644 2913 L. österr. behördl. konzessioniertes Unternehmen für
983 2889 1351 2947 Zeitungs-Ausschnitte
516 2911 640 2975 8 #
844 2919 1501 2997 WIEN, I., WOLLZEILE 11
407 2934 464 2998 605
572 2970 634 3035 33
968 2988 1367 3040 TELEPHON R 23-0-43
590 3112 642 3161 2
687 3094 1644 3161 Ausschnitt aus: „NEUES WIENER JOURNAL“
522 3176 605 3237 S
416 3173 506 3245 Grn
546 3232 592 3277 9
537 3232 569 3281 2
533 3272 563 3298 F
584 3310 639 3360 4
693 3319 878 3406 vomas?
1123 3390 1344 3493 9 OEZ.
409 3524 493 3597 6
525 3558 569 3604 0
714 3695 1805 3785 Im Theater in der Josefstadt kann die Auf¬
611 3757 1806 3840 führungsserie des Schauspiels „Fräulein Else“, nach der
614 3801 1808 3881 gleichnamigen Novelle von Artur Schnitzler, nür bis 21. d. M.
625 3839 1807 3929 fortgesetzt werden, da Albert Bassermann dann seine Ver¬
615 3897 1810 3984 pflichtung in der Weihnachtsnovität des Deutschen Volkstheaters
1755 3970 1804 4040 *
2444 1276 3011 1354 SLRPDI
2190 1347 3141 1404 # österr. behördl. konzessioniertes Unternahmen für
2481 1380 2853 1427 Zeitungs-Ausschnitte
2343 1413 3005 1502 WIEN, I., WOLLZEILE 11
2481 1479 2862 1529 TELEPHON R 23-0-43
2192 1588 2483 1658 Ausschnitt aus:
2256 1652 2982 1739 Voorwaarts, Rotterdam,
2362 1712 2732 1783 Abendblatt,
2234 1765 2799 1846 Voordit den Haag,
2194 1823 2290 1867 vom:
2392 1819 2769 1904 Abendblatt,
2453 1875 3006 1964 9. Dezember 1936
2290 2086 3089 2190 De blonde baard maakte
2551 2183 2843 2281 den man
2222 2337 3148 2421 Hoe de joodse acteur Leo Reuss als Tiroler
2417 2392 2962 2471 te Wenen carrière maakte
2441 2465 2930 2540 (Van onzen correspondent.)
2281 2435 2340 2559 0
2789 2515 3142 2583 Wenen, — Dinsdag.
2225 2613 2734 2656 lik zuns gelijke zal vinden.
2262 2643 3136 2690 Deze zomer trachtte een man, die zich Brandt¬
2222 2729 3138 2781 het buitenverbliff van Helene Thimig te kriigen.
2223 2765 2745 2822 Eindelijk slaagde hij daarin.
2266 2805 2515 2860 Wat hij was?
2261 2843 2432 2891 Een boer.
2258 2877 2586 2934 En wat hij wilde?
2256 2922 3014 2968 Comediespelen, mag ik u wat voordragen?
2257 2956 3133 3012 Met een zucht liet mevrouw Thimig zich in een
2225 2997 2432 3049 stoel vallen.
2258 3027 2717 3095 Gaat uw gang dan maar.
2251 3050 3131 3115 Dan, 10 minuten later, informeerde mevrouw
2227 3114 3134 3158 Thimig aan Reinhart, en een half uur later schreef
2223 3154 3133 3198 Reinhart een brief op poten aan de directie van
2226 3191 3127 3237 net theater „In der Josephstadt“, te Wenen. Nog
2230 3231 3128 3283 irie mäanden en Brandthofer, de boer uit Tirol
2222 3262 3128 3317 rad op in de dramatisering van Schnitzler’s Fräu¬
2230 3303 2639 3358 ein Else. Ziin optrede#
2888 3306 3126 3359 #rde thea¬
2228 3354 3123 3405 ersensatle van Wenen. Een man, geen jonge man,
2214 3389 3134 3433 maar een met een grote, blonde baard, die zo van
2228 3434 3121 3474 iet land af op het toneel was gekomen. De Weense
2225 3464 3120 3519 laden schreven kolommen over het nieuw-ont¬
2218 3504 2716 3556 dekte talent. Tot vandaag
2256 3535 3127 3590 Want vandaag is gebleken, dat de boer Brandt¬
2215 3578 3117 3625 nofer niemand anders is dan de Berliinse acteur
2217 3619 3126 3668 2eo Reuss, die tot 1933 aan het Staatstoneel werkte,
2222 3658 3052 3702 naar toen ontslagen werd, omdat hij Jood 18.
2253 3696 3121 3745 Toen hil lange tüd geen engagement kon kriigen,
2213 3732 3120 3787 kwam hlj op het idee, ziln baard te laten groelen
2209 3776 3122 3814 en die, toen 24j een behoorliske lengte had ver¬
2207 3810 3124 3858 kregen, arisch blend te laten verven. Met dit Ger¬
2210 3848 3110 3899 maanse uiterlisk en ziin verklaring uit Tirol af¬
2214 3891 3129 3943 komstig te ziin, werd hij bis genoemd theater op
2215 3929 3119 3971 staande voet aangenomen. De directie is humaan
2211 3975 3124 4025 genoeg, om te verklaren, geer disciplinaire conse¬
2212 4006 2704 4061 quenties te zullen trekken.
