3248 4224
1097 170 1429 256 box 5/1
61 178 917 244 31. Fraeulein EIse
579 237 673 278 —
288 1197 1400 1264 horr wird. Denn Eteinbberg—schlluspielert immer mit. Er
293 1257 1397 1305 kann den Mund nicht halten während seine Figuren reden.
293 1298 1404 1351 Er eifert in der Anderen Schicksal hinein ohne ihre Sache
290 1332 1402 1395 ganz zu der seinigen zu machen. Er findet nie den unverrück¬
294 1370 1400 1432 baren Punkt im Weltsystem seiner Kunstgestalten. Er läßt
300 1419 1404 1484 sterben, aber er stirbt nicht mit. All seine Kunst bleibt zur
296 1468 1069 1529 Hälfte ungegorener Strindbergscher Stoff.
360 1559 1402 1626 Schnitzler fühlt sich in fremdes Schicksal ein und schafft
296 1612 1406 1671 von ihm aus ein „Milieu". Strindberg konzentriert in einer
302 1649 1406 1719 Hauptperson die Wirkungen eines Milieus und mischt sich
295 1700 1401 1756 persönlich mit Wertung und Urteil in fremde Angelegen¬
288 1739 1405 1798 heiten. Der wahre Realismus ist weder die psychologische
1332 1782 1405 1832 ge¬
298 1778 1333 1841 Studie — durch Schnitzlers Formkraft ein Kunstwerk
1341 1820 1415 1870 des
294 1824 1339 1884 worden — noch die persönlich tendierte Konstruktion
299 1869 1416 1922 Strindbergschen Einakters. Realismus ist jene Darstellung, die
1165 1907 1415 1964 persönlicher
300 1912 1163 1972 Flaubert in der „Madame Bovary“ meistert:
298 1951 1410 2010 Abstand von Figur und Milieu. Nicht einfühlende Scele,
299 1997 1410 2054 nicht tendenziöser Redner sein; sondern nur Betrachter,
306 2039 1403 2099 für den der Romanheld in einer nicht nur feelisch einge
299 2080 1412 2145 bildeten oder vom Dichter ad hoc zusammengesuchten Welt
297 2140 1244 2192 existiert; nein: der Mensch als Ding unter Dingen.
368 2184 1415 2243 Ein hervorragendes Beispiel konsequenter Verdichtung von
309 2218 1414 2280 Einzelwille und Schicksal, Seele und äußerem Geschehen
302 2258 1417 2323 bietet die längst nicht gebührend bekannte Novelle des großen
310 2306 1413 2369 Carl Spitteler: „Conrad der Leutnant“ (Diede¬
305 2344 1425 2410 richs, Jena), worin der Symboliler und Pathetiler seine Be¬
308 2392 1418 2461 fähigung zum Realstil vor sich selbst und vor der Welt er¬
305 2436 1425 2494 weisen wollte (1898). Die Erzählung behandelt mit uner¬
312 2488 1417 2546 hörter Schlagkraft einen Kampf zwischen Vater und Sohn
309 2528 1416 2586 um die Herrschaft. Kein Muskelkampf, sondern eine Kraft¬
312 2562 1428 2626 probe der Persönlichkeiten. Trotzdem die Szene nur einen
306 2602 1432 2668 Bauerngutshof stellt, geschehen in diesem bescheidenen Milieu
318 2648 1423 2710 Dinge von antiker Großartigkeit: Kampf, Prophetie, Ver¬
1302 2687 1432 2749 Aber
303 2697 1301 2757 fluchung und Rechtfertigung vor dem Chor des Volkes.
311 2747 1421 2799 nicht um die herrliche Erzählung zu charakterisieren und zu
303 2780 1431 2848 preisen, soll sie in dies n Zusammenhang Erwähnung finden.
316 2821 1433 2896 Es ist ihre Kunstform und des Dichters Kunstwille, die zum
315 2870 1245 2933 Vergleich mit Schnitzlers „Fräulein Else“ führten.
378 2907 1424 2968 Auch Spitteler will nämlich die gedrängteste Zeitform und
319 2953 1426 3025 unbedingte Einheit der Person. Er nennt seine Novelle als
316 3002 1427 3059 neue Kunstform eine „Darstellung“. Man höre seine Definition,
315 3039 1427 3102 die mit verblüffender Prägnanz auch dem Buch von „Fräulein
317 3084 1426 3148 Else“ voranstehen könnte: „Unter „Darstellung“ verstehe
321 3127 1433 3190 ich eine besondere Kunstform der Prosa=Erzählung mit eigen¬
326 3183 1430 3231 tümlichem Ziel und mit besonderen Stilgesetzen, welche diesem
310 3215 1434 3292 Ziel als Mittel dienen. Das Ziel heißt: denkbar innigstes
1432 1196 2551 1248 Miterleben der Handlung. Die Mittel dazu lauten: Einheit
1434 1242 2549 1291 der Person, Einheit der Perspektive, Stätigkeit des zeitlichen
1432 1278 2551 1335 Fortschrittes. Allo diejenigen Gesetze, unter welchen wir in
1434 1326 2544 1375 der Wirklichkeit leben. — Mit erläuternden Worten: D#e
1432 1363 2543 1420 Hauptperson wird gleich mit dem ersten Satze eingeführt und
1432 1406 2546 1465 hinfort nie mehr verlassen. Es wird ferner nur mitgeteilt,
1443 1461 2557 1511 wvas jene wahrnimmt, und das so mitgereilt, wie es sich in
1431 1494 2548 1549 ihrer Wahrnehmung spiegelt. Endlich wird die Handlung
1441 1545 2553 1590 lebensgetreu Stunde für Stunde begleitet, soduß der Er¬
1438 1574 2556 1642 zähler sich nicht gestattet, irgend einen Zeitabschnitt als an¬
1445 1618 2545 1684 geblich unwirklich zu überspringen. Aus dem letzten Gesetz
1438 1658 2553 1724 ergibt sich wiederum die Notwendigkeit, die Handlung binnen
1440 1712 2133 1775 wenigen Stunden verlaufen zu lassen.“
1501 1761 2558 1816 Bei Spitteler konnte es kein Monolog werden (trotzdem er
1451 1802 2552 1864 in und wieder Reflexionen Conrads monologisch geben
1437 1840 2557 1899 muß). Denn er will Mensch und wirkliche Welt — nicht die
2152 1883 2555 1940 — ins kämpferische
1444 1889 2155 1942 durch die Seele imaginär gewordene
1445 1926 2551 1989 Wechselspiel stellen. Wenn auch Spitteler glaubt, das Milieu
1444 1969 2553 2027 nur durch seinen Helden zu spiegeln, so ist seine Art der
1445 2013 2553 2070 Schilderung durchaus direkt. Er ist sich des dramatischen
1450 2056 2554 2112 Lebens solcher in krasser Knappheit eilenden Dialektik bewußt.
1800 2101 2561 2163 be zum Detail verbietet ihm das Drama.
1444 2103 1731 2163 Aber die episch¬
1784 2140 2562 2209 ff zu Stoff, strengster Naturalist in der
1454 2152 1742 2209 Er konzentriert
1847 2179 2558 2248 die künstlerische Begnadung. Er bleibt
1442 2194 1710 2253 Absicht: Form¬
1842 2234 2558 2285 Stoffes. Ist nie wie der einfühlende
1446 2225 1735 2296 ganz außerhall¬
1792 2272 2563 2325 Seen seines Helden restlos eingegangen.
1456 2265 1766 2340 Schnitzler in die
1773 2313 2564 2379 als Person ins Drama anderer Leute. Er
1453 2322 1756 2381 Drängt sich nicht
1457 2367 1785 2430 ist echtester Epiker.
1758 2404 2567 2473 die Prosa ist nicht die Spitteler gemäße
1517 2417 1723 2478 Allerdings:
1765 2451 2518 2507 Naturalisten gewordene Jambiker schreibt
1454 2463 1739 2520 Rede. Der zum
1763 2487 2567 2558 seinen Stil aus dem schweizerischen Vulgär¬
1456 2505 1757 2568 wie Gottheif —
1454 2542 2566 2608 tim heraus, und überall, wo die gewohnte Volks= und Um¬
1460 2577 2566 2648 gangssprache für höhere Schwinaungen die Worte nicht leicht
1458 2627 2561 2683 und billig hergibt, kommt Ungelenkes in die Gliederung der
1453 2668 2569 2736 Perioden. Und doch ist diese Natur=Prosa im Munde eines
1454 2709 2560 2771 erlebenden Künstlers fähiger zur Schilderung erhabener Be¬
1466 2749 2565 2816 ebenheiten als die artistische überbildete Sprache eines Carl
1460 2800 2559 2864 Sternheim, wenn er sich Dinge vornimmt, für deren Kunst¬
1465 2849 2566 2907 erfassung ihm die Phantasie und das wahrhaftige Erlebnis
1464 2894 1574 2966 fehlen.
1991 2921 2043 2975 *
1518 2958 2567 3033 Der einfühlende Schnitzler verwandelt sich — mit groß¬
1459 3019 2570 3075 artigem Vorbehalt seiner persönlichen Distanz — in den Kunst¬
1466 3069 2572 3130 leib seiner Romanfigur und erlebt sie in seinem imaginären
1460 3114 1654 3178 Kunst=Ich.
1518 3137 2578 3219 Der schauspielerische Strindberg spielt in naturalistisch
1459 3202 2227 3274 objektivierten Situationen sich selber mit.
2644 1185 3100 1252 Spilteter dlelot als Spir
2660 1236 3110 1297 Milieu; und beweist sein
2586 1235 2637 1284 nd
2662 1278 3101 1327 nteressierte Anteilnahme.
2576 1280 2638 1342 lich
2653 1324 3101 1378 Sie alle aber erleben
2575 1352 2640 1424 die
2649 1362 3100 1424 Form ihrer zum Teil vil
2576 1406 3117 1460 obachteten, zum Teil gedachte
2643 1471 3091 1553 Sternheim aber, in
2581 1547 3080 1596 wohl eine Erzährung sein
2589 1577 3115 1630 Gogh“ (Verlag die Schmie
2589 1628 3107 1688 sondern lediglich Gedachtes.
2590 1664 3104 1728 ondern durch Literatur. El
2585 1708 3097 1762 die beiden berühmten Maler.
2592 1758 3105 1812 biographische Aperaus herum
2582 1803 3113 1852 kunstphilosophische Tendenz in
2587 1845 3123 1900 Aeußerungen die Tragik va
2586 1887 3111 1949 Gauguins Stilwillen nur no
2589 1931 3106 1984 kraß und panisch furchtbaren
2586 1970 3112 2026 will. Nach einem unsäglich
2594 2006 3118 2073 Kunstmeinungen und Lebens
2602 2058 3099 2117 einer Pointe: wo sich der
2590 2099 3110 2159 abschneidet; dann im Irre
2596 2139 3123 2205 Einsamkeit — keiner Rühmu
2588 2186 3116 2241 mehr zugänglich — Selbstme
2632 2231 3113 2295 Es tönt wie Ironie, daß h
2599 2280 3109 2337 ür einen Propagator von
2597 2309 3114 2376 Zumal hier die Gestaltungsa
2588 2364 3111 2417 Gogh vor uns lebendig mach
2601 2401 3077 2470 „Essayz“ herumlaufen läßt.
2594 2445 3110 2518 „Hier war großer Kunstwert
2636 2491 3112 2554 Blitz fuhr die Erkenn
2602 2529 3115 2599 führung“ — wer solche Ue
2596 2583 3087 2637 zwang von sich gibt, des'
2603 2628 3070 2683 Vertrauen. Spürte man
2598 2674 3103 2733 Sehnsucht nach Einfühlung
2610 2714 3062 2775 igur, ahnte man einen
2597 2746 3113 2823 mischung in jene Schicksale
2601 2809 3096 2862 behren muß — dann könnte
2600 2841 3119 2907 ergreisenden Gegenstands un
2602 2892 3112 2950 weder Wirklichkeit, noch Kun
2601 2931 3123 3002 und nur die Klugheit ein pa
2596 2979 3094 3052 getränkt und ungespeist in
2595 3026 2730 3094 stellerei
2658 3060 3088 3133 Denn Kunst ist Form,
2601 3119 3088 3176 seelischer Imagination und
2603 3173 3110 3226 viele. Den Dauerwert bestin
