3392 4256
273 130 977 175 ##nveritable combat inténicur, elle ac¬
267 161 979 207 cepte, mais se tuc aussitöt après, en
272 191 683 254 absorbant du véronal
588 254 656 332 *
306 292 930 372 Si l'on voulait chicaner sur la p.
259 347 985 408 chologie, on dirait que cette histoire
265 403 969 448 est bien invraisemblable. Passe pour
271 438 978 492 e mienx marcheur idéaliste ou simple¬
257 477 973 526 ment voyeur. Mais une jeune fille mo¬
265 512 974 563 derne se tucra-t-elle pour si peu! Dans
267 550 981 599 une époque ou lá femme se montre
261 584 969 632 nue, ou à peu près, au bal et dans la
263 630 981 679 plupart des sports, dans un pays ou
267 659 974 716 1ya des sociétés pour le culte du nu,
264 709 976 762 un sacrifice aussi mince ne semble pas
265 747 970 794 valoir un suicide. D’autant plus que
266 777 972 838 'héroine de Schnitzler est une jeune
267 812 985 868 fille parfaitemnent moderne, sportive,
267 858 975 903 vovageant seule dans les palaces et
263 893 852 942 dont les amies ont des amants!
304 923 988 973 Ne nous demandons pas pourquol
261 957 990 1012 Mlle Bergner, qui n'a rien de cette
266 1002 983 1054 héroine a voulu filmer Mlle Eise. Le
260 1048 980 1088 caractère; somme foute, pouvait être
265 1081 973 1124 adapté à sa personne, qui est plutôt la
272 1121 984 1175 cune fille enfant, fröle et naive. Dans
261 1155 983 1205 cecas, la fin tragique devient mème
267 1200 969 1245 plus compréhensible que dans. la nou¬
276 1233 978 1278 elle de Schnitzler. Mais le défaut du
287 1281 981 1329 ujet, au point de vue film, n’était pan
279 1315 973 1365 à: c’est que l'histoire est trop mince,
278 1344 982 1394 auvre en épisodes. Ellc he comprend
285 1389 975 1443 u'une seule scène dramatique, pré¬
284 1423 970 1467 édée d’un long débat, qui est deve¬
281 1461 985 1508 oppé avec beaucoup d’art dans Ja
273 1504 980 1555 ouvelle, mais qu’il parait difficile de
271 1541 986 1590 ransposer sur l’écran. Le metteur en
266 1578 971 1636 scène, M. Czinner, qui est en mème
275 1622 975 1662 emps l’autéur du scénario d’après
262 1660 977 1715 S hnitzler, ne l’a méme pas essayé. II
272 1695 980 1746 est efforcé de remédier à la pénurie
266 1733 976 1783 duysujet par des hors-d’auvre. Alors
268 1772 978 1817 fe dans la nouvelle tout se passe en
262 1814 984 1862 Kuelques heures, il nous montre la vie
260 1841 989 1892 de Mlle Else à Vienne, sa famille, son
265 1892 974 1934 voyage à Saint-Moritz. II fait défiler
262 1923 974 1979 sous nos yeux tous les sports d’hiver,
261 1963 976 2018 déjà vus dans cinquante films. Certai¬
260 2005 973 2052 nes de ces scènes peuvent étre bien
257 2042 988 2092 construites, certains de ces tableaux
259 2081 972 2132 bien composés, bien photographiés,
264 2101 977 2163 agréables à vorr, mais tout cela p’a
272 2162 982 2213 ju'un rapport lois# in avec le sujet,
265 2191 621 2249 1 produit une imp
688 2194 981 2262 on de longueur
256 2231 471 2294 et d’ennui.
303 2329 970 2397 Par bonheur, le Pocne Film a su
257 2382 972 2433 grouper d’excellents acteurs: magni¬
256 2419 974 2467 Fqué, M. Bassermann, dans le röle du
259 2465 973 2513 père joueur et inconscient! M Stein¬
260 2502 976 2553 rück, décédlé il F a quelques jours,
270 2537 981 2594 oue avec beaucoup de tact le röle du
268 2587 974 2636 vienx débauché: il a, malheureuse¬
269 2617 987 2660 ment ie masque d’un brave homme,
258 2651 976 2698 incapable d’une curiosité vicieuse. Mlle
259 2698 980 2748 Pergner est, comme toujours, délicate,
266 2735 967 2786 harmante, avec une gräce mi-enfan¬
260 2774 980 2821 tine dans les gestes les plus ordinaires
262 2813 316 2855 6
321 2811 977 2861 une grande puissance d’émotion
251 2854 970 2903 pôur exprimer la douleur. Elle a de
264 2883 973 2931 t#es beaux moments, mais on regrette
265 2924 969 2983 qu'ils soient troprares et trop courts.
257 2964 976 3011 Güand trouvera-telle un film qui lui
249 3000 929 3058 permette vraiment de s’exprimer?
828 3047 998 3120 I. r.
1198 183 2053 256 31. Fraeulein Else
2225 176 2561 272 box 5/3
1374 245 1439 293 ——
1660 243 1768 291 —.
2111 512 2179 569 No
1380 601 2349 658 ARGUS SUISSE ET INTERNATIONAL
1600 647 2144 707 ISC LA PRESLE S. A.
1504 689 2237 755 23, rue du Rhöne — Genéve
1369 729 2351 798 Adr. télégr.: Coupures-Genève — Tél. Stand 40.05
1374 816 2348 891 Bureau International de coupures de journaux
1502 878 2234 941 Traductions de et en toutes langues
1393 983 2333 1062 Correspondants dans toutes les grandes villes
1373 1115 1762 1182 Extrait du Journal:
1819 1169 2025 1289 Cgee
1367 1215 1541 1278 Adresse:
1349 1286 1619 1381 Date: 900
1763 1389 2097 1516 2 5.MAR.
2798 1510 3073 1591 POLIT
2298 1627 3054 1692 at Hovedhandlingen forflyttes til St. Mo¬
1400 1672 1499 1723 Taxe
2305 1691 2393 1742 ritz.
1541 1654 2279 1780 En Films-Premiere,
1355 1714 1517 1768 Tarif ré
2358 1732 3059 1782 Instrukteren, Dr. Ceinner, har her
1346 1755 1521 1819 ment d’
2303 1772 3056 1836 eksperimenteret med nyt Materiale og
1357 1792 1496 1852 ériode
1547 1799 2272 1885 der Viekker Upsigt.
2305 1824 3058 1886 ny Belysning, og snildt indflettet i hald¬
1353 1838 1494 1899 imitée.
2312 1869 3054 1933 ingen en Rekke Landskabsbilleder af
1361 1895 1515 1967 On trait
1547 1896 2272 1981 rthur Schnitzlers „Frk. Elee“ filmati¬
2307 1924 3063 1994 ussedvonlig Skenhed. Uden Tvivl er der
1532 1957 2276 2037 seret under store Bekostrlnger. — Et
2310 1972 3056 2037 naast et tek uisk Fremskridt, en per¬
1746 2006 2055 2071 gribende Vark.
2305 2010 3057 2097 spektivisk Dybde, sterre Varme i To¬
2318 2065 3061 2128 ien og frem for #en Forening af Klar¬
1585 2056 2287 2152 Af Schnitzlers stillstiske Mistervark
2305 2123 3056 2181 hed og Biedhed i Frtograferingen, som
1540 2123 2286 2189 har Filmen vesentlig kiin behofdt Titlen
2308 2167 2725 2232 kommer Naturen ner.
1534 2182 2278 2248 og Motivet — den unge, sorglese Bour¬
2361 2206 3063 2281 Denne Film ger den tyske Kvalitets¬
1537 2227 2294 2292 geoisidame, der pludselig drives ind i
2308 2263 3054 2324 produktion Ere og indtager ved sin hoje
1545 2283 2279 2342 en Situation, hun ikke magter. For at
2314 2313 3065 2368 Streben en Plads mellem de Standard¬
1545 2318 2281 2394 redde sin hejtelskede Fader fra Fallit
2310 2361 3063 2417 film, der giver den yngste Kunstart sin
1541 2377 2285 2431 og Vanzre maa Frk. Else paatage sig
2312 2411 2539 2483 Berettigelse.
1544 2426 2275 2492 det pinlige Hverv at bede Faderens For¬
2359 2454 2939 2535 Berlin W 62 Schillerstrasse 4.
1540 2478 2280 2535 retningsven, som hun tilfaldigvis traffer
2575 2502 2998 2562 Karen Stampe Bendig
1537 2520 2282 2581 i St. Moritz, om den nedvendige Sum
1543 2560 2305 2633 Penge. Han indvilger, men forlanger til
2762 2597 2811 2680 K 1
1553 2611 2291 2680 Jengeeld, at hun skal vise sig negen for
1544 2672 2296 2733 ham. Frk. Else ser ingen Vej uden om
1543 2715 2297 2775 Ofret, men inden hun bringer det — og
1547 2764 2293 2837 tilmed, tvunget af Omsteendighederne for
1535 2815 2079 2882 alles Bjne, tager hun Gift.
1604 2870 2288 2929 Arthur Schnitzler har med megen
1545 2912 2285 2977 Finhed og vistnok for forste Gang i Li¬
1544 2953 2288 3031 teraturen, bragt dette eksalterede Selv¬
1547 3004 2297 3072 mord i Forbindelse med de regelmeessige
1537 3057 2284 3122 Svaghedsperioder i en ung Krindes Til¬
1552 3104 2286 3168 vierelse, med disse Dages forsterkede
1544 3158 2285 3226 Feisomhed og svaekkede Modstandskraft.
1538 3205 2288 3258 En Tilstandsform, der oftere end man
1546 3246 2293 3320 aner det, grenser til det patologiske og
1538 3295 2288 3362 kan give sig de besynderligste Udslag.
1601 3345 2291 3415 1 Filmen er naturligvis enhver Hen¬
1547 3396 2295 3453 tydning til de fysiologiske Momenter om¬
1551 3449 2294 3516 hyggeligt undgaaet. Bergner er her on
1544 3503 2297 3555 purung Pige, en kierlig Datter, nesten
1557 3538 2295 3598 st Barn, troskyldig og livsglad, men
1546 3596 2299 3647 tillige sky og felsom og fuldkommen uer¬
1552 3642 2293 3713 faren. Derfor hjeelpeles over for Livets
1549 3688 1758 3755 Konflikter.
1597 3722 2291 3803 Hun stilles nu over for den umulige
1551 3793 2282 3856 Opgave at anmode en vildfremmed Mand
1550 3837 2290 3897 om et Laan, en sldre Herre, hvis an¬
1550 3883 2288 3949 massende Veesen og stadige Forseg paa
1554 3938 2292 3990 Tilnermelser paa Forhaand er hende
1544 3984 2277 4040 grundigt imod. Raadvild i sit Inderste
1553 4028 2285 4098 men blindt og blidt underkastende sig
