3248 4224
78 91 941 175 31. Fraeulein Else
1109 87 1458 199 box 5/1
1406 734 1876 834 THOMAS MANN
2280 742 2384 817 337
891 859 2386 915 a democracy which, though undesired and unrecognized—never¬
889 906 2382 984 theless exists. The novel predominates—even the mere produc¬
889 965 2382 1031 tion in this field easily surpassing in importance, that of the drama.
890 1030 2381 1107 In its concept and effect, no contemporary theatrical production can
887 1106 2384 1168 be compared with a novel like Der Kopf—and I venture to name
886 1167 2381 1237 also its brother-piece, Der Zauberberg—or with the great books
889 1231 2390 1298 of Alfred Döblin, which last I reproach myself for not having
888 1289 1259 1368 mentioned here.
934 1351 2388 1425 Publishers have by no means overlookec this turn of events.
888 1418 2391 1499 They are exploring the past in order to satisfy fully the demands
888 1482 2392 1563 of the times and to complete the triumph of the epic. Balzac’s
893 1550 2390 1625 complete works, in several translations, are going through one
887 1612 2393 1682 edition after another. Aseries of books is now appearing, of which
892 1670 2381 1746 I should particularly like to speak. It is entitled Epikon, A Collec¬
892 1742 2389 1812 tion of Classical Novels, and comprises thirty works of world
886 1794 2389 1866 literature, a true epic pantheon in which the publisher, Paul List
895 1865 2390 1941 in Leipzig, ’wishes to include everything great and enduring in
890 1939 2389 2009 human experience, which has been embodied during the last hun¬
893 1991 2390 2062 dred years, in the literature of the novel.?' The selection, made by
890 2055 2391 2127 a young Austrian poet, F. A. Reinhardt, is excellent. Among Ger¬
887 2115 2384 2201 man authors, we have Immermann, Jean Paul, Goethe, Keller,
896 2181 2391 2262 and Stifter; among English authors, Meredith, Dickens, Thack¬
896 2242 2395 2334 eray, Fielding, and Defoe. We have Stendhal. Balzac, Flaubert,
893 2329 2393 2397 and Victor Hugo; Turgenev, Tolstoy, Gogol, and Goncharov; the
891 2380 2386 2459 Italian authors, Manzoni and Fogazzaro; nor have Don Quixote,
897 2443 2392 2520 Nils Lyne, and the immortal Ulenspiegel of De Coster been
889 2513 2395 2590 omitted. The translators have been carefully chosen and their
902 2582 2388 2646 work is extraordinary. Writers of the distinction of Gerhart
887 2640 2395 2721 Hauptmann, Hermann Hesse, Hugo von Hofmannsthal, Rudolf
890 2703 2392 2776 Kassner, Count Hermann Keyserling, Heinrich Mann, Rudolf
898 2768 2389 2845 Borchardt, and Jacob Wassermann have added their support to
898 2825 2388 2895 the plan by providing individual comments to precede or follow
899 2895 2396 2958 the various works. Your correspondent himself was given the
896 2954 2393 3037 disconcerting yet inspiriting task of writing the introduction to
901 3019 2398 3095 Goethe’s Die Wahlverwandtschaften—and he speaks of it with
888 3081 2388 3169 a personal satisfaction which is not, however, without its imper¬
899 3148 2389 3224 sonal justification. Also, this collection may be recommended to
900 3206 2402 3288 foreigners. It is a beautiful monument—this survey of the world’s
895 3285 2391 3354 literature—after Goethe’s own heart. The format is simple and
