3248 4384
352 111 490 194 31.
526 99 1199 173 Fraeulein Elst.
545 157 1210 218 0
409 2038 1203 2136 „OBSERVER
493 2118 1160 2188 I. österr. behördl. konzessioniertes
459 2176 1192 2234 Unternehmen für Zeitungs-Ausschnitte
540 2219 1139 2298 WIEN, I., WOLLZEILE 11
597 2279 1067 2345 TELEPHON R-23-0-43
406 2412 757 2492 Ausschnitt aus:
406 2474 1032 2561 Vadernand den Haag,
467 2533 880 2601 Abendausgabe
579 2569 904 2646 7.12.1936
416 2632 1134 2718 vomNieuwe Rotterd. Urt.
719 2692 1051 2756 Rotterdam,
602 2731 957 2821 6.12.1936
604 2917 1103 2987 Tooncel te Weenen.
946 3001 1291 3067 Fräulein Else.
472 3068 1255 3147 ond-Crrespendent te Weenen schrifft ons
474 3131 1290 3188 Het Ibsefstädtertheater, de vroegere Rein¬
437 3166 1297 3230 hardtbüfne, dankt ziin diretten“, den bekenden
440 3202 1292 3264 schrifver dr. Ernst Lothar, een merkwaardig
443 3252 1288 3303 experiment, dat litteraire kringen met spanning
444 3283 1298 3349 hebben tegemoet gezien: de bewerking voor het
443 3320 1303 3386 tooneel van Fräulein Else, de novelle van
441 3357 1295 3421 Arthur Schnitzler. Lothar heeft nog met
439 3399 1303 3461 Schnitzler over het plan gesgroken en hem een
445 3446 1305 3503 schets van de bewerking voorgelegd, die door
445 3490 926 3538 den auteur is goedgekeurd.
487 3513 1307 3580 Lothar heeft feitelijk een geheel nieuw en
451 3556 1308 3616 zelfstandig stuk geschreven, waarin nieuwe
453 3592 1304 3655 figuren ziin opgenomen. De vertolking van een
452 3633 1304 3697 dier personen door Albert Bassermann maakte
448 3684 719 3743 grooten indruk
485 3707 1311 3780 Het debuut van een nieuwen acteur, Brand¬
452 3752 1311 3819 hofer, die cen groot talent aan den dag legde,
459 3792 1309 3851 verhoogde de beteekenis der vertooning. Rose
455 3832 1313 3889 Stradner heeft de titelrol prachtig vertolkt. Het
457 3877 913 3943 publiek was geestdriftig.
1382 96 1714 180 box 5/4
1368 368 2141 559 LA· NACION
1462 495 2007 607 BUENOS AIRES
1781 694 2165 804 7 DI0 1936
1382 897 2000 994 Se ha llevado al
1417 996 2053 1097 teatro una novela
1468 1103 2070 1193 de A. Schnitzler
1418 1219 2078 1321 La seficritd, Elsal’ tuvo Exito
1520 1289 1991 1387 en la adaptatiön de¬
1595 1363 1897 1454 Emst Lotkar
1484 1482 2009 1581 ANDREAS THOM
1435 1605 2085 1669 VIENA, 6 (H—Esp.).—En el Josefs¬
1409 1649 2084 1703 tadt Theater se estrend el 2 del actual
1412 1686 2086 1731 el drama en 7 cuadros Fräulein Elsa“,
1416 1720 2084 1764 adaptado por Ernst Lother-der#e nove¬
1408 1753 2083 1796 la del mismo nombre de Arthur Schnitz¬
1418 1782 2083 1833 er. La tarea que se impuso Lothar al
1407 1822 2089 1866 intentar la adaptaciön de la novela, una
1416 1848 2085 1895 obra maestra en su género, fué enorme,
1409 1880 1999 1937 pero su experimento obtuvo éxito,
1449 1915 2085 1960 El miércoles, el novelista vienés An¬
1411 1943 2089 1994 dreas Thom estrenó en el Volkstheater
1416 1977 2087 2020 una comedia de costumbres, La calle
1419 2011 2096 2059 tranquila“, que lleva a escena una se¬
1418 2037 2094 2086 rie de personajes populares tipicos de
1430 2069 2094 2119 iens y que muestra la räpida decaden¬
1419 2107 2089 2151 cia de un antiquisimo taller, vencide
1423 2136 2099 2189 por la industria del automóvil. En el
1423 2170 2090 2217 centro del cuadro estä el maestro guar¬
1419 2203 2099 2252 nicionero Ellinger, laborioso, honrado,
1420 2238 2099 2287 pero frascible con los suyos; Uli, el tipe
1422 2267 2102 2315 del obrero moderno, desanlmado por el
1432 2294 2099 2349 equefio salario de los artesanos y que ne
1436 2330 2097 2376 iensa mäs que en el futbol; Maria
1423 2364 2091 2413 Ellinger, digna y trabajadora duefik de
1434 2395 2097 2446 asa humilde; su hija Minzie, tipics
1436 2425 2096 2477 ienesa, cändida e ingenua, algo incons¬
1434 2461 2097 2508 iente, que se pregunta siempre si ce¬
1432 2491 2105 2541 derá finalmente a Uli, que la ha que¬
1431 2521 2103 2578 rido siempre. En medio de una intrige
1435 2552 2101 2609 perfectamente lögica, el autor ofrece ur
1433 2588 2100 2639 cuadro excelente de la vida humilde di
1429 2636 1545 2687 Viena.
2710 79 3220 152 Erstes österreichisches be
2722 140 3243 210 hördlich konzessioniertes
2719 187 3011 247 Unternehmen
2722 236 3251 303 für Zeitungsausschnitte
2490 274 2746 365 WIEN, I.,
2490 351 3252 444 Wollzeile 11 4 Telephon R 23-0-43
2478 473 3252 556 Ausschnitt aus Sleisig Volkazeiung. Wie
2483 640 2598 698 vom
2784 619 3156 722 7 DEZ. 838
2428 747 3217 868 Theater in der Josefstadt.
2395 853 3245 934 Schnitzlers Novelle „Fräulei¬
2401 912 3241 981 Else“ als Schauspiel, bearbeite
2656 955 3024 1018 von Ernst Lothar.
2445 1001 3251 1066 Dieses Drama, dem ein geradezu stürmische
2410 1058 3244 1116 Erfolg zuteil geworden ist, erstand aus eine
2409 1095 3252 1155 Meisternovelle des großen Dramatiker
3126 1141 3252 1193 deutsch
2973 1139 3057 1194 Das
2539 1136 2943 1201 Schnitzler.
2406 1146 2517 1198 Artur
2401 1184 3250 1246 Publikum kennt die Gestalt des Fräuleins El
2406 1235 3243 1281 und ihr trauriges Geschick. Sie stammt au
2403 1278 3242 1330 gutem Haus, der Vater angesehener Advoka
2406 1315 3241 1367 Die Eltern senden sie nach einem mondäner
2410 1355 3243 1419 italienischen Alpenort. Und dort tritt plötzlic
2411 1402 3249 1467 das Schicksal mit roher Gewalt dem reinen
2413 1453 3242 1494 jungen Mädchen in den Weg: Sie erhält eine
2414 1489 3242 1545 Eilbrief ihrer Mutter, dem Vater drohe Ent
2405 1532 3243 1587 ehrung und Kriminal, falls nicht der Finanz
2411 1576 3248 1629 mann 9. Dorstay, der im selben Hotel weil
2410 1625 3248 1677 wie Else, innerhalb vierundzwanzig Stunde
2405 1667 3240 1720 dem Vater einen hohen Betrag als Kred
2406 1703 3249 1759 anweise. Else ist über das Opfer entsetzt, da
2406 1747 3242 1803 die Eltern von ihr verlangen, spricht mit der
2411 1783 3242 1850 Geldmann und — er willigt ein, das Kapite
2411 1832 3242 1898 zu erlegen. Unter einer Bedingung — El
2408 1884 3248 1930 müsse sich ihm unverhüllt zeigen. Der Kamp
2407 1921 3251 1980 des Schamgefühls der Jungfrau gegen di
2420 1970 3242 2027 Pflicht der Tochter, den Vater zu retten, sin
2417 2010 3249 2065 in der Novelle mit unvergleichlicher Feinhei
2411 2059 3240 2112 geschildert. Else erfüllt schließlich das bruta
3078 2096 3245 2149 aber scho
2421 2105 3062 2158 Verlangen des Geldmenschen —
2412 2130 3243 2192 als Sterbende. Aber sie weiß den Vate
2417 2192 2563 2244 gerettet.
2457 2234 3240 2287 Dies die Handlung der Novelle Schnitzlen
2414 2274 3242 2322 und selbstverständlich auch des Schauspiele
2416 2311 3250 2370 das der Theatermann Ernst Lothar darau
2415 2344 3157 2429 geschaffen—hatSeine Aestbetik
2459 2412 3241 2469 vor allem auf die Frage zugespitzt: Schaut
2459 2457 3244 2520 dem Stoff ein buhnenmäßiges Dr
2471 2500 3250 2564 heraus? Und er hat mit dieser seiner ber
2462 2547 3248 2602 mäßigen Frage recht! Denn es haben sic
2468 2598 3242 2646 der großen Szene zwischen dem Geldn
2467 2629 3251 2699 und Else (da er seine Forderung gel
2471 2687 3233 2734 macht) und dann in der Todesszene
2471 2719 3242 2786 Heldin Effekte ergeben, wie sie in ei
2471 2766 3243 2823 modernen Stück schon lange nicht da we
2472 2819 3242 2864 Gegenüber diesem Sieg des neuen Dra
2463 2860 3242 2910 über ein Publikum, das seinen Schnitzler
2474 2894 3244 2956 erleht hat, mag es ihm nicht allzuyiel So
2473 2951 3222 3008 machen, wenn alte Schnitzler=Freunde
2467 2987 2956 3052 immer mitgehen konnten.
2507 3021 3187 3086 Wie gesagt, zur Sensation hat
2474 3072 3251 3135 Theaterabend die glanzvolle Darstellung
2474 3132 3234 3177 macht. Die Else bedeutet zweifellos
2473 3169 3236 3223 größten Erfolg, den Rose Stradne
2471 3207 3243 3260 Wien bisher erzielt hat. Von reizvoller
2476 3249 3191 3312 scheinung, die Jugend und Anmut
2469 3300 3241 3348 wußte sie, ohne jemals die Linien der S
2471 3337 3245 3398 heit zu verlassen, die dramatisch
2471 3386 3246 3441 Wirkungen zu erzielen. Und wie rühren
2472 3436 2638 3495 Sterben!
2515 3460 3252 3522 Das zweite Ereignis war der Finanzn
2478 3519 3196 3576 des Herrn Brandhofer, eines
2485 3557 3250 3613 reichischen Schauspielers aus der Schule 9
2482 3597 3243 3665 hardts. Man taunte, in einem Debüte
2487 3643 3245 3713 einen Charakterspieler von unheimlicher.
2487 3691 3250 3755 zu finden. Dabei verstand er es, die Brute
2480 3730 3225 3788 dieser abstoßenden Gestalt zu mildern.
2483 3775 3243 3842 wird von Brandhofer gewiß noch viel h
2523 3831 3242 3883 Als dritter Sieger erschien der her
2481 3863 3245 3921 Bassermann, für den eine wirksame
2478 3918 2759 3980 eingelegt war.
