3296 4224
0 162 109 263 1926
52 2452 110 2506 r
390 338 1061 575 iguren,
1194 476 1907 572 iebeit
2045 347 2926 587 wurden.
357 602 2833 734 ich Mann, Arthur Schnitzler, Jules Verne, Emile Zola u. a. in der Wirklichkeit.
678 774 1875 865 pyramide, von deren Bänden ihn vielfach sein Name grüßte. De
2345 807 2686 907 Strogow.
682 840 1863 893 Lacretelles „Silbermann“ war ins Ungarische übersetzt worden.
677 879 1861 942 Der jüdische Antiquitätenhändler Silbermann kaufte sich das Buch,
340 876 489 960 koman.
1973 880 3022 972 Zu Jules Vernes Roman „Der Kurier des Zaren“.
680 922 1864 987 und indem er es, von Seite zu Seite fieberhafter erregt, verschlang.
346 929 626 1028 chdruck verboten.]
2453 951 2546 1013 Vor
2742 945 3067 1032 Nachdruck verboten.]
676 958 1873 1025 machte er eine erschütternde Entdeckung. Es war sein Leben.
670 1010 1864 1069 das Leben des Budapester Antiquitätenhändlers
2312 995 2664 1070 Alexej Wronskl.
669 1050 1872 1119 Silbermann, das der französische Autor beschrieb.
242 1047 638 1136 abe ich ihn getroffen.
1958 1045 3088 1125 Das kleine russische Lokal in der sächsischen Stadt war ganz
678 1096 1860 1177 Nicht nur seine Seele hatte de Lacretelle mit erschreckender Spür¬
1899 1107 3089 1160 leer; wir waren die einzigen Gäste. Der Kellner brachte die eben
1906 1153 3093 1215 bestellten Wodkas, stellte sie auf den Tisch und sotzte sich zu uns.
1900 1194 2463 1267 Mein Begleiter stellte ihn vor:
258 1175 641 1267 an, verstand meinen
2949 1206 3053 1286 1
1983 1237 2231 1298 „Strogow.“
378 1262 579 1345 Unrat.“
1959 1261 3085 1345 Strogow? Der Name kam mir merkwürdig bekannt vor. Ich
1904 1325 3012 1383 suchte vergeblich in meinem Gedächtnis — schließlich fragte ich:
373 1342 639 1423 ch Mann sehr
1946 1366 3076 1423 „Haben wir uns nicht schon einmal irgendwo kennengelernt?“
1958 1420 3091 1489 „Mich wohl nicht, lächelte mein Gegenüber, aber meinen
308 1442 632 1512 chen. Der Held
1899 1439 3028 1528 Namensvetter werden Sie kennen den „Kurier des Zaren“!“
368 1479 635 1556 t Professor am
1954 1493 3099 1560 Ah, nun wußte ich es. Jules Berne, der phankasiereiche
370 1540 640 1609 he. Er ist ein
1899 1527 3081 1595 Erzähler unserer Kinderzeit, der Philias Fogg in achtzig Tagen
370 1579 636 1643 Spitzbart. Ich
1897 1587 3088 1649 den Erdball umkreisen ließ und der uns in Michael Strogow, dem
376 1626 627 1687 liothek zeigte;
1894 1621 3014 1688 heroischen Gardeoffizier, den Abgott unserer Träume schenkte.
431 1660 630 1742 Exemplare
1939 1658 3087 1735 „Sie sind wohl nicht der Kurier des Zaren gewesen?“ meinte
1893 1703 2848 1767 ich; doch mein neuer Bekannter wurde plötzlich ernst:
370 1736 636 1821 ickt. Jährlich
1953 1758 2204 1819 „Ich war es.
2186 1742 3086 1818 — Ich war zwölf Jahre alt, als ich zum ersten¬
1897 1797 3094 1851 mal den Roman von Jules Berne in die Hände bekam. Ich las —
373 1844 636 1911 er gar Seiten,
1895 1848 3091 1901 ich verschlang alle die wunderbaren Abenteuer, die Taten des
372 1886 629 1947 ollen. Als ich
1902 1893 3092 1951 Helden — der meinen Namen trug. Und dies gab meinem Schick¬
417 1931 638 1989 ckt, und ich
1902 1940 3090 1990 sal die Richtung. Ich hatte nur noch den eieen Gedanke selbst
373 1980 624 2035 ervös in die
1892 1984 3089 2044 der Kurier des Zaren zu werden. Auch meine Schulkameraden
294 2026 630 2080 prüfend gemustert,
1900 2022 3090 2079 hatten das Buch gelesen; und sie behandelten mich, wie es dem
293 2064 362 2118 chi
407 2060 633 2122 nicht fassen.
1892 2059 3092 2124 Helden einer solchen Geschichte zukommt. Wenn wir Kolaken
372 2107 633 2157 Unrat! Da
1888 2108 3094 2170 spielten, war ich immer der befehlshabende General und führte
866 2082 1157 2196 1U-
290 2065 366 2210 15
392 2150 626 2206 ind das Buch
1885 2155 3091 2215 meine kurzhosige Armee stets zum Sieg. Ich siegte auch über den
308 2196 623 2252 ich mir das bald
1885 2198 3091 2275 Widerstand meines Vaters, der aus mir durchaus einen Arzt
322 2232 628 2294 „Unrat“ an den
1897 2238 2879 2294 machen wollte. Ich wurde Kadett in der Junkerschule.
293 2273 633 2345 manchmal erklang
1949 2270 3087 2347 Dann kam der Krieg — und die Träume meiner Kindheit ver¬
958 2279 1549 2375 Die falsche Mme. Bovary.
313 2326 625 2381 den Tätern; als
1896 2323 3093 2400 wirklichten sich: ich bin eine lebendige Romansigur, bin tatsächlich
669 2330 1854 2416 Sie lebt in der Provence in Pertui als Besitzerin eines kleinen
325 2368 637 2430 uch noch einmal.
1898 2376 3089 2442 der Kurier des Zaren geworden. Alle die Abenteuer, die ich im
664 2401 1849 2456 Gasthauses und hat mit dem — bekannten und längst verstordenen
293 2404 633 2472 keit zwischen
1891 2417 3088 2488 Kriege und während der Wirren des Bürgerkrieges erlebte, teilte
728 2444 1857 2491 wirklichen Original Flauberts nicht das geringste zu tun.
290 2451 624 2510 vurde. Und als
1894 2460 3078 2511 ich mit vielen andern. Für mich behielten sie trotzdem eine be¬
668 2474 1847 2537 Nichtsdestoweniger verehrt sie manchmal einem bevorangten
326 2494 626 2563 afen wollte, fiel
1900 2506 3078 2565 sondere Bedeutung. Für die andern waren diese Erlebnisse.
668 2511 1858 2572 Sommergast die Volksausgabe von des Dichters Romon mit der
275 2542 612 2594 dnisloses Wesen —
1895 2547 3039 2603 Kämpfe, Gefahren. List und Gewalttat, Ueberfälle, Flucht, Sieg
719 2554 1803 2618 originellen Widmung „Souvenir de Ame. Bovarg“.
290 2581 624 2644 zu meinem besseren
1897 2592 3084 2654 all dies war ihnen ein Ausnahmezustand, den meisten sogar ein
1126 2599 1842 2654 (Zeichnung von Rüdoif Schlichter)
306 2628 622 2699 meine Fehler er¬
1891 2630 3082 2698 Unglück. Ich nahm dies alles hin als die Erfüllung
322 2670 623 2749 abzustreifen ...
1890 2678 3083 2730 meiner ursprünglichen Bestimmung. Vieles davon
658 2724 1849 2782 und Treffkraft analysiert, auch seinen Lebenslauf und den
1898 2723 3089 2795 hat Jules Derne richtig vorausgeahnt und lebensecht
249 2733 616 2826 ei mir: „Dieser Pro¬
1889 2761 2184 2821 geschildert.“
662 2764 1853 2825 seines Vaters hatte er in allen wesentlichen Wendungen nachgezeich¬
244 2803 621 2859 licht auch der „aller¬
658 2809 1858 2858 net. Wie war das möglich? Der Budapester Antiquitätenhändler
1895 2791 3088 2877 * „Strogow!“ rief der Wirt, und der Kellner eilte in die Küche.
1887 2839 1938 2893 —
15 2798 102 2895 ane
2003 2851 2055 2889 *
129 2843 233 2892 8 „K
242 2837 613 2904 pf“ einiges gelernt
657 2849 1845 2910 war niemals in Paris gewesen. Wie also konnte dieser Franzose
1933 2863 3087 2955 Jules Berne war in vielen Dingen ein Prophet. Aber der¬
226 2881 435 2962 nen wäre?“
660 2892 1850 2945 ihn erraten? So vollständig erraten — bis in die vergeffenen
1886 2912 3086 2989 Amerikaner Goldstrom reiste in dreißig Tagen um die Erde —
663 2935 1854 3001 Regungen seiner Pubertätsjahre, bis in seine Worte und Gesten
1892 2974 3089 3035 und auch das eine konnte der Dichter nicht vorausahnen, was auch
649 2972 811 3038 hinein?
1892 3018 3088 3067 schlecht in seinen hervischen Roman gepaßt hätte: Daß der Kurier
703 3023 1845 3086 Mit seiner aufwühlenden Entdeckung und seiner quälenden Frage
152 3035 538 3121 hnämigem Ronan.
1896 3061 3087 3137 des Zaren seine Laufbahn als Kellner in einem kleinen sächsischen
650 3049 1856 3127 rannte der Antiquitätenhändler zur Zeitung, zum Uebersetzer. Man
1886 3107 2330 3178 Lokal beschließen würde.
663 3101 1853 3160 suchte ihn zu beruhigen; sprach von ewiger, unvermeidlicher Wieder¬
266 3100 598 3194 [Rachdruck verboten.]
658 3155 1852 3215 kehr des gleichen Leidenszuges in Judenschicksalen aller Zeiten und
11 3155 107 3234 Lorz
94 3151 172 3235 Sy.
2323 3159 2649 3260 Souvarine.
650 3188 1847 3255 Länder. Silbermann sah das ein. Was er nicht einsehen und
14 3213 614 3293 cretelles „Silbermann“ war
664 3247 1851 3295 nicht zugeben konnte, war, daß es sich bei solch erstaunlich minu¬
2088 3228 2865 3319 Zu Emile Zolas Roman „Germinal“
10 3272 616 3334 anzösischen Romanerfolge der Nach¬
663 3284 1854 3346 tiöser Uiebereinstimmung einer Reihe von Einzelheiten noch
2439 3301 2528 3365 Von
2708 3288 3055 3386 (Nachdruck verboten.]
12 3317 612 3376 einer guten deutschen Uebersetzung
655 3327 1849 3394 um Zufall handeln könne. Er konnte einfach nicht glauben, daß
0 3342 628 3412 eutschland über einen engen Kreis
2334 3338 2616 3425 Hans Jacob.
649 3370 1845 3433 der Franzose ihn, Silbermann, nicht irgendwann, irgendwo persön¬
6 3380 609 3446 en. Die Geschichte der beiden Sil¬
1934 3379 3067 3481 Der eine Souvarine ist ein Kind der Tichterphantasie. Emile
651 3414 1857 3467 lich gekaum habe: er hätte sonst sein Geheimnis nicht dechiffrieren
13 3428 616 3491 erzählen, ist aber viel zu merk¬
1882 3444 2415 3518 Zola schreibt im „Germinal“:
652 3457 1845 3511 können. Niemals, niemals habe er irgendeinem Menschen davon
14 3465 626 3511 sie unterdrücken wollten. Hier ist
2 3501 623 3559 nserer Zeit in einem Menschen
662 3503 1856 3556 gesprochen, wie er zu der Mutter seines Freundes gestanden
1980 3481 3073 3561 „Souvarine war der jüngste Sohn einer adeligen Familie in
-4 3536 623 3589 ur lebendig geworden, sondern hat
654 3549 1845 3604 habe . . . und dieser Franzose sagte es klipp und klar. Auch sein
1918 3536 3078 3607 Tula. In Sankt=Petersburg, wo er Medizin studierte, hatte die
15 3568 609 3649 dieses Menschen einen tiefen Ein¬
651 3582 1848 3642 Gesicht, seine Erscheinung seien in seiner Jugend genau so gewesen.
1927 3590 3072 3652 sozialistische Strömung, die damals die ganze russische Jugend
649 3635 1849 3692 wie de Lacretelle sie beschreibe; mit alten Lichtbildern könne er es
1926 3633 3080 3696 fortgerissen, ihn dazu bewogen, ein Handwerk, und zwar das eines
10 3645 613 3724 Lacretelle — aus dem Kreise
655 3672 1843 3736 beweisen. Auf dem Gymnasium habe er in genau derselben Haltung
1911 3680 3074 3730 Mechanikers, zu erlernen, um sich unter das Volk zu mengen, es
29 3712 617 3772 spielt etwa in den Jahren 1894
656 3724 1847 3780 gegen die kompakte Majorität seiner Mitschüler kämpfen müssen,
1921 3720 3065 3784 kennenzulernen und ihm brüderlich beizustehen. Von diesem
1 3758 613 3811 s=Affäre und könnte als das
656 3760 1838 3819 wie der Held des Romans. Er habe die ungarischen Klassiker be¬
1912 3766 3063 3823 Handwerk lebte er jetzt, nachdem er infolge eines vereitelten An¬
11 3798 614 3853 ances breiter „Histoire contem¬
661 3807 1833 3861 geistert und überzeugend deklamiert und habe ungarischer Schrift¬
1928 3807 3076 3866 schlages auf das Leben des Kaisers geflohen war. Um diesen
10 3838 610 3883 as Problem Franzose= Jude ist
664 3850 1843 3905 steller werden wollen. Und aus denselben Erwägungen, die den Roman¬
1918 3849 3063 3902 Anschlag auszuführen, hatte er einen Monat hindurch im Keller
1 3879 620 3930 rmel einer Kinderfreundschaft zu¬
662 3892 1837 3943 helden in seine resignierte Wahl treiben, sei auch er nicht Schrift¬
1918 3894 3065 3951 eines Obsthändlers gelebt, eine Mine quer unter der Straße an¬
8 3902 608 3978 Protestant, erzählt von seiner lei¬
653 3933 1840 3990 steller, sondern Antiquitätenhändler geworden. Daß er damals
1913 3938 3073 4004 gelegt, Bomben geladen, in der fortwährenden Gefahr, samt dem
12 3960 609 4020 gestärkten, von Anfang an melan¬
658 3973 1842 4030 richtig gewählt, daran habe er bisweilen gezweifelt, nun aber, da
1913 3983 2449 4040 Hause in die Luft zu fliegen.“
-2 4006 610 4051 ahme an seinem Klassenkameraden
647 4015 1847 4078 er sich als Romanfigur erblickt und erkannt, da er seine Motive von
1938 4009 3080 4091 Der andere Souvarine ist keine Phantasiegestalt — er ist vom
-7 4045 612 4108 en Kampf um diese Freundschaft
655 4061 1839 4115 damals, und zwar alle der Reihe nach, durchschaut und zerlegt und
1882 4068 3076 4128 Weibe geboren. Boris Souvarine stammt aus Rußland.
0 4091 609 4151 Jungen, gegen seine Eltern, gegen
652 4108 1846 4160 gebilligt gefunden habe, nun bezweifle er nicht mehr, daß es
1876 4110 3072 4162 Er floh vor der Gewaliherrschaft der Zaren, kam nach Frankreich,
1254 4145 1467 4207 G
