3296 4224
154 141 1004 215 31. Fraeulein Else
540 205 809 257 — en ete en ereren
938 331 999 400 N
180 318 477 399 M. eeeeeene
239 428 1075 528 Argus Suisse et intergational de la Presse 3.
393 514 969 582 23, Rue du Rhöne - GENEVE
190 572 1072 650 Adr. télégr.: Coupures-Genéve — Tél. 44.005
213 649 1146 717 Bureau International de coupures de journaux.
316 701 1063 752 Traductions de et en toutes langues.
232 814 1127 885 Correspondants dans toutes les grandes villes.
165 924 572 1003 Extrait du Journal:
155 1022 358 1098 Ad- ase:
524 1016 1064 1152 Die Stunde. Wien
680 1102 944 1208 FEy. 1930
151 1112 295 1204 Date:
653 1167 1226 1255 EERET
401 1198 1248 1323 V 1I., relephon Nr. B 50=175
702 1386 1082 1531 Se
783 1441 1227 1636 GN
904 1584 1162 1728 K
371 1720 1188 1818 Artur Schnitzler und Elisabeth Bergner.
360 1789 1238 1860 Aus den Repertolfegeheimnissen des Theaters
362 1843 1238 1886 in der Josefstadt — Komponieren und Skat¬
383 1880 1243 1942 spielen. — Armin Berg fliegen gebratene Gänse
716 1916 906 1992 ins- Hgus.
419 1957 1235 2037 In der Donnerstag-Vastellung von Schnitz¬
942 2027 1236 2083 — es war die
374 2025 947 2093 lers „Spiel der Semcherlüfte“
380 2073 1242 2122 letzte dieser Saison, denn Moissi hat andere
760 2120 1243 2174 konnte man eine inter¬
379 2116 752 2173 Verpflichtungen —
384 2170 1230 2212 essante Loge sehen. In ihr saßen Artur Schnitz¬
387 2203 1237 2266 er und Elisabeth Bergner. Elisabeth Bergner
385 2246 1240 2300 wollte nicht versäumen, Artur Schnitzlers
383 2296 1243 2336 neues Werk zu sehen, das sie natürlich von
383 2338 1238 2392 der Lektüre her kennt. Die Bergner gehört ja
377 2383 1234 2435 zu den herzlichsten Schnitzler-Verehrerinnen.
383 2423 1238 2474 Von Jugend auf ist Artur Schnitzler ihr Dich¬
383 2468 1244 2517 ter gewesen, der Dichter, für den sie schon als
376 2514 1237 2565 Kind eine tiefe Schwärmerei hatte. Sie war es
380 2554 1237 2608 ja, die „Fräulein Else“, eine der Meisternovellen
380 2598 1247 2646 Schnitzlers, in ganz Deutschland vorlas. Es
377 2641 1234 2699 bestand nun der Plan, daß Elisabeth Bergner
384 2696 1246 2745 „Fräulein Else“, die sie bekanntlich schon im
389 2738 1234 2786 Film gespielt hat, auch auf dem Theater dar¬
389 2781 1245 2830 stelle. Die Bergner hatte verschiedentlich Be¬
381 2822 1244 2878 sprechungen mit Artur Schnitzler, der natür¬
385 2862 1232 2916 lich der Idee begeistert zustimmte. Doch Artur
390 2904 1240 2955 Schnitzler gehört zu jenen streng denkenden
382 2947 1248 3001 Künstlern, die es mit den Gesetzen der Kunst
390 2993 1236 3042 für unvereinbar halten, aus einer Novelle ein
383 3036 1238 3084 Theaterstück zu machen oder einen Roman zu
389 3071 1237 3129 dramatisieren. Er weigerte sich daher, „Fräu¬
383 3127 1248 3181 lein Else“, die in der Novelle ihre endgültige
382 3168 1242 3215 Form gefunden habe, in ein Theaterstück, das
383 3210 1242 3266 heißt, in Akte und Szenen, umzuwandeln. Es
391 3261 1239 3310 wurde daher ein Projekt besprochen, demzu¬
379 3288 1245 3351 folge Elisabeth Bergner „Fräulein Else“ auf
392 3341 1238 3393 der Bühne sprechen solle, in einer Art Wandel¬
381 3381 1242 3441 Dekoration, die die einzelnen Schauplätze
390 3430 1238 3486 wiedergibt. „Fräulein Else“ ist bekanntlich ein
390 3477 1236 3528 einziger großer Monolog; dieser Monolog sollte
383 3519 1234 3572 Elisabeth Bergner sprechen, während die Per¬
381 3575 1245 3613 sonen, die im Monolog eine Rolle spielen, je¬
385 3611 1230 3662 weilig aus der Kulisse in das dramatische Ge¬
384 3651 1238 3704 schehnis eintreten. Professor Oskar Strnad hatte
390 3689 1244 3746 auch bereits eine Dekorationsidee, durch die
387 3737 1228 3807 man das Problem dieser Darstellung — Mono¬
381 3781 1236 3832 log als Theater — lösen könnte. Direktor
378 3826 1235 3884 Dr. Klein wollte „Fräulein Else“ unbedingt
377 3868 1245 3924 mit Elisabeth Bergner als zweite Novität
388 3919 1249 3975 spielen, aber da kam das Zerwürfnis zwischen
382 3953 1235 4011 Klein und der Bergner und „Fräulein Else“
378 4006 1071 4065 bleibt bis auf weiteres unaufgeführt.
1189 137 1524 224 box 5/5
1593 1376 3052 1481 b Fac Torae, De. Atretten
2664 1498 2733 1561 2
2517 1538 2698 1603 9 00
1419 1627 2273 1718 waldb (Seite 58), oder über Ludwigslust nach
2324 1638 3183 1720 akzeptierte, wie überall wo Kunst am Werk ist,
1421 1686 2273 1751 Vierlande, zu dem berühmten „Blumen= und Ge¬
2322 1706 3174 1757 ohne weiteres alle Voraussetzungen und glaubte
1420 1737 2137 1795 müsegarten“ Hamburgs (Seite 153). —
2326 1740 3172 1794 aufs Wort, daß Sein oder Nichtsein eines Men¬
2134 1742 2267 1795 Proben
2337 1778 3178 1849 chen vom Ablegen oder Nichtablegen eines
1425 1783 2275 1838 aus dem „B. Z.=Autoführer“ erhalten Sie jetzt
2334 1810 2641 1867 Mantels abhinge.
1416 1818 2271 1884 Obrigens in allen Ullstein=Filialen kostenlos.
2380 1838 3176 1912 Allerdings sprach Leontine Sagan die Titel¬
1419 1861 2266 1930 Zwei Strecken sind dem Führer ungekürzt ent¬
2334 1896 3169 1952 rolle hinreißend, und Oskar Sima die des
1414 1914 2273 1965 nommen, die eine geht von Berlin über Kremmen
2325 1935 3179 1990 eigentümlichen Geldmannes nicht wenigen
1412 1952 2277 2016 nach Rheinsberg (84 Kilometer), die andere von
2325 1971 3157 2021 plastisch. Durch den vielfach wechselnden (ge
1423 1993 2267 2056 Berlin über Königswusterhausen nach Lübben¬
2324 2017 3158 2084 dachten) Schauplatz bekam das Ganze Abwech
1420 2035 1977 2109 Unterspreewald (87 Kilometer).
2329 2048 2633 2111 lung und Farbe.
3010 2080 3154 2143 M. N.
2514 2124 2985 2199 Wir sollen hören ...
2375 2168 3173 2227 Unter der Leitung von Edlef Köppen ver¬
2316 2213 3177 2281 anstaltet die Funkstunde Sonnabend, 23. August,
1606 2156 2088 2300 Fräulein Else
2321 2264 3166 2317 20 Uhr, im Hause der Funkindustrie ein Ka¬
1472 2274 2194 2365 Schnitzlers Novelle als Hörspiel
2321 2301 3165 2351 barett, das auf den Berliner Sender über¬
2312 2340 3173 2383 tragen wird. Mitwirkende sind: Trude He¬
1467 2342 2271 2422 Heute würde kaum ein Geldgeber auf die
2332 2376 2719 2430 terberg, Ellen
2719 2380 3086 2435 Schwannecke,
3081 2381 3170 2434 Lore
1408 2393 2269 2457 Idee kommen, als Preis für die Rettung#es
2319 2411 2937 2476 Mosheim, Käte Erlholz,
2974 2419 3173 2473 Annemarie
1410 2443 2266 2509 Vaters den hüllenlosen Anblick von dessen Tochter
2318 2451 3168 2503 Hase, Wilhelm Bendow, Rudolf Relson,
1401 2490 2260 2538 zu verlangen. Keinesfalls würden heute Zu¬
2314 2497 3167 2540 Hugo Fischer=Köppe, Austin Egen, Ernst
2319 2534 3178 2594 Busch und Wolfgang Zilzer. Am Flügel
1409 2529 2266 2593 mutungen dieser Art eine resolute, natürlich
2311 2567 3165 2627 begleitet Hans Sommer. Ferner wirkt die
1411 2585 2255 2642 empfindende Jungfrau in eine solche Panik ver¬
2318 2609 2980 2666 Kapelle Gerhard Hoffmann mit.
1412 2620 2266 2691 setzen, daß sie nun gleich, halb irre, nackt im
2725 2657 2762 2696 *
1408 2665 2263 2714 Musikzimmer eines vollbesetzten Alpenhotels er¬
2374 2666 3168 2749 Für den verhinderten Paul Kornfeld wird
1409 2706 2263 2778 schiene und sich nachher mit Veronal vergiftete
2312 2734 3167 2779 Sonnabend, 23. August, 19.25 Uhr, in der Ver¬
1404 2754 2263 2819 Trotzdem war der Eindruck von Schnitzlers
2312 2774 3169 2824 anstaltung „Erzählung der Woche“ im
1402 2794 2270 2865 dialogisierter Novelle wiederum sehr tief. Man
2317 2809 3132 2873 Berliner Sender Hans G. Lustig sprechen.
