3392 4256
210 96 1050 185 31. Fraculein Else
322 749 1151 835 WIENER MESSE
370 840 1147 884 7. bis 13. März 1937 — Technische und
380 883 1146 946 Landwirtschaftliche Messe bis 14. März
375 937 1146 980 Auskünfte aller Art erteilen die ehrenamtlichen Ver¬
371 967 1137 1007 treter dor Wiener Messe in allen größeren Städten der
375 995 1140 1041 Welt sowie das Zentralbüro der Wiener Messe-A. G.,
599 1028 928 1074 Wien, VII., Messepalast
800 1130 844 1182 K
313 1130 811 1219 „OBSERVER
373 1211 1146 1252 österr. behördlich kor ssioniertes Unternehmen für
374 1241 1134 1287 Zeitungsausschnitte, Wie „I., Wollzelle 11, Tel. R 23-0-43
304 1402 1044 1493 Ausschnitt 3OHEMIA, PIAG
601 1536 991 1644 2. FEB. 135
298 1631 405 1694 vom
442 1727 982 1838 „Fräulein Eise“
513 1831 948 1909 (Neues Theater)
342 1905 1187 1969 Der Einfall, Arthur Schnitzlers Novelle
261 1951 1182 2011 „Fräulein Else“ zu dramatisieren, ist eigentlich
258 2003 1180 2053 absurd; das Theaterstück, das Ernst Lothar
257 2047 1186 2102 aus der Novelle gemacht hat, beweist jedoch das
257 2082 1175 2139 Gegenteil. Von der Novelle, die Schnitzler 1924
258 2130 1184 2191 geschrieben hat, geht offenbar eine große Lockung
263 2173 1183 2223 ius; „Fräulein Else“ ist auch verfilmt worden,
257 2220 1187 2269 und die zarte, morbide Schönheit des nervösen
250 2261 1185 2313 Wiener Bürgermädchens „aus gutem Haus“ das
260 2301 1173 2354 Elisabeth Bergner in diesem Film gewesen ist
264 2346 1184 2390 bleibt unvergeßlich. Das Fräulein Else in der
255 2388 1174 2443 Novelle ist um eine Nüance weniger sensitiv als
249 2425 1178 2483 die Film=Else der Bergner; und das Fräulein
257 2476 1170 2528 Else Ernst Lothars ist um einige Nüancen robu¬
264 2516 1184 2575 ter als die Novellen=Else. Daß diese Dichtung
267 2564 1176 2619 o lockend bleibt, ist im Grunde erstaunlich; denn
257 2606 1180 2661 heute hat man wenig Verständnis für den tra¬
247 2649 1180 2699 gischen Konflikt, an dem Fräulein Else zugrunde¬
260 2690 1176 2748 seht. Ihr Vater braucht Geld, sie opfert sich
265 2740 1176 2782 ür ihn, indem sie sich das Geld von einem
250 2780 1177 2834 Manne geben läßt, der die Bedingung stellt, sie
249 2825 1186 2872 nackt zu sehen. Deshalb begeht sie Selbstmord.
250 2869 1186 2923 Eine wahrhaft unzeitgemäße Tragik, weniger
249 2906 1176 2959 dem heutigen Menschen begreiflich als die
247 2952 1184 2997 Tragik der einst so beliebt gewesenen Monna
256 2995 1184 3048 Vanna. Schnitzlers Novelle ist ein Monolog; das
255 3041 1185 3089 etwas überspitzte Meisterwerk eines Psochologen.
255 3083 1187 3136 Lothar, der als Erzähler einige Male gezeigt
257 3126 1189 3172 hat, daß er sich in dem Seelenleben junger
258 3172 1183 3219 Mädchen wie selten ein Mann zurechtfindet, hat
261 3215 1190 3265 ius dem Monolog ein handfestes, auch als
253 3251 1183 3317 Kunstwerk sehr respektables Theaierstück ge¬
255 3297 1190 3360 baut. Elses Vater, in der Novelle ein Hasardeur,
254 3350 1173 3397 ist in dem Stück ein edler Mann; ein Menschen¬
270 3389 1192 3438 reund, den sein gutes Herz zugrunderichtet. Und
250 3425 1188 3483 Else in der Novelle so erschüttert von sich selber,
257 3475 1181 3528 daß sie nur noch denken und phantasieren, aber
246 3519 1189 3566 mit keinem Menschen mehr sprechen kann, ist in
243 3559 1194 3631 dem Stück imstande, vor dem Selbstmord zu
1233 97 1568 186 box 5/3
1218 1745 2147 1811 dinieren, Konversation zu machen, heikse Tele¬
1216 1800 2145 1846 phongespräche zu führen. Sie bleibt trotzdem ein
1220 1842 2142 1899 Wunderwesen aus einer entschwundenen Zeit.
1304 1879 2145 1942 Max Liebl inszenierte das Schauspiel so
1227 1917 2144 1979 ackend, daß man die Grenze, die das Stuck von
1218 1974 2150 2029 der Novelle scheidet, übersah und sich ganz in
1226 2018 2141 2070 as Schicksal des jungen Mädchens und ihrer
1217 2059 2137 2113 Familie einleben konnte. Fräulein Else war Lisl
1215 2103 2138 2161 Macheiner; ein sehr anmutiges, schönes,
1229 2147 2143 2196 eineswegs neurasthenisches und trotzdem ein¬
1220 2190 2148 2247 leuchtend ihren Weg gehendes Fräulein Else, das
1229 2230 2148 2281 ich von dem Fräulein Else der Bergner unter¬
1225 2275 2135 2324 cheidet wie Lothar von Schnitzler. Eine präch¬
1223 2319 2145 2365 ige Gestalt schuf Fritz Klippel als Dorsday.
1220 2362 2142 2414 Das war ein dunkler Ehrenmann, der in jedem
1218 2405 2135 2459 Wort und mit jeder Geste das Grauen Fräu¬
1232 2446 2138 2504 ein Elses und das Vertrauen der Tante Emma,
1219 2491 2144 2542 die ihn für einen seelensguten Menschen hält,
1220 2536 2135 2581 rechtfertigt. Diese Tante gab Lotte Stein mit
1217 2582 2140 2642 einer humorigen Ahnungslosigkeit, die voll tref¬
1228 2617 2148 2677 ender Pointen war. Den Vater stellte meister¬
1223 2665 2141 2712 ich Fritz Valk dar, der in seiner einzigen
1219 2708 2146 2758 Szene die ganze Tragödie eines verpfuschten Le¬
1211 2749 2133 2796 bens aufbaute. In kleineren Rollen bemerkens¬
1224 2796 2150 2855 vert: Fritta Brod als Frau Winalver und
1220 2838 2141 2901 Herr Schmerzenreich als Paul. — Das
1219 2882 2133 2951 Stück schien dem Publikum ausgezeichnet zu ge¬
1223 2925 1331 2985 allen.
2327 141 3144 259 WIENER MESSE
2382 234 3143 308 7. bis 13. März 1937 — Technische und
2384 271 3155 350 Lan. virtschaftliche Messe bis 14, März
2385 321 3143 395 Auekürfte aller Art ertellen die ebronämtlichon Ver¬
2382 362 3143 424 treter der Wiener Messe In allen größeren Städten der
2381 393 3138 450 Welt cowio das Zentralbüro der Wienor Messe-A. G.,
2601 428 2935 481 Wien, VII., Messepalast
2317 525 2806 617 OBSERVER
2371 601 3129 664 I. östurr. behördlich konzeseloniertes Unternehmen für
2372 635 3135 698 Zeltungsausschnitte, Wien.“ Wollzeile 11, Tel. R 23-0-43
2570 672 2604 722 —
2296 794 3024 909 Ausschnitt aus: ∆ CCO 1027
2927 933 3044 1029 TPA
2472 950 2876 1042 Prager#a
2300 1006 2401 1074 vom
2327 1171 2763 1263 „Fräulein Eise“
2474 1252 2978 1337 Neues Deutsches Theater.
2308 1310 3176 1381 Es ist anzunehmen, daß Schnitzler, der Mei¬
2274 1367 3173 1422 ster des Dramas, die Geschichte von dem stolzen
2275 1412 3182 1472 und lüsternen „Fräulein Else“ nicht ohne
2268 1460 3170 1511 Grund zwar dem Drama sehr angenähert (die
2272 1496 3170 1549 Novelle ist als Monolog geschrieben), aber doch
2268 1542 3180 1592 nicht auf die Szene gebracht hat. Die Novelle
2275 1581 3169 1632 bewahrt in der Ich=Form eine Traumhaftigkeit
2277 1628 3165 1686 Ueberhitztheit, Unwirklichkeit, die der Bühne ver
2268 1668 3171 1716 sagt ist. Mehr als das: der feinste Zug der No¬
2268 1708 3173 1767 velle liegt darin, daß dieses junge, nervöse
2271 1753 3162 1808 Mädchen, das von dem Wüstling Dorsday zu
2269 1797 3166 1844 einer Nackiszene à la Monna Vanna gezwunger
2267 1840 3168 1886 wird, im Grunde ihre schöne, knospenhafte
2262 1880 3171 1927 Nacktheit gern zeigen möchte. — nur gerade
2263 1924 3150 1975 diesem alten Manne nicht, sondern einem sch
2269 1968 3166 2011 nen jungen Italiener (der in der Dramatisie
2275 2009 3176 2057 rung nicht vorkommt). Schnitzlers Else kämpft
2266 2048 3163 2100 einen Streit zwischen bürgerlichem Anstand un
2273 2099 3167 2150 inreif=perverser Sinnlichkeit aus, kommt nich
2268 2136 3179 2187 zu Rande damit, in ihrem Selbstmord liegt zu¬
2276 2181 3164 2231 leich eine Selbstbestrafung. Das Drama muf
2265 2219 3177 2268 eindeutige Wirkungen suchen. Lothars
2264 2264 3180 2315 Szenenfolge will Spannung und Konsequenz,
2273 2308 3165 2359 die zarte psychologische Kompliziertheit, die
2262 2342 3181 2392 lebensvolle Unlogik Schnitzlers sinkt zugunsten
2272 2390 3176 2447 der Bühnenschlagkraft in den Hintergrund. Auf
2273 2434 3184 2480 olche Art entstand ein Theaterstück, das den
2265 2475 3180 2533 Stimmungsreizen der Schnitzlerschen Erzählung
2266 2519 3186 2566 gerecht wird und durch die scharf umrissenen
2263 2564 3174 2616 Charaktere interessiert, die aus dem Relief in
2269 2604 3174 2664 eine neue Welt der Plastik und des Schein¬
2263 2649 2757 2703 werferlichts hervortreten.
2297 2689 3185 2752 Für Milieu und Gesamtwirkung hat Liebls
2261 2735 3176 2796 Regie immer ein seines Fingerspitzengesühl. Wir
2260 2783 3171 2830 wandeln durch die Räume eines fashionablen
2266 2824 2562 2882 Alpenhotels —
2594 2824 3174 2888 Tennisplatz, Bar, die Halle,
2262 2870 3182 2915 der Speisesaal, alles wirkt echt und man hat
2266 2914 3169 2964 den Eindruck, daß sich die Schauspieler (von
2266 2956 3176 3013 einigen Statisten abgesehen) völlig natürlich,
2268 2989 3176 3052 vie mitten im wirklichen Leben bewegen. Lisl
2264 3040 3176 3083 Macheiner weiß die Hauptgestalt sehr fein
2263 3080 3177 3131 zu prosilieren, solange es beim Geplänkel
2262 3123 3182 3175 bleibt. In der stärksten Szene des Stücks, in der
2260 3164 3175 3212 Klippel als Dorsday überraschend den Ueber¬
2260 3209 3176 3261 gang aus dem Weltmann in den sadistischen
2257 3252 3167 3306 Lüstling vollzieht, zeigt diese „Else“ schönen
2254 3294 3164 3342 mädchenhaften Elan, unverdorbene Kraft. Die
2266 3337 3166 3383 tragischen Szenen gegen das Ende hin gelingen
2258 3378 3134 3432 ihr weniger; es gebricht an Tempo und Blut.
2299 3425 3168 3483 Eine Fülle von Episoden, unter denen na¬
2256 3471 3166 3523 mentlich die des Vaters (die Ernst Lothar aus
2264 3512 3171 3566 Eigenem sehr glücklich dem Lauf der Handlung
2260 3547 3159 3605 einfügt) durch die starken echten. anklägerischen
2260 3600 3176 3653 Töne Valks ergriff. Lolte Stein als schwatz¬
2271 3641 3170 3697 afte Verwandte, Frika Brod und Elsbeth
2258 3681 3160 3737 Warnholz als boshafte Damen der Gesellschaft,
2261 3728 3174 3783 Schmerzenreich als ratloser Freund des armen
2255 3755 3172 3819 Mädchens runden das Bild eines seltsamen Vor¬
2258 3823 3164 3870 gangs, der wischen gährender Jugend, Patho¬
2257 3855 3173 3908 logie, Familiengefühl, Nervenschwäche, Ge¬
2260 3902 3161 3961 nießertum und sozialer Kritik in eine ferne er¬
2260 3934 2676 4004 sehnte Reinheit weist.
3050 3938 3135 3992 mb.
