3392 4256
1263 115 1617 205 box 5/3
248 121 1106 200 31. Fraeulein Else
630 794 1054 865 Extrait du journal:
1141 801 1431 879 Züricher Post
631 875 813 945 Adresse
1164 874 1335 948 Zürich
621 960 756 1019 Date
873 1034 1127 1105 1 4 OEC. 1936
763 1180 1174 1271 „Fräulein Else“
731 1265 1506 1358 Premiere in Schauspielhasts.
827 1333 1760 1404 Arthfur, Schnictler,hat in seiner Novelle
777 1389 1755 1442 Fräulzinlse zarte, geistig schmiegsame und
774 1436 1762 1480 literarlsch feingespielte Tone angeschlagen. Man weiß,
775 1473 1756 1524 wie wahrheitsliebend Schnitzler war und wie er trotz
768 1522 1764 1563 aller' winkenden Vorteile auch in den heikelsten Le¬
777 1550 1768 1602 benslagen aus seinem Herzen nie eine Mördergrube
769 1590 1764 1630 bereitet hat. So auch in seiner Novelle. Diese Mo¬
775 1625 1756 1678 nente, die ins episch=lyrische Gebiet gehören, sind für
769 1667 1768 1711 die Dramatisierung des Stoffes nicht sehr geeignete
768 1707 1761 1752 Handhaben. Wohl aus solchen Ueberlegungen heraus
769 1740 1768 1790 mußte Ernst Lothar in seinem Schauspiel streng
761 1780 1766 1822 darauf achten, daß die Bilder mit genügendem Pulver
771 1821 1759 1869 der Handlung geladen waren. Aber auch einem noch
764 1852 1759 1903 viel genialeren Gesialter als es Lothar ist, wäre dieses
770 1899 1769 1947 Unterfangen bei diesem Stoff nicht restlos gelungen.
761 1933 1766 1980 So erscheinen in der Dramatisierung Lothars Bilder,
763 1971 1766 2013 die eigentlich ziemlich überflüssig sind. Aber das Pu¬
763 2012 1761 2059 blikum amüsiert sich an den Szenen, wenn an sich die
770 2049 1770 2095 Anwaltstochter mit ihrem sittlichen Ernst eher zum
761 2087 1767 2134 Nachdenken zwänge. Ellen Schwanneke, die wieder
766 2127 1771 2177 begrüßt werden kann nach langer Abwesenheit, hat sich
764 2167 1769 2205 nicht viel Mühe kosten lassen, um den Ernst der Situa¬
770 2201 1761 2251 tion nicht lächerlich zu gestalten. Denn ihr großes
768 2244 1768 2300 Können verbürgt auch in der humorvollsten Umge¬
768 2280 1777 2323 bung, für rein individuelle Leistungen. Sie weiß als
772 2322 1761 2371 „Fräulein Else“, wie ihr Vater leidet. Sie spürt den
776 2359 1767 2408 Kummer, den er durchlebt und ist schließlich bereit,
762 2396 1769 2440 dem alten Schwerennöter Dorsday nachzugeben. Aber
769 2432 1761 2483 die Art und Weise wie sie die Bedingung, die für die
773 2471 1795 2532 Erlegung der 60000 Schilling eingegangen werden muß,
1792 1148 2810 1200 erfüllt, führt sie vom Leben zum Tod. Eine sehr reale
1790 1181 2798 1234 und nüchterne, zugleich auch tragische Lösung, die aber
1801 1219 2801 1266 m Stücke nicht so recht zum Ausdruck kommt. Flott
1789 1265 2787 1316 gespielt und jeder Situation, auch über die Zwangslage
1787 1301 2788 1347 im Stücke heraus, gibt sich Erwin Kalser als Dorsday,
1794 1339 2802 1388 während Kurt Horwitzens Rechtsanwalt mit Emphase
1800 1377 2794 1432 das Schicksal anklagt und seine Handlungen, die an
1788 1410 2784 1458 Mildtätigkeit etwas übers Ziel schossen, verteidigt.
1795 1452 2791 1495 Doch darf schließlich zu guten Treuen anvertrautes Gut
1789 1487 2789 1534 nicht angegriffen werden. Smart in seiner Rolle fühlt
1797 1525 2802 1571 sich Emil Stöhr als Vetter und Liebhaber. Warum
1789 1564 2786 1608 nicht eifersüchtig sein, wenn es um ein so forsches und
1797 1605 2793 1651 fröhliches, zugleich auch verzogenes Mädchen geht?
1796 1645 2789 1691 Die Tante der Martha Hartmann war wie eben Tan¬
1801 1687 2798 1733 en sind: vorwitzig, verantwortungsbewußt, wenns
1800 1713 2791 1765 nicht um viel geht und eifersüchtig auf Schonheit und
1803 1802 2794 1847 Toiletten, elegant und reizend zugleich, verkörperte die
1801 1832 2787 1887 Lissy Mohr, die im Stück als Fullsel, auf der Bühne
1801 1869 2569 1925 aber als schöne Gestalt ihr Dasein fristet.
1847 1916 2799 1968 Das Publikum dankte zum Schlusse mit langan¬
1802 1961 2797 2012 haltendem Applaus, der ebensosehr der geschickten Re¬
1800 2008 2793 2057 gie Steckels und den heiteren Bildern Ottos als auch
1797 2042 2300 2101 den ganzen Ensemble galt.
2716 2045 2760 2097 S.
1812 2174 2182 2255 Verlangen Sie
2149 2257 2791 2335 in Hotels u. Restaurants
2155 2323 2326 2394 stets die
2232 2423 2691 2503 „Zürcher Post“
