3296 4256
83 106 947 183 31. Fraeulein Else
1114 99 1478 203 box 5/5
272 157 953 226 1 k    n den en enen en m —
502 638 1296 724 „OBSERVER
585 705 1251 777 I. österr. behördl. konzessioniertes
562 769 1286 827 Unternehmen für Zeitungs-Ausschnitte
625 812 1222 893 WIEN, I., WOLLZEILE 11
692 872 1151 935 TELEPHON R-23-0-43
506 1011 864 1087 Ausschnitt aus:
924 1063 1291 1179 der Morgen, Wien
943 1180 1177 1302 96. MR7
516 1216 655 1303 vom:
926 1438 2518 1572 Literatur am Naschmarkt
1323 1648 2116 1718 teragenten stellten einige talentierte Vor¬
2147 1627 2956 1716 gleichen Ansicht eine elegische junge Dame
532 1630 1298 1725 Wenn die Theaterkunst in die Kaffee¬
1317 1706 2122 1766 zimmerhocker bei, kleine Schauspieler, die
2141 1710 2948 1769 in einem effektvollen Stahlrohrfessel, die
487 1707 1292 1770 haussouterrains flüchtet, muß draußen eini¬
1324 1757 2127 1808 die lange Engagementlosigkeit bescheiden
2152 1759 2949 1816 von einem Klavier akkompagniert, aktuelle
499 1757 1296 1820 germaßen lausiges Wetter sein. Tatsächlich
1314 1804 2123 1866 genug gemacht hatte, um hier im Keller¬
2144 1802 2947 1860 Chansons vorträgt. Und auch der Manager
500 1808 1301 1865 hat es alle diese jungen Bühnenenthusiasten,
1313 1853 2115 1932 geschoß eines Teaterkaffeehauses der süßen
496 1851 1297 1906 diese Spielleute einer grausam=menschen¬
2140 1857 2955 1933 der „Stachelbeere“ (CaféDöblingerhof), der
1322 1898 2058 1958 Freude des Theaterspielens zu obliegen.
495 1903 1288 1966 fresserischen Zeitgottheit, anständig durch¬
2148 1902 2939 1965 Direktor des „Theaters der Neunundvier
1363 1944 2124 2013 Im Anfang war die kaufmännische Bi¬
485 1948 1300 2011 gebeutelt, zerzaust und umhergeworfen, bis
2138 1952 2939 2020 zig“ (das mit 50 Sitzen unter Konzessions¬
1321 1996 2114 2051 lanz. Sie war denkbar einfach: Der Cafe¬
497 1995 1300 2054 sie sich zu kleinen Kabarettzirkeln, zu un¬
2147 2008 2948 2057 zwang fiele und daher nur 49 hat), die
1317 2044 2115 2107 tier erweist sich als freundlicher Mäzen,
487 2039 1302 2106 konzessionierten „Theatern der Neunund¬
2161 2048 2938 2117 timmbegabten Darsteller des Kleinkabas
1324 2089 2111 2156 stellt den kleinen Saal zur Verfügung,
494 2091 1301 2147 vierzig“, zu jenen unterirdischen Verschwö¬
2144 2100 2941 2167 retts „Regenbogen“, das im Arkadencafé
1320 2140 2121 2190 kommt für Licht und Beheizung auf, für
488 2146 1299 2197 rungen anspruchsloser Brettlspielerei zu¬
2139 2142 2816 2211 ganz reizende Kurzopern aufführt
2900 2151 2954 2209 sie
1317 2182 2110 2236 den Bau der Bühne verausgabt sich der
494 2186 1299 2249 sammengeschlossen haben, die seit Monaten
2149 2189 2936 2248 alle sind der Ansicht, daß sich ein beläm¬
1318 2237 2113 2298 „Kapitalist“ und ein junger, begabter Büh¬
486 2247 1289 2298 den Kaffeehausgast von der P##idgepartie,
2149 2244 2940 2308 mertes Leben viel leichter ertragen läßt,
1316 2281 2120 2342 nenmaler, Herr Josefovic, der dem Ende
483 2284 1294 2340 von der Lektüre der Modejournale weg in
2149 2299 2940 2373 wenn man es mit buntbemalten Kulissen
1317 2329 2118 2385 der Volksoper seine Beschäftigungslosigkeit
496 2332 1293 2408 die Tiefe locken, wo ein Licht strahlt in der
2145 2340 2307 2404 umstellt.
1319 2379 2112 2427 verdankt, malt einen Kulissenhorizont in
488 2379 1289 2454 Finsternis, das sich „Der liebe Augustin“
2177 2373 2948 2448 Das ist nämlich die große Entdeckung
1321 2429 2112 2490 den buntesten Farben. Der Horizont dieser
494 2428 1283 2501 nennt, oder „Literatur am Naschmarkt“
2142 2445 2959 2518 dieser Kleinkunstbühnen, daß nämlich das
1324 2477 2117 2527 Theatergründung sieht allerdings weniger
492 2471 1293 2549 oder „Der Regenbogen“, oder gar „Die
1324 2521 2121 2598 freundlich aus. Man macht sich nicht viel
488 2523 1307 2577 Seeschlange“ (denn warum soll schließlich
1315 2570 2125 2635 Hoffnungen, man denkt nicht lange nac
488 2581 1297 2633 ein gutgeführtes Wiener Kaffeehaus nicht
1320 2611 1934 2688 man arbeitet an dem Repertoire.
484 2620 1211 2678 auch seine eigene Seeschlange haben?).
1361 2654 2113 2729 Erste niederschmetternde Entdeckung:
522 2677 1305 2729 Wenn man sich alle diese handgemalten
1326 2715 2117 2770 urchtbarer Autorenmangel auch bei dieser
493 2709 1298 2780 Einladungsplakate der Wiener Kaffeehaus¬
1323 2762 2128 2819 Kleinkunstbühne. Entweder fällt den jun¬
492 2771 1289 2823 kabaretts betrachtet, vermutet man nicht zu
1323 2808 2118 2867 gen Leuten nichts mehr ein oder die Not
483 2809 1292 2864 Unrecht tiefere Zusammenhänge, zwischen
1325 2858 2120 2918 der Zeit hat sie eben zu einer Sachlichkeit
490 2860 1289 2921 der Theaterpleite nämlich, und dieser drolli¬
1316 2908 2120 2967 erzogen, die ihr Taleni nicht auf dem tan¬
493 2912 1294 2964 gen Konjunktur einer Kabarettkunst, die
1317 2947 2038 3030 tiemenlosen Kaffehausbrettl verzettelt.
484 2953 1297 3029 längst schon totgesagt, eine Wiederauferste¬
487 3001 1298 3058 hung zu tief herabgesetzten Preisen feiert.
1323 3015 2122 3113 Die Metamorphosen des Herrn
489 3056 1292 3112 Und tatsächlich ist es das gleiche, brave, bür¬
1615 3083 1817 3158 Knöller
480 3090 1301 3158 gerliche Publikum, das heute keine Kunst¬
484 3152 1291 3214 stelle mehr ins Theater locken kann, das jetzt
1345 3139 2118 3208 So geht man eben in die Nationalbiblio¬
485 3196 1285 3248 Chansons und Kurzszenen gleichsam als
1326 3190 2115 3255 hek, stöbert „Die ergötzlichen Metamorpho¬
490 3243 1294 3303 Kipfelgebäck zur Kaffeehausmelange genießt
1317 3246 2125 3305 sen des Herrn Knöller“ auf, eine verstaubte
485 3294 1292 3347 und wenn man die lieben Leute fragt, war¬
1313 3294 2116 3357 Hanswurstiade, die gebürstet und neu auf¬
486 3339 1289 3394 um sie dem Klassikerabend untreu geworden
1317 3342 2122 3400 poliert wird (Herr Knöller hat einen Taler,
493 3383 1286 3445 sind und sich zum anmutigen Gschnas be¬
1317 3388 2112 3442 und wenn er einem guten Freund diesen
481 3437 1292 3488 kehren, dann heißt es: „Mein Gott — wer
1316 3433 2121 3505 Taler schenkt, dann kaust er ihm seine Ge¬
482 3487 1295 3548 hat heute das unbeschwerte Gemüt, um die
1322 3478 2119 3534 stalt damit ab wie den Schatten des Schle¬
491 3526 1296 3591 Entwicklung eines Seelenkonfliktes durch
1311 3534 2124 3581 mihl und kann in die Haut des Beschenkten
494 3573 1294 3638 fünf Akte zu überwachen!“ oder noch pro¬
1321 3581 2121 3639 kriechen. Zuletzt schenkt er das Gerostück
491 3616 1294 3689 saischer: „Wenn ich ins Kaffeehauskabarett
1320 3629 2115 3684 einem Sterbenden und wird mit knapper
485 3673 1296 3732 gehe, muß ich der Friseuse nichts zu ver¬
1316 3676 1903 3736 Mühe vor dem Exitus gerettet).
489 3718 1289 3776 dienen geben und kann mein Abendkleid für
1349 3725 2121 3782 Dann werden Strindberg=Parodien an¬
1313 3766 2122 3837 gefertigt — eine Familie voll köstlichsten
490 3771 945 3843 bessere Zeiten schonen!“
528 3797 1299 3877 Da ahnt man einiges. Vor allem: daß
1310 3824 2090 3881 Hasses und dämonischester Boshaftigkeit —
1314 3869 2117 3930 Professor Leid tritt auf, der Seelenforscher
481 3847 1294 3925 Kino und Kleinkabarett aus den gleichen
483 3904 1290 3977 Profitquellen schöpfen, wenn auch diese be¬
1310 3912 2117 3966 aus der Talgasse, und ein — mit feinster
489 3959 1298 4023 scheidene Kleinkunst bei weitem nicht so
1309 3959 2116 4011 Anspielung auf Herrn Professor Freud aus
488 4006 1289 4079 aus dem Vollen scheffelt, wie die Groß¬
1319 4008 2122 4058 der Berggasse, der den braven Schwejk von
1317 4057 2118 4108 der „Rederitis“ heilt. Eine feine Sache ist
485 4053 1074 4116 industrie für Zelluloidträume,
1401 4098 1857 4174 Rame
2960 1921 3161 2012 verrauchte
2961 2001 3156 2065 wart gle
2969 2052 3154 2115 wird dur
2971 2147 3139 2217 so erhält
2961 2191 3168 2267 bühne der
2979 2245 3159 2304 ere Beder
2964 2294 3153 2357 einen Sch
2960 2340 3157 2406 den billig
2971 2390 3146 2454 Gerngroß
2961 2441 3146 2520 zusperren
