3392 4256
1271 122 1623 214 box 5/3
252 129 1107 205 31. Fraeulein Else
924 196 1094 233 —
533 198 855 243 V
142 1041 635 1094 n Oprschrags schieden.
129 1125 438 1195 ind erklärt, sie
489 1128 1615 1188 Mädchen aufwacht. Sie hat den Zauber der Hilflosigkeit,
495 1179 1614 1233 sie wirkt hinreißend in der eindringlichen Kraft, mit der sie
149 1176 439 1239 zu tun haben.
486 1225 1621 1282 völliges Preisgegebensein glaubhaft erscheinen läßt. Sie
128 1222 434 1284 britz besorgt und
485 1264 1620 1317 hat die Gewalt leidenschaftlicher Ausbrüche und das Er¬
157 1263 433 1332 Man sieht ihre
503 1316 1609 1367 chütternde der in letzter Desperation versagenden und ver¬
128 1300 438 1377 derbare Schnee¬
495 1360 1612 1408 löschenden Kräfte. Ob die Szene, da Fräulein Else das
203 1357 429 1427 Skisprünge,
494 1403 1614 1460 Veronal nimmt, daran sie stirbt, überhaupt nicht gefilmt
147 1386 437 1477 dazwischen den
490 1454 1616 1504 oder nachträglich weggeschnitten wurde, weiß ich nicht. Aber
142 1455 436 1515 n. Aber es ent¬
501 1498 1615 1560 diese Szene fehlt, und sie wäre ein Höhepunkt im Film,
128 1497 446 1563 er dennoch der
492 1543 1619 1603 wäre ein Höhepunkt der Leistung von Elisabeth Bergner ge¬
142 1547 450 1615 ,dramatisch zu
496 1590 1621 1644 wesen. Daß sie bei Erhalt jener Schicksalsdepesche so lange
133 1595 437 1670 Schnitzlers hoch¬
487 1634 1610 1695 und so heftig weint, ist wohl ein Versehen des Regisseurs,
488 1681 1619 1738 vielleicht ihr eigener Irrtum. In diesem Moment hätte sie
137 1686 177 1749 t
170 1678 440 1750 sich, gerade
486 1724 1615 1780 erstarren müssen, ganz still werden, ganz besinnungslos.
179 1730 428 1795 vorüberflitzen
495 1773 1620 1825 Nur durch die allerknappsten schauspielerischen Mittel war
133 1777 440 1842 s Kino reichlich
490 1819 1620 1878 da jenes Zerschmettertsein wirksam zu machen, aus dem sich
129 1824 447 1888 losen Regisseuren
494 1866 1621 1910 der Entschluß emporringt. Heftig weint Else ja dann nach¬
127 1870 452 1936 deses Films sind
488 1908 1611 1957 her in der Unterredung mit Dorsday. Wie ergreifend der
133 1919 447 1981 chlmarkt durchs
491 1955 1607 2004 Augenblick, in dem sie seine Bedingung versteht: nackt!
126 1965 435 2031 Landschaften, die
496 2000 1618 2063 Und nachher fehlt wieder — ob nie gefilmt oder geschnitten?
134 2012 436 2072 at ein virtuoser
549 2050 1614 2104 die Szene, in der sie sich selbst das Opfer abnötigt,
156 2053 440 2119 Ohne Zweifel.
489 2080 1611 2150 nackt vor Dorsday hin zu treten, in der sie den Einfall hat,
140 2098 446 2163 Nomente hat er
492 2140 1614 2189 der Prostituierung von ihr fernhält: fehlt die Szene, in der
128 2143 445 2210 sehen begehrt, ist
504 2183 1618 2232 ie die Kleider ablegt und zum Gift greift, wie zu einer
138 2199 446 2258 enug sehen kann
492 2227 1613 2280 Rettung. Dann der letzte Augenblick, da sie in Gegenwart
146 2241 438 2305 sabeth Bergner,
499 2277 1631 2332 Dorsdays und aller Leute den Pelzmantel von ihrem
131 2289 445 2363 e Herr Dorsday
486 2322 1615 2376 nackten, jungfräulichen Leib niedergleiten läßt. Lieber
126 2356 445 2447 stler dargestellt,
499 2419 1615 2477 wirklich nackt sehen. Wenn sie, wie jetzt, uns den Rücken
200 2424 453 2490 Hier auf der
496 2461 1615 2506 kehrt, wenn eine Großaufnahme zeigte, wie der geöffnete
132 2469 445 2533 ebendigen. Daß
497 2506 1626 2555 Mantel ihr von den Schultern gleitet, eine Großaufnahme
159 2512 444 2580 flechten kann,
497 2535 1612 2602 Dorsdays begreifendes Entsetzen merken ließe, die Hand¬
144 2560 450 2625 Technik, die ja
496 2597 1613 2650 lung wäre in ihre höchste Erfüllung gehoben. Statt dessen
145 2609 444 2671 hat der Sprech¬
496 2642 1627 2694 umnebelt sich die Leinwand schamhaft und einfallslos —
130 2653 449 2720 ages wird er sie
503 2693 1618 2745 vielleicht beides, vielleicht auch nur als Objekt einer gar
137 2698 452 2764 ge an wird kein
497 2733 1622 2787 zu eifrigen Schere — und man sieht nachher nur einen
152 2744 440 2810 jetzt schon, im
498 2777 1628 2831 Wirbel durcheinanderstürzender Statisten, als gelte es
142 2788 444 2852 tlebenden Stein¬
505 2826 1619 2878 einem Feueralarm. Sinnreich und poetisch wirkt, nach Elses
134 2834 454 2901 enigen, die ihn
504 2871 1631 2929 Sterben, das Schlußbild: die mondbeglänzte, schneebedeckte
152 2883 448 2949 harten Fäusten
503 2919 1614 2970 Berglandschaft in ihrer imposanten Gleichgültigkeit gegen
139 2929 443 2993 n. So wuchtig,
497 2963 1649 3019 alles Menschenschicksal. Dieser Film bleibt sehenswert, weil
134 2977 444 3042 ühsam gezügelter
500 3006 1626 3067 Elisabeth Bergner so stark ist wie der Dichter. Und weil es
140 3022 450 3085 g ist sein Spiel.
506 3052 1628 3113 sich auch hier wieder einmal zeigt, daß der Dichter stärker
157 3066 443 3128 Mädchen, oder,
504 3101 1154 3164 ist, als die Filmmacher von heute.
1476 3101 1575 3171 Ks.
154 3115 450 3192 a rührend zum
2106 192 2156 250 *
2870 157 2950 213 Ne
2174 248 3059 379 Krdus Suisse et intermnational de ie Presse 8. A.
2323 339 2911 424 23, Rue du Rhöne - GENEVE
2133 381 3019 489 Adr. télégr: Coupures-Genéve — Tél. 44.005
2149 473 3090 558 Bureau International de coupures de journaux.
2269 530 3002 597 Traductions de et en toutes langues.
2181 625 3063 722 Correspondants dans toutes les grandes villes
2917 744 3027 821 7
2116 764 2533 844 Extrait du journal:
2688 790 2864 905 0
2124 876 2318 946 Adresse:
2552 944 2875 1040 —
2124 976 2260 1042 Date
2405 1174 2824 1267 Fräulein Else.
2197 1253 3014 1336 (Schnitzlier=Filmpremiere der „Concordia“.
2217 1313 3057 1379 Im Rochmen einer Festvorstellung des Jour¬
2182 1366 3052 1416 nalisten= und Schriftsteller=Vereins „Concor¬
2183 1405 3051 1480 dia“ gelangte gestern abends im Busch=Kino
2183 1449 3060 1500 der nach) Artur Schnitzlers Novelle „Fräu¬
2183 1491 3056 1543 lein Cilse von Paul-Ezinner verfaßte und
2189 1544 3055 1591 nszenieerte und mit Elisabeth Bergner in
2188 1576 3061 1627 der Titelrolle besetzte Film zur erfolgreichen
2167 1624 3049 1679 Erstau fführung. Schnitzlerschen Gedanken¬
2182 1675 3051 1723 gängen ist ein würdig=prominentes Film¬
2179 1712 3060 1763 gewalnd umgetan, schon nach außen hin. Ein
2178 1750 3066 1798 Qua rtett deutscher Bühnengrößen trägt die
2174 1793 3055 1843 kostb are Rollenfracht des Films auf verant¬
2168 1843 3052 1892 wor tungsbewußten Schultern: Albert Basser¬
2171 1873 3062 1933 ma un, Albert Steinrück, Elisabeth Bergner,
2174 1922 3055 1975 Ad ele Sandrock. Und was an Interieurs sicht¬
2162 1966 2962 2036 ba#r wird, ist durchwegs von Gediegenheit.
2233 2009 3053 2069 Schnitzlers Meditation eines jungen, von
2204 2053 3053 2111 eftigen Lebenseindrücken verwirrten Wesens
2195 2092 3055 2145 n seltsame Ich=Form fassender Erzählung eine
2196 2137 3065 2182 filmische Parallele zu schaffen, zürfte dem
2197 2182 3060 2234 Autor=Regisseur des Films vielleicht nicht un¬
2188 2222 3061 2269 lösbar, wohl aber mit Rücksicht auf die schwie¬
2199 2264 3057 2319 rige Auffassung des breiten Publikums in¬
2190 2309 3063 2362 opportun erschienen sein. Die Klarheit der
2195 2352 3051 2409 Handlung hätte in der Tat darunter gelitten,
2197 2397 3061 2444 würde man das seelische und geistige Erleben
2193 2438 3060 2495 Elses und nur dieses — der Form der Novelle
2199 2495 3047 2546 folgend — in Filmbildvisionen ausgelöst haben.
2187 2526 3057 2583 Doch wäre dies ohne weiteres möglich gewesen.
2192 2567 3060 2625 Um so mehr, als Paul Czinner ein Aufnahme¬
2192 2611 3054 2659 techniker zur Seite stand, der, selbst schöpfe¬
2189 2654 3053 2701 risch, wiederholt bewiesen hat, daß er das
2190 2697 3061 2754 Vokabular der Filmbildersprache vollendet be¬
2191 2743 3057 2798 herrscht: Karl Freund hätte mit unzähligen
2195 2793 3060 2842 interessanten Einstellungen (die übrigens der
2188 2827 3054 2883 Film auch in seiner vorliegenden Fassung auf¬
2189 2874 2925 2928 weist) subjektiv=psychische Vorgänge
2934 2873 3062 2928 (also
2184 2913 3054 2973 Fräulein Elses Ich=Gedanken) lesbar gemacht.
2230 2953 3052 3014 Czinner schälte aus „Fräulein Elses“ Er¬
2188 2998 3061 3046 innerungsaufzeichnungen die geradlinige Hand¬
2187 3041 3066 3102 lung, die im Film chronologisch entwickelt
2198 3094 3049 3146 wurde Damit war ein Vorteil gesichert: die
2199 3130 3049 3180 Gestalten um Fräulein Else gewannen scharfe
2195 3172 3055 3230 Konturen. Man verfügte über Rollen, nicht
2192 3216 3051 3273 bloß für Elisabeth Bergner (die in ihren jüng¬
2202 3262 3055 3313 ten Filmen fast nur noch Solo spielte), son¬
2190 3309 3055 3357 dern auch für die anderen: für Bassermann
2187 3347 3064 3392 und Steinruck. Die ersten Akte des Films, die
2194 3388 3049 3445 flüchtig Fräulein Elses fröhlich=kindhaft=reines
2180 3433 3048 3485 Wesen zeichnen, füllt die Tragödie des mate¬
2188 3472 3051 3526 riell, physisch und seelisch zusammenbrechenden
2197 3514 3059 3577 Vaters, des Dr. Thalhoff, die Albert Basser¬
2190 3560 3059 3617 mann, ein Meister der stummen Übergange
2183 3603 3050 3653 auch auf der Bühne, ergreifend gestaltet. Ihm
2187 3650 3047 3700 assistiert, als stets mit=optimistisch gewesene,
2186 3691 3043 3759 von Enttäuschung und Unglück nun schwer
2189 3727 2876 3773 mitbetroffene Gattin, Else Heller.
2228 3764 3040 3818 Wenn sich der Abblendungsvorhang über
2190 3815 3042 3866 diesen Abschnitt der Handlung gesenkt hat,
2183 3858 3045 3907 dann erst tritt Fräulein Elses Drama in das
2189 3901 3038 3945 entscheidende Stadium, dann hebt die Schick¬
2196 3944 3036 3993 alstragödie des Mädchens an, das#s dem
2195 3985 2849 4033 Traum harmloser Winterfreuden
2988 3988 3047 4037 8=
2189 4032 2984 4088 artiger Wirklichkeit erweckt und b#
2186 4072 2960 4130 Mission übertragen wird, deren Schwere
2675 4117 2970 4153 B
