3248 4384
347 141 503 231 31.
1372 135 1728 226 box 5/4
521 142 1206 208 Fraeulein Else
531 206 1211 246 —
832 846 1654 956 NEUE FREIE PRESSE
940 935 1536 998 Meistverbreitete Tageszeitung in Europa.
843 968 1655 1036 Maßgebendes politisches u. wirtschaftspolitisches Organ.
846 1004 1657 1071 Wirkungsvolles Inseratenblatt. Täglich zwei Ausgaben.
1131 1054 1366 1105 Administration:
962 1089 1554 1164 WIEN, I. FICHTEGASSE 9—11.
1312 1198 1359 1254 K
857 1206 1330 1318 „OBSERVER“
1093 1264 1665 1334 I. österr. behördlich konzessioniertes
1090 1309 1670 1369 Unternehmen für Zeitungs-Ausschnitte
1089 1342 1668 1408 Wien, I. Wollzeile 11, Telephon R-23-0-43
1048 1440 1502 1519 Ausschnitt aus der
882 1508 1673 1613 „NEUEN FREIEN PRESSE“
887 1656 1016 1742 vom:
1118 1729 1495 1840 3.OEZ. 1938
834 1929 1767 2063 Theater in der Josefstadt.
789 2012 1822 2140 Schnitzlers Fräulein Else“ dramotisiert.
823 2058 1877 2168 Die gestrige Erstaufführung der Dramatisierung von Artur
741 2111 1875 2221 Schnitzlers Novelle „Fräulein Else“ war vor allem vom Stand¬
756 2162 1877 2272 punkt der Darstellung aus interessant. Sie gab Rose Stradner,
753 2213 1876 2312 dieser schönen und talentvollen jungen Schauspielerin Gelegen¬
749 2254 1878 2359 heit, sich in einer großen, tragenden, beinahe tragischen Rolle
746 2309 1881 2409 zu erproben, vermittelte die Bekanntschaft mit Kaspar Brand¬
757 2347 1883 2452 hofer, der sich in einer ungemein schwierigen Aufgabe als
760 2397 1879 2495 Künstlei von bemerkenswerter Eigenart und faszinierender Inten¬
767 2437 1895 2546 sität erwies, und bot Bassermann — allerdings nur mit
768 2492 1890 2588 einer einzigen, jedoch entscheidenden Szene — den willkommenen
763 2530 1888 2636 Anlaß, wieder eine seiner Meistergestalten zu formen. Ob freilich
768 2583 1890 2678 dem Andenken des Dichters selbst damit ein besonderer Dienst
762 2634 1884 2728 erwiesen wird, daß man die heiklen Vorgänge des „Fräulein Else“
771 2675 1892 2774 dem grelleren Rampenlicht aussetzt, und inwieweit es Ernst
766 2724 1905 2823 Lothars bemerkenswert taktvoller Bearbeitung gelang, sie zu
778 2766 1908 2875 mildern, zugleich aber auch den Erfordernissen der Bühne an¬
767 2816 1893 2920 zupassen — darüber soll noch einiges gesagt werden. Das Premieren¬
771 2858 1897 2966 publikum der Josefstadt war ungemein angeregt und spendete
1755 2902 1908 2964 Beifall.
773 2912 1757 2999 nicht zuletzt der glänzenden Aufführung sehr lebhaften
1752 2953 1875 3023 E. R.
777 2962 1636 3066 Namentlich Bassermann wurde begeistert gefeiert.
2098 589 2851 769 Badgastem
2096 838 2505 929 Heilkräftigste
2104 890 2885 1016 Rsdiumtherme der Welt!
2353 999 2894 1101 Verlangen Sie Prospekte
2351 1062 2889 1153 von der Kurkommission!
2371 1231 2873 1374 „OBSERVER
2374 1340 2917 1430 Erstes österreichisches be¬
2376 1410 2912 1481 hördlich konzessioniertes
2385 1468 2687 1530 Unternehmen
2388 1492 2927 1582 für Zeitungsausschnitte
2163 1586 2423 1667 WIEN, I.,
2167 1617 2939 1724 Wollzeile 11 : Telephon R 23-0-43
2160 1783 2501 1866 Ausschnift aus
2550 1799 2874 1901 Der Tug, Eie
2177 1941 2305 2011 vom
2559 1939 2910 2047 DEZ. 1936
2654 2044 2711 2145 47
2730 2080 2966 2181 SGRN
2445 2143 2522 2208 K
2374 2226 2751 2323 „Fräulein Else“
2327 2298 2831 2381 Theater in der Josefstadt.
2191 2362 3008 2427 Schnitzlers unheimlich ansteigender Mono¬
2144 2406 3011 2480 lögvon Amauf des Fräuleins Else ist von
2151 2460 2998 2518 Ernst Lothar in ein griffiges, starkes Theater¬
2149 2504 3006 2558 stück verwandelt worden. Mit schöner Treue
2136 2553 3003 2609 gegen Schnitzler, aber auch mit Zufügungen,
2146 2599 3009 2643 die jenseits Schnitzler liegen; so besonders in
2145 2637 2996 2697 der Verwandlung des Vaters von Fräulein
2142 2679 3005 2739 Else in einen Idealisten, der sich opfert. Über
2139 2720 3005 2787 die Art und das Wesen der Bearbeitung soll
2138 2774 2998 2829 morgen ausführlich gesprochen werden. Und
2138 2812 2994 2875 auch über die interessaute, von Hans Thimig
2146 2861 3004 2913 auf starke Profilierung hin inszenierte Auf¬
2140 2894 3000 2948 führung, in der Rose Stradner dem. Fräulein
2142 2939 3001 3005 Else starke Akzente gibt. Der neue Kaspar
2129 2984 3007 3049 Brandhofer, wie es heißt, ein Debütant, wenn
2138 3026 3006 3095 auch im reiferen Mannesalter, hat nicht nur
2133 3072 3002 3118 einen echten Bart, sondern auch packende, un¬
2137 3121 3010 3172 gewöhnliche Intensität. Bassermanns Vater
2133 3165 2998 3220 ergreift. Stürmischer Beifall, für den zuletzt
2131 3198 2618 3260 auch Ernst Lothar dankte.
2812 3209 2957 3265 o. m. f.
