3392 4256
230 171 1071 244 31. Fraeulein Else
415 228 1078 275 „WV
1259 162 1602 247 box 5/3
1053 536 1458 595 Nr. 10.080. Seite 14.
1051 584 1904 638 stand fast gänzlich verarmt ist und außer¬
1038 632 1901 681 dem 150.000 arbeitslose Familien¬
1043 672 1901 716 erhalter ein kümmerliches Dasein führen
1043 709 1895 761 müssen. Hiezu gesellen sich noch die im allge¬
1049 748 1897 793 meinen zu hohen Preise der täglichen, zur Er¬
1045 788 1890 831 nährung lebensnotwendigen Bedarfsartikel, die
1046 827 1886 868 wieder eine außergewöhnlich geringe Nutzen¬
1044 864 1899 909 spannung im Kleinhandel bedingen, wodurch der
1051 903 1887 945 Ertrag des Handelsbetriebes einen Tiefstand er¬
1039 944 1887 991 reicht hat, der zur Deckung der durch die ver¬
1044 978 1896 1030 schiedenen Abgaben und Lasten erhöhten Regien
1041 1019 1896 1060 m den meisten Fällen kaum mehr ausreicht. Von
1048 1059 1887 1109 diesem Gesichtswinkel aus sind diese Zeilen auf¬
1048 1096 1887 1145 ufassen, welche nur den Zweck verfolgen, zunächst
1038 1135 1895 1172 den Abgebauten die nüchternen Tat¬
1052 1181 1887 1218 achen des wahren Sachverhaltes im Klein¬
1045 1210 1896 1261 handel vor Augen zu halten, dieselben vor dem
1039 1247 1882 1303 Zustram zum Handel zu warnen, gleichzeitig aber
1044 1296 1893 1341 sie vor dem drohenden Verlust ihrer
1043 1329 1885 1371 leßzten Reserven (Abbausummen) zu
1050 1366 1887 1417 chützen. Richard Diestler, Kommerzialrat, erster
1045 1403 1883 1459 Vorsteher der Genossenschaft der Handelslente
1038 1435 1208 1490 in Wien.“
1135 1535 1826 1621 Filine der Woche.
1046 1609 1870 1701 „Eesrordia“=Vorstellung im Busch=Kino.
1303 1683 1620 1742 „Fräulein Elfe.“
1105 1735 1888 1795 Die berühmte Schnitzlersche Novelle
1040 1774 1887 1832 „FräuleinElielwär zur Verfilmung be¬
1034 1817 1889 1870 sonders geeignet, denn in ihr wird die Vor¬
1034 1856 1885 1912 stellungswelt eines Menschen in seltener, auf¬
1041 1895 1645 1940 egender Bildhaftigkeit abgerollt.
1663 1897 1878 1946 Der zer¬
1041 1938 1885 1986 nurbende Seelenkampf eines jungen Mädchens,
1032 1975 1892 2026 das von Kindesliebe und Keuschheit erfüllt, nur
1026 2010 1886 2060 durch schwerstes Opfer den leichtsinnigen Vater
1027 2052 1888 2100 vor Verhaftung und Schande, wenn nicht gar
1030 2094 1877 2143 vor dem Selbstmord bewahren kann. Geld muß
1035 2126 1881 2179 sie schleunigst beschaffen, und zwar von dem
1024 2174 1886 2223 alten Wüstling Dorsday, der sein Entgelt dafür
1029 2204 1875 2259 beansprucht. Er verlangt zwar nicht, sie zu be¬
1034 2241 1879 2289 sitzen, aber er will sich an dem Anblick ihrer
1027 2272 1878 2336 Nacktheit berauschen. Else ist dem Ansturm ihrer
1032 2320 1875 2375 Empfindungen nicht gewachsen, muß daran zu¬
1036 2365 1884 2414 runde gehen. Sie begehl Selbstmord und führt
1034 2404 1886 2450 noch in ihrer letzten Stunde, besessen von den
1026 2434 1876 2483 Gedanken, die in ihrem Kopfe toben, die Szene
1033 2479 1879 2524 einer Wehnwitzigen auf. — Allererste Darsteller
1030 2511 1882 2567 des deutschen Films wurden aufgeboten, damit
1023 2551 1876 2600 die Novelle gleichwertig auf der Leinwand be¬
1037 2596 1877 2636 ebt wird. Elisabeth Bergner, die wunder¬
1029 2626 1880 2690 bare Spezialistin für seelisch Zersplitterte. Noch
1033 2670 1879 2715 umspielt ein konventionelles, ein wenig furcht¬
1023 2701 1874 2753 sames Lächeln ihren Mund, noch bewegt sie ein
1029 2747 1875 2795 wenig übermüng Kopf und Schultern. Aber
1032 2782 1873 2837 schon steigt tiefe Trauer in ihren Augen auf,
1034 2820 1873 2876 chon zucken ihre Hände nervös und fiebrig.
1035 2858 1881 2916 Schon strafft Entschluß ihren Körper zu ent¬
1025 2897 1872 2955 schiedener Gebärde und wieder erbebt sie in
1030 2939 1875 2988 ingstvollem Ueberlegen, in Erkenntnis von Hilf¬
1030 2987 1871 3028 osigkeit und Schwäche. Albert Bassermann
1033 3010 1872 3072 st der Vater, der Spekulant, der bedenkenlos
1025 3051 1880 3100 Ründelgelder veruntreut, voll optimistischer
1034 3088 1874 3145 hantasie und einer Leidenschaftlichkeit, die in
1019 3124 1871 3184 der Ratlosigkeit des Weltfremden ihren Nach¬
1028 3166 1877 3220 lang findet. Seine Augen blitzen, seine Zärtlich¬
1018 3204 1872 3259 keit ist nervös. Er spielt in Hoffnung und Ver¬
1025 3249 1867 3297 zweiffung einen Fiebernden, ein fieberndes
1023 3289 1871 3341 großes Kind. Steinrücks interessant charakte¬
1021 3326 1872 3373 risierter Dorsday ist gleicherweise abstoßend und
1019 3360 1867 3422 Mitleid erregend. Den künstlerischen Mittelpunk
1011 3401 1874 3453 des Films bildet eine ganz unerhörte Szene.
1020 3438 1866 3490 Else eilt Dorsday nach, ihm ihre Bitte um Geld
1021 3476 1865 3533 vorzuttagen. Und immer, sobald sie in seiner
1012 3511 1871 3573 Nähe ist und er sich ihr zuwendet, dreht sie sich
1021 3555 1864 3611 rasch um, um davonzugehen, besinnt sich bald
1018 3594 1874 3643 aber wieder eines anderen und folgt seinen
1027 3630 1872 3688 Schritten. Langgezogene Szene, die trotzdem noch
1018 3677 1863 3728 auf das Zehnfache ausgedehnt werden dürfte
1019 3710 1862 3758 ohne dadurch weniger zu fesseln. Hier tritt der
1020 3755 1864 3800 ganze innere Widerstreu auf das Erschütterndste
1018 3794 1867 3843 zutage. Regisseur Pau! Czinner hat mit
1020 3822 1861 3886 solchen Darstellern leichte Arbeit gehabt. Man
1008 3867 1863 3920 kann ihm durchaus nicht vorwerfen, daß er um
1014 3914 1860 3959 einer unkünstlerischen Ansicht willen das Niveau
1013 3943 1857 3996 des Films herabgedrückt hätte. Auch hat er durch
1014 3990 1859 4032 prächtige Landschafts= und Wintersportauf¬
1003 4025 1856 4082 nahmen um die in der Schweiz sich abspielend¬
1982 554 2025 594 4—
2117 547 2630 607 Ilustrierte Kionen=Zeitung.
2855 944 2916 1005 —
2320 975 2912 1103 ICasseemillel,
1941 1214 2807 1277 Tragödie einen schönen Rahmen geschlungen.
2819 1217 2922 1270 kitschi
1936 1254 2779 1304 Trotzdem ist der Film nicht ganz das geworden,
2818 1259 2892 1304 wird
1937 1298 2775 1341 vas er hätte werden können, und dies ist die
2820 1296 2899 1344 die
1931 1333 2768 1395 Schuld des Regisseurs. Er hat Unterlassungs
2829 1335 2913 1387 lusd
1945 1371 2775 1416 ünden begangen, hat es verabsäumt, Elses
2823 1377 2884 1420 eine
1937 1411 2777 1461 Visionen in ihrem wildesten Durcheinander auf¬
2829 1412 2919 1464 vähle
1933 1445 2784 1500 zuzeigen. Man hätte sehen müssen, wie es sich
2819 1453 2920 1499 von E
1927 1490 2779 1536 in Elses Kopf malt: der Vater mit dem Revolver
1937 1529 2771 1578 pielend. Die Mutter mit verweinten Augen dem
1936 1567 2773 1614 Briefträger entgegeneilend, von der Tochter be¬
1923 1605 2782 1661 ruhigende Nachricht erwarlend. Und dazwischen
2822 1607 2909 1663 menf
1931 1641 2770 1688 Dorsdays gierige Augen, sein widerlich lächeln¬
2824 1656 2879 1698 en,
2882 1663 2917 1700 1
1921 1678 2774 1732 der Mund. Und wieder der Vater, in der Zelle,
2824 1690 2914 1741 einige
1926 1717 2777 1770 im Sträflingskittel. Dann das Geld, das er¬
2820 1728 2925 1777 aufget
1935 1757 2771 1807 ösende Geld, das Dorsday aufzählt. Sie sieht
2825 1768 2901 1812 vird.
1924 1799 2774 1848 nur das Papier, dann endlich auch die Hände,
1924 1838 2776 1883 deren sinnlicher Griff ihr wieder Ekel einflößt.
1924 1874 2780 1925 Das alles hätte Czinner in packenden Bildern
2828 1881 2926 1932 aben
1935 1918 2768 1967 eigen müssen. Doch statt in Elses Gehirn hat er
2821 1923 2924 1971 tur v#
1925 1958 2778 2005 nur in ihr Gesicht geleuchtet. Auch darin war
2819 1954 2934 2004 zu üb
1921 1991 2776 2037 viel von dem inneren Drama zu lesen. Denn
2817 1996 2926 2046 Der Z
1927 2026 2763 2096 Fräuleln Else war ja Elisabeth Bergner
2817 2037 2937 2081 ten au
2812 2071 2909 2121 kunft,
2034 2088 2653 2161 „Der Leutnant Ihrer Majestät.“
2811 2111 2926 2161 Luftsch
2004 2138 2768 2191 Der Zar macht zwar seibst gerne Seiten¬
2811 2149 2948 2200 Kamer,
1930 2189 2772 2228 prünge, ist aber nichtsdestoweniger nicht ange¬
2816 2189 2935 2238 Meter:
1930 2223 2767 2264 lehm berührt, als er erfährt, daß die Zarin ähn¬
2818 2228 2924 2278 überge
1921 2261 2771 2306 liche Neigungen hat wie er. Ein Leutnant ist ihr
2814 2265 2937 2316 will ni
1928 2297 2763 2339 Erwählter, eben der „Leutnant Ihrer Majestät“
2818 2304 2940 2350 mentes
1930 2342 2767 2388 er sie als einst auf die vom Gatten hintergan¬
2809 2339 2942 2383 weil er
1930 2377 2772 2414 jene Herrscherin in der Offizierskneipe Spott¬
2817 2370 2903 2427 ich.
2906 2376 2937 2430 3
1918 2408 2768 2462 lieder gesungen wurden, glühend verteidigt hat,
2811 2416 2941 2465 reporte
1919 2456 2774 2505 was sie — versteckte Zeugin der Szene — zur
2823 2454 2936 2504 lpacher
1929 2483 2770 2534 Ziebe entflammte. Fast ist die Zarin ertappt, da
2821 2492 2936 2540 änzer,
1926 2527 2776 2582 indet sich, rettender Engel, eine Hofdame, die sich
2818 2529 2937 2586 endste,
1916 2569 2763 2618 vorschieben, kompromittieren läßt. Der Zar be¬
2813 2566 2919 2617 gezeigt
1922 2602 2774 2647 fiehli dem Leutnant, sie zu heiraten. Aus der er¬
2812 2606 2949 2655 kum be¬
1922 2644 2771 2683 zwungenen Verbindung wird endlich eine wirk¬
2818 2642 2934 2698 Kampf,
1917 2678 2206 2730 liche Herzensehe.
2210 2684 2763 2728 — Der von J. und L. Flec
2817 2685 2939 2737 ie ihm
1917 2717 2767 2784 inszenierte Film lehnt sich in mancher Einzelheit
2810 2719 2957 2770 Ferne 1
1913 2756 2763 2809 an Schwarz „Ungarische Rhapsodie an, ist auch
2808 2761 2949 2807 bravour
1924 2794 2772 2840 onst nach mehr oder weniger bewährten Mustern
2824 2790 2958 2850 ällig #
1917 2829 2769 2879 zurechtgemacht. Hübsche Palastausstattung und
2813 2832 2930 2885 es noch
1924 2871 2766 2920 altbekanntes winterliches Rußland. Der schau¬
2817 2873 2952 2923 Entführ
1922 2909 2759 2964 spieterische Besteindruck ist nicht der durch Feit¬
2811 2914 2866 2957 das
1923 2948 2765 2990 ruck angekündigte Iwan Petrowitsch, ehen¬
2812 2944 2918 3000 ustige
1934 2987 2762 3039 dwenig Agnes Esterhazy, sondern die noch
2812 2988 2894 3038 vird,
2909 2982 2951 3042 U
1925 3025 2757 3068 inbekannte Lilian Ellis als Hofdame, ein rei¬
2818 3027 2944 3082 hr Par
1912 3063 2759 3111 zendes Filmsonbrettchen, das trotz Blondheit und
2803 3060 2943 3115 Badg:
1921 3106 2758 3148 ganz andersartiger Erscheinung ein wenig an
2810 3105 2957 3159 genen E
1916 3142 2765 3195 Clara Bow erinnert. Spitzbubenhaft, warm zeigt
1926 3171 2767 3219 ie im Bildbericht von einem Schlittenunfall, den
1923 3215 2755 3270 ie erlitten hat, daß ihr mimisches Können zu
2876 3224 2950 3279 Gra
1911 3259 2464 3312 allergrößter Hoffnung berechtigt.
2810 3263 2950 3314 nesgewe
2806 3303 2945 3360 macht de
2078 3316 2595 3383 „Chicago um Mitternacht.“
2802 3342 2927 3399 Kampf
1981 3369 2767 3425 Ihr Vater hat den Mord begangen, dessen
2812 3387 2909 3432 varen
2914 3385 2955 3426 I1
1920 3412 1982 3467 hr
1986 3421 2760 3463 Geliebter beschuldigt wird. Sie weiß nicht,
2805 3419 2960 3488 jede Hoft
1914 3456 2759 3506 daß er ihr Vater ist, arbeitet daher ungemischten
2807 3452 2926 3507 virklich
1908 3495 2763 3544 Gefühls daran, den Verbrecher zu überführen,
2809 3484 2966 3547 Menschen
1906 3526 2764 3580 läßt sich an das Lokal der Bande, die er anführt,
2807 3536 2959 3584 fahren ve
1909 3573 2754 3617 als Tänzerin anwerben, um im Einvernehmen
2809 3573 2958 3623 Eindring!
1911 3611 2750 3653 mit der Polizei die Detektivin zu spielen. Bald
2814 3610 2971 3661 Jerge al
1919 3649 2764 3691 aben die Gauner sie als Spitzel entlarbt, sie soll
2810 3642 2981 3702 chließt, 5.
1917 3690 2748 3726 inen furchtbaren Foltertod sterben, doch der
2812 3688 2957 3736 Dolcharti
1908 3723 2751 3767 Mörder erfährt noch rechtzeitig, wen er zu Tode
2803 3725 2955 3780 Sonne zu
1914 3763 2753 3816 nartern will. Er verhilft ihr zur Flucht, wird
2802 3764 2958 3815 gleichmäß
1904 3800 2756 3841 kurz darauf im Kampf mit eindringenden Poli¬
2810 3802 2954 3853 Wartende
1906 3839 2752 3886 zisten von einer Kugel getroffen und stirbt, nicht
2800 3840 2962 3893 abgestürzt
1912 3877 2757 3915 ohne vorher seine Tat gestanden zu haben und zu
2801 3881 2958 3930 bergen. C
1913 3912 2753 3964 itten daß der Tochter verheimlicht bleibe, wer er
2805 3918 2930 3965 hm das
1917 3953 2759 4003 hr jei. — Revueartige Szenen nehmen in diesem
2803 3952 2943 4008 er sein
1901 3989 2754 4035 Sensationsfilm einen breiten Raum ein. Die
2793 3995 2960 4040 Mit eine
1905 4025 2768 4094 Tänzerin schwebt als kitschiger Engel von noch
2801 4031 2970 4084 einmal d
