3296 4256
499 121 1675 182 dem Strand oder auf den mimosen=blühenden Hügeln intensiv
497 166 1677 226 jenem Stil an, der mit dieser Natur und alten Bräuchen
500 211 700 269 harmoniert.
595 272 1671 346 So hell ist die Mondnacht, daß ich, als Paul Geraldy,
494 326 1679 390 der mich in Saint=Rafael mit seinem Auto abgeholt hatte, in
485 377 1679 443 raschem Schwung den Hügel hinauffuhr, die reizvolle und zart
488 431 1674 481 nach innen gebogene Linie seines Hauses deutlich sah; an der
485 469 1681 526 Fassade die schlanken Säulen, darüber die keusch zurücktretende
485 520 1676 579 Loggia. Die konkave Kurve des flachen Daches, all dies Musik
493 565 1681 624 einer Architektur, die ich wie eine Ouvertüre zur grandiosen
484 612 1665 675 Symphonie des Südens empfand. Eben erst hat Paul Geraldr
484 659 1674 738 sein Heim vollendet. Die weißgetünchte Halle, nach Sitte des
477 711 1681 771 Landes zugleich Speise= und Wohnraum, von der eine weiße
477 759 1669 831 Marmorstiege zu den oberen Räumen aufsteigt, ist noch nicht
483 812 1679 870 ganz eingerichtet. „Ich habe“, sagte Geraldy, „wohl schon
483 857 1668 922 lange diese Landschaft geträumt. Und als ich vor drei Jahren
488 907 1675 967 zum erstenmal herkam, da war es mir wie eine Erfüllung. Meine
483 952 1665 1027 Weltanschaaung, das Ideal, dem ich als Dichter zustrebe, die
479 1000 1673 1064 Harmonie, aus deren Klang mir meine Werke werden, hier fand
491 1055 1669 1114 ich das alles bestätigt. Ich hasse jede Wirrheit, Finsternis, Häß¬
484 1089 1666 1168 lichkeit, Ungebändigtes, selbst wenn es mächtig ist. Ich will den
483 1135 1676 1205 Menschen Freude geben. Auch dann, wenn ich ihnen Trauer,
483 1185 1672 1248 Schmerz, Erschütterung nicht verbergen kann. Immer soll Maß
473 1237 1665 1295 und Klarheit darüber schweben. Hier schrieb ich den ersten Akt
482 1280 1670 1349 von „Robert und Marianne“. Und wenn Carrier sagt: „Alles
478 1323 1664 1391 bezauberte mich. Diese wieder heidnisch gewordene Welt, diese
477 1372 1667 1443 Freiheit in Kleidung und Bewegung. Dieser Männer, dieser
481 1423 1666 1489 Frauen Nacktheit, atmend in Luft und Grün; dieses Spiel der
467 1469 1659 1536 Körper, der sommerliche Luxus, das Meer, der so moderne
465 1516 1499 1589 Lebenszuschnitt auf dem antiken Hintergrund! Herrlich!“
1626 1531 1661 1591 so
481 1566 1494 1650 habe ich ihm mein eigenstes Erleben aussprechen lassen.“
584 1633 1666 1693 Ich lernte diese wieder heidnisch gewordene Welt gleich den
480 1684 1662 1741 nächsten Morgen kennen. Automobile rasen die Straße am Meere
473 1739 1673 1800 entlang. Alle Insassen sind im Badekostüm. Es ist Sitte, bei
468 1775 1659 1847 Freunden, die ein Stück eigenen Strandes haben, zu baden. Ein
478 1836 1660 1899 ehemaliger französischer Abgeordneter erbaute sich, zehn Minuten
472 1875 1657 1947 von Beauvallon entfernt, ein marokkanisches Landhaus, dessen
473 1924 1656 1982 innerer Hof von einem großen, orangefarbenen Velum
462 1962 1553 2043 überdeckt ist. Im Garten, unter Lorbeerbäumen,
1613 1981 1660 2045 itzt
470 2027 1548 2091 auf einer halbrunden Marmorbank Henri Bidou,
1604 2029 1667 2088 der
472 2056 776 2130 größte Kritiker
773 2059 1653 2140 und Essayist Frankreichs, vor einer
474 2119 1665 2183 Staffelei. Er porträtiert eben den Hausherrn. In ihrem knappen
460 2164 1651 2239 Trikot steigt unbekümmert in strahlender Nacktheit Ivonne de Brat
468 2211 1656 2274 Felsenstusen zum Meer hinab. Sie, die Henri Bataille so sehr
459 2266 1650 2332 geliebt, für die er seine letzten Werke geschrieben, ruht nach
468 2318 1664 2377 einhundertfünfzig Vorstellungen von Bernsteins „Venin“ von ihren
455 2352 1653 2421 Triumphen aus. Ihr folgen hübsche Frauen, zigeunerhaft gebräunte
464 2404 1649 2476 Kinder, junge Männer, Freunde des gastlichen Hauses. Ein Segel¬
464 2452 1659 2516 boot mit eingebautem Motor hält nahe des Strandes. Daran an
460 2500 1657 2568 langem Seil ein Brett gebunden ist. Zwei Stricke, an dem Bug
464 2550 1652 2623 des Schiffes festgemacht, ergreift Ivonne de Bray, schwingt sich
458 2606 1656 2669 auf das Brett und nun gleitet das Motorboot in rasender Fahrt.
456 2644 1650 2713 Man nennt diesen Sport „Plancing" Mit festgespreitzten
454 2696 1652 2759 Beinen und weit nach rückwärts gebogenen Körper lenkt sie mit den
458 2743 1649 2809 Seilen das Brett nach dem Rhythmus des Schiffes. Bald fliegt
464 2790 1655 2878 sie hoch empor, bald fällt sie tief in die Wellengrube. Aufrecht
464 2840 1231 2917 stemmt sich der jungenhafte Griechenkörper.
581 2910 1644 2976 Nach dem Bad werden trockene Schwimmtrikots angezogen,
458 2950 1652 3017 die Marmorbank, auf der Bidon saß, öffnet geheimnisvoll ihre
465 3002 1651 3069 Rückenlehne, die nun zu einer eisgefüllten Bar wird. In weißem
463 3053 1649 3135 Dreß mischt der Hausherr Cocktails. Erst um ½1 Uhr ist der
449 3093 843 3173 Badebesuch zu Ende.
561 3167 1645 3238 Geraldy hat Henri Bidon zum Dejeuner gebeten. Ich lerne
459 3215 1642 3278 die Tiese und Vielseitigkeit dieses seltenen Geistes kennen. Bidou
457 3269 1646 3322 war in seiner Jugend Offizier im Generalstab gewesen. Ein
461 3308 1645 3385 Sturz vom Pferd brach ihm das Bein. Es mußte amputiert
448 3355 1633 3420 werden. Als der Krieg ausbrach, ging Bidou als Kriegshericht
463 3417 1644 3476 erstatter an die Front und seine Kenntnisse der Strategie und der
457 3456 1643 3520 Kriegswissenschaft machten ihn bei Marschall Foch und den anderen
459 3505 1641 3572 Führern berühmt. Trotzdem war Bidou lange vor Locarno der
462 3556 1583 3621 mutigste Internationalist. In diesem Sinn wirkt er auch
1584 3563 1641 3622 als
448 3598 1558 3653 Kritiker des „Journal des Débats“, als Mitarbeiter
1583 3610 1647 3669 der
453 3647 1541 3718 größten Revuen. Seine Bestredungen gehen dahin,
458 3703 1644 3762 Barrieren niederzureißen, die Frankreichs Literatur und Kunst
456 3745 1641 3816 so oft von der ausländischen Literatur trennen. Bidou
448 3797 1646 3873 kennt alles, liest alles. Enthusiastisch spricht er von Schnitzlers
453 3839 1630 3903 Novelle „Fräulein Else „Es ist für mich der stärkste Eindrug
460 3884 1636 3959 sell Jahren gewesen. Welche Meisterschaft der Seelenanalyse, der
457 3938 1633 4015 Form, des Stils. Ich kenne nichts gleiches in der Weltliteratur
455 3985 1616 4058 der Novelle. Und bin eben im Begriff, darüber zu schreiben.
1710 126 2883 196 estnehmen können?“ Darauf Bidous Antwort: „C’est qu'il faut
1714 168 2885 236 ouver, c’est le Fantöme de la pièce qu'on critique. Ce
1715 228 2878 294 ue l'auteur a vu en germe et qu'il n’a jamais pu faire
1704 277 2881 339 aussi bien. Ne pas corriger l’oeuvre. Ce n’est pas la
1712 322 2875 384 ache du critique. Mais tenter de la reconstruire d’aprés
1699 360 2878 424 son idee initiale.“ — (Was der Kritiker entdecken muß, ist das
1706 412 2880 483 Schema des Stückes, über das man zu urteilen hat. Das, was
1708 470 2881 530 der Autor als Keim empfangen hat. Und was ihm nie gelungen
1712 504 2879 569 st ganz erblühen zu lassen. Man soll ein Werk nicht ausbessern
1705 564 2890 616 wollen. Das ist nicht die Aufgabe des Kritikers. Sondern man
1719 606 2886 666 oll, den Versuch machen, aus diesem Werk, nach dem uranfänglichen
1699 654 2804 730 Willen des Schaffenden, dessen erste Vision zu kristallisieren.)
1805 712 2889 792 Als Geraldy einen Augenblick abseits eine Flasche Wein
1699 768 2871 842 entkorkte, frug mich Bidou, wann endlich „Robert und Marianne“
1695 815 2886 880 bei Reinhardt gespielt werden würde. „Je trouve là lidee
1707 857 2884 929 nitiale admirable. Que le plus fort est un faible!“ „Wir
1707 918 2890 990 prechen eben“, fährt Bidou zu Geraldy fort, „von Ihnen. Ich
1703 968 2886 1021 glaube aus allem, was ich von Ihnen kenne, zu entnehmen,
1701 1015 2874 1069 daß Sie zu jenen Schaffenden gehören, die unter Hemmungen
1699 1065 2885 1123 produzieren. Die es sich schwer machen?" „Gewiß, lächelt
1698 1107 2883 1167 Geraldy, „und nun will ich auch Ihnen die Tagik des
1703 1147 2884 1217 Schriftstellers in eine Formel bringen „Un egrivain est un
1694 1191 2879 1256 homme pour qui ecrire est plus difficile que pour un
1702 1246 2872 1323 autre.“ Ein Schriftsteller ist ein Mensch, für den Schreiben
1706 1285 2276 1371 chwerer ist, als für irgendwen.
2104 1357 2468 1446 Bei Colette.
1796 1418 2882 1504 Colette ist die größte Prosaschriststellerin des modernen
1697 1474 2869 1556 Frankreich. Wie Lafontaines Fabeln, so werden ihre Schil¬
1699 1539 2870 1590 derungen aus dem Tierleben, werden diese köstlichen Gemmen
1698 1580 2874 1643 einen bleibenden Platz in der Weltliteratur einnehmen. Gerade
1697 1627 2881 1692 Beauvallon gegenüber liegt Saint=Tropez. Colette besitzt unfern des
1689 1677 2869 1738 Städtchens ein altes, provenzalisches Haus; einen wilden Garten
1698 1727 2880 1790 und Weinberge, die bis an das Meeresufer reichen. Dort lebt sie
1688 1772 2868 1834 das Leben ihrer Kindheit. Wenn man Colettes autobiographische
1689 1816 2867 1891 Romane liest: „Claudine", das Buch ihrer Jugend, und „La
1695 1863 2873 1939 Vagabonde, die tragische Schilderung ihres Frauenlebens, dann
1695 1919 2865 1982 offenbart sich ein Schicksal, das Himmel und Hölle durchwandert
1696 1965 2865 2034 hat. Als junges, keusches, unerfahrenes Mädchen aus der Provinz
1694 2019 2865 2072 vird sie die Frau eines bekannten Pariser Journalisten. Dieser
1693 2053 2542 2122 ntdeckt, als er das Tagebuch seiner
2548 2066 2866 2134 jungen Frau
1686 2110 2874 2179 liest, ihr großes Schriftstellertalent. Und nun zwingt er sie, unter
1690 2168 2860 2226 einem Namen Artikel zu schreiben, die bald Aufsehen erregen,
1681 2208 2861 2267 die hoch bezahlt werden. Gleichzeitig führt er die Widerstrebende
1677 2252 2857 2315 in Lasterhöhlen. Nach Jahren der Qual fällt von Colette die
1682 2302 2855 2363 Liebe, die sie zur Gefangenen gemacht hatte, ab. Sie ist frei.
1689 2348 2870 2422 Sie flieht. Und um ihr Leben zu fristen, tritt sie zuerst als
1688 2397 2861 2470 Chansonette, dann als Tänzerin in Variêtés auf. Diese Kapitel
1675 2441 2860 2516 in „La Vagabonde“ sagen die rührende Anhänglichkeit Colettes
1685 2493 2857 2558 an das Artistenleben, in dem sie reinliche brave Kameraden
1682 2545 2859 2611 gefunden hat. Langsam heilen ihre Wunden und eines Tages
1672 2593 2862 2667 beginnt sie wieder zu schreiben. Sie macht aus ihren Schmerzen,
1685 2650 2864 2707 aus ihren Lastern, aus ihren Tugenden, aus den Stimmen der
1674 2688 2855 2772 Natur, deren Sprache ihr Offenbarung sind, große und kleine
1673 2730 1884 2807 Kunstwerke.
1780 2799 2857 2870 Dann heiratet sie Henri de Jouvenel, den Politiker und
1674 2840 2856 2915 Herausgeber des „Matin“ (von dem sie seit zwei Jahren geschieden
1682 2906 2775 2971 st), und wird Mutter eines heute vierzehnjährigen Mädchens.
1794 2967 2864 3035 „Ich habe (sagt Colette) eine Klage ausgestoßen, die mir
1679 3008 2854 3085 die Macht meiner Stimme offenbart hat. Ich erzähle nun oft von
1679 3060 2854 3137 Dingen, die die Menschen sonst verschweigen; die man sich selbst
1675 3110 2851 3178 kaum zu flüstern wagt. Ich möchte sagen, was ich weiß, was ich
1671 3161 2850 3231 denke, was ich errate, was mich bezaubert, mich verletzt, mich
1673 3216 2852 3278 erstaunt. So spricht Colette manchesmal, wenn sie ihre Rolle
1667 3257 2843 3323 vergißt. Ihre Rolle der lustigen, übermütigen Colette, die die un
1679 3308 2854 3380 nöglichsten Geschichten in unverhüllte Worte kleidet. Weil sie zu
1677 3355 2846 3429 stolz ist, um die Wunden zu zeigen, die ihr das Leben schlug.
1672 3404 2843 3467 Jetzt eben empfängt sie uns, heiter scherzend, von Gästen umgeben.
1777 3455 2853 3534 Eine untersetzte, kräftige Gestalt. Regelmäßige Züge. Ales
1679 3511 2840 3583 ber ist ausgelöscht von Augen, die wie mandelförmig geschnittene,
1672 3570 2842 3631 dustigblauende Inseln geheimnisvoll in Einsamkeit verschwimmen.
1671 3612 2840 3678 Diese einzigartigen Augen vergrößert Colette noch durch einen
1667 3661 2842 3730 breiten, dunkelblauen Strich ihres Augenstiftes. Sie hat nur ein
1678 3714 2841 3772 „Spielhöschen“ an, wie die kleinen Kinder sie tragen. Darüber
1667 3765 2842 3830 eine gelbe Flauschjacke. Sandalen. „Ich zeige Ihnen vor allem
1667 3812 2841 3870 meine Katzen. Obwohl ich nicht weiß, ob Sie zu den Menschen
1671 3861 2835 3913 gehören, die unter dem Zeichen der Katze stehen. Das ist ein
1663 3906 2122 3966 eigenes Freimaurertum.
2123 3906 2845 3975 Und mit lockendem Singsang
1663 3957 2841 4023 ruft Colette: „La Promenade de la Chatte“ Zwei
1656 3995 2718 4063 herrliche siamesische Katzen mit dunkelgrauem Fell
2769 4005 2842 4074 und
3019 171 3169 235 „Du ha
2920 217 3183 286 neiner Ankunf
2920 266 3180 322 itiert, um m
2914 308 3184 373 Aber dieses Zi
2919 358 3161 425 Carrier dieses
2911 408 3113 466 besser aus.
2914 455 3173 518 vollkommen ker
2917 506 3114 562 sind. Und
3111 509 3178 562 d
2916 549 3169 618 allmählich als
3014 598 3178 673 Trotz all
2922 742 3185 869 Soll m
2995 987 3184 1066 Eine Ber
2912 1042 3195 1114 wiß aktuelle Fra
2907 1098 3196 1173 Lefer hat als A
2909 1144 3161 1207 geschickt. In
2911 1190 3191 1257 eiere nur, w
2909 1238 3201 1291 Ansang erschöpfe
2903 1287 3203 1346 und uns bei ein
2898 1330 3201 1396 Festen ist das H
2907 1371 3191 1442 in Stille, Dem
2895 1428 3222 1495 Man kann nicht
2905 1471 3189 1532 tat. Für den
2909 1514 3202 1587 Hochzeitsfest ein
2909 1570 3210 1653 ollten wir endliz
2999 1644 3199 1714 Je unzivil
2900 1698 3209 1759 pomphafter feier
2908 1745 3199 1808 neisten Hochzeits
2898 1792 3195 1857 Es sind dicke B
2902 1891 3183 1953 Zeit hätte, alle
2897 1935 3202 2002 zeitssitte nachwei
2900 1987 3196 2046 Ehe in den Sch
2903 2031 3200 2098 und die bösen
2903 2085 3203 2161 des neuen Hause
2899 2131 3194 2193 gütige Feen und
2888 2178 3155 2237 und feindliche
2899 2225 3200 2294 vichtigen Handlu
2887 2273 3195 2333 als das lärme
2888 2319 3199 2388 abstoßenden Hum
2892 2372 3182 2433 werden und die
2900 2412 3203 2486 hrem Kontagium
2897 2469 3206 2531 nensch ihrem Bei
2900 2515 3203 2580 chönste, weihevoll
2902 2564 3200 2625 ener Augenblick,
2895 2614 3190 2676 agt, geseiert wer
2895 2663 3191 2722 Scheinwerfern be
2894 2710 3199 2774 Alle Hochzeitsgäst
3155 2760 3202 2819 M
2893 2758 3153 2825 Paar, das im
2883 2809 3132 2880 deuten wird,
3167 2811 3204 2863 I
3114 2857 3177 2908 der
2885 2855 3114 2919 verhüllen,
2889 2905 3183 2975 dem Gelächter
3136 2952 3200 3012 ihn
2878 2953 3086 3015 nur dazu,
2887 2993 3199 3063 zum Bewußtsein
2886 3047 3173 3111 schamloseste Fest,
2880 3096 3207 3168 Generation energi
2878 3144 3193 3206 Ersatz dafür wird
2881 3191 3191 3258 auf der Hand. D
2887 3238 3174 3300 ein neues Haus,
2876 3286 3184 3352 das Hochzeitsfest.
2888 3338 3203 3406 Sinn. Das junge
2877 3384 3191 3447 nimmt den Platz
2874 3430 3203 3498 den es beansprucht
2881 3479 3191 3542 aus Gründen des
2878 3529 3166 3590 dürfte, sondern
2869 3583 3199 3637 verständlich könne
2872 3623 3199 3694 Paar, das nu
2871 3669 3212 3740 sind da“ sovie
2870 3720 3208 3785 nur wollen. Die
2880 3769 3188 3833 ürchten, daß die
2871 3819 3200 3884 Hochzeitsgeschenke
2877 3867 3195 3924 inen viel klareren
2871 3912 3204 3977 Geschente mit, wer
2865 3957 3185 4022 Gewiß wäre also
2865 4009 3198 4079 unzeitgemäße Hoch,
