3248 4384
321 119 745 237 O
347 225 1155 530 Nombrandti.
292 525 1097 698 N CRL ZUCRWOER
305 590 1124 761 —ALERAADER HONN
452 708 1200 868 BURdI. INPERIAL“
450 752 1250 916 GTAFRe VOTTVPAR
819 839 1099 929 Ammmm
148 956 805 1053 Pudoia #uzeng#ubehl
1629 128 1977 194 Frem
1330 187 2522 249 Schauspiel in sieben Bildern nach der gleichnamigen
1335 247 2521 308 Novelle von Arthur Schnitzler. Bühnenbearbeitung von
1341 291 2522 360 Ernst Lothar. Zür Premiere im Theater in der
1813 339 2045 409 Josefstadt.
1402 396 2526 476 Fräulein Else — das ist scheinbar nur die Geschichte
1343 453 2527 514 von dem schönen, jungen und verwöhnten Mädchen aus
1339 514 2527 567 sogenanntem gutem Hause, das in einem fashionablen
1343 558 2533 619 Dolomitenhotel von einem Expreßbrief der Mama
1340 609 2522 662 überrascht wird: entweder es gelingt Fräulein Else,
1341 657 2532 710 innerhalb vierundzwanzig Stunden dreißigtausend
1342 700 2522 755 Gulden zu beschaffen, oder der Vater, ein berühmter
1343 751 2528 799 Advokat, ist verloren. Denn dieser begabte, aber unver¬
1342 793 2519 857 besserliche Börsen= und Pokerhasardeur hat Mündel¬
1339 846 2525 906 gelder veruntreut. Else erhält von der Mama gleich¬
1338 890 2524 948 zeitig mit dem verzweifelten Hilferuf auch einen Wink:
1350 940 2524 996 sie möge sich doch an den im Hotel anwesenden Herrn
1319 995 2527 1055 v. Dorsday wenden, einen reichen Antiquitätenhändler
1340 1043 2531 1092 und alternden Lebemann und Snob von allzusehr
1343 1073 2552 1136 narkierten und daher zweifelhaften Kavaliersallüren.“
1347 1129 2538 1197 Echt sind nur seine Antiquitäten, und auch das ist die
1340 1183 2536 1236 Frage. Else entschließt sich zu tun, was mit ausge¬
1347 1228 2526 1289 sprochenen und vor allem mit unausgesprochenen
1339 1272 2539 1336 Worten von ihr verlangt wird. Sie weiß: Dorsday kennt
1339 1330 2528 1388 von allen Dingen den Wert und den Preis. Die dreißig¬
1345 1375 2541 1431 tausend Gulden sind unter den gegebenen Umständen
1350 1425 2538 1486 weit mehr wert als dreißigtausend Gulden, und der
1345 1464 2536 1519 Preis, den Dorsday fordert, ist ein nach seinen
1353 1517 2536 1587 Begriffen sehr niedriger: er stellt die Bedingung, daß
1351 1561 2539 1623 Fraulein Else ihm für einen Augenblick das Schauspie!
1350 1616 2541 1672 und nür das Schauspiel ihrer Schönheit zur Gänze
1343 1661 2537 1708 bieten möge. Herr v. Dorsday ist ein Kavalier und ein
1353 1708 2539 1774 Aesthet.... Das junge Mädchen will den Vater um
1343 1756 2534 1811 diesen Preis retten, wählt aber schließlich einen andern
1349 1804 2405 1889 Ausweg und nimmt eine tödliche Dosis Veronal.
1415 1909 2533 1978 Das ist, in flüchtigen und dürren Worten erzählt,
1350 1972 2536 2036 der Inhalt der berühmten Novelle, die aus einem mit
1350 2022 2535 2077 unvergleichlicher sprachlicher und psychologischer Fein¬
1347 2073 2539 2127 heit virtuos aufgebauten und dramatisch gesteigerten
1354 2120 2537 2184 Monolog Elses komponiert ist. Aber in Wirklichkeit
1355 2169 2540 2224 gibt Schnitzler noch ganz andres als eine moderne
1357 2211 2549 2279 Version des Monna Vanna=Sujets. In Wirklichkeit
1361 2267 2534 2326 iht er noch die schonungslose, unbestechliche Analyse
1353 2325 2538 2380 aner bestimmten Gesellschaft, deren innere Wahrheit
1356 2372 2544 2425 ius konventionellen Lügen zusammengesetzt war; deren
1357 2414 2543 2471 thische Struktur aus einer hohlen Fassade bestand,
1356 2460 2533 2524 eren moralisches Guthaben nach dem Bankkonto be¬
1360 2511 2543 2564 nessen wurde. Eine Gesellschaft, die sich aus ihrem
1359 2560 2542 2622 Kassengeist einem hochmütigen Kastengeist arrogierte,
1353 2613 2542 2672 den mondänen Schein zum kategorischen Imperativ
1347 2657 2540 2724 es Seins erhob und keine Pflichten, nur Ver¬
1348 2715 2533 2773 öflichtungen kannte. Sie hörte nur auf das, was ton¬
1352 2758 2543 2820 ingebend war, und sah nur auf den Sand, den man
1367 2810 2165 2889 ich gegenseitig in die Augen streute.
1414 2893 2539 2986 Schnitzler zeigt in seiner Novelle an der spieleri¬
1366 2946 2548 3035 chen Oberfläche die heiklen seelischen Untiefen auf.
1355 3027 2541 3076 Ernst Lothar möchte in seiner Dramatisierung ver¬
1352 3070 2547 3132 dindlich Kompromisse schließen, die Untiefen in
1352 3113 2540 3181 Tiefe verwandeln und gerät in eine, wenn auch ge¬
1353 3171 2539 3227 fällige und wirkungsvolle seichte Oberflächlichkeit. Wo
1359 3216 2538 3277 Schnitzler unerbittlich das Pathos entlarvt, behilft sich
1353 3268 2544 3326 Lothar mit philosophierender Pathetik, wo die Novelle
1349 3319 2545 3388 zum Tribunal wird, dort wird die Szene zum
1347 3366 2548 3435 emphatischen Plädoyer. Der Bühnenbearbeiter ist
1360 3416 2537 3480 sichtlich bestrebt, nicht nur die Dehors zu wahren,
1356 3465 2541 3520 sondern auch die Dessous reinzuwaschen, Unaus¬
1355 3515 2542 3581 sprechliches und Unausgesprochenes mundgerecht zu
1361 3573 2541 3625 machen. Kein Wunder, daß von der tödlichen Schärfe
1356 3611 2541 3679 und Feinheit der Schnitzlerschen Analyse gleichsam nur
1356 3659 2538 3720 die äußerlich sichtbare Reaktion übrigbleibt, und auch
1355 3715 2548 3775 diese wird zum Teil denaturiert. So wird aus dem
1351 3752 2574 3830 verbrecherisch leichtfertigen Spielertemperament von
