3248 4256
52 120 919 215 31. Fraeulein Else
250 181 919 238 #       e det e eteestessessesee resteterstere
1083 116 1419 213 box 5/1
951 1005 2381 1077 form, in energischer, jedoch nicht falsch rauschvoller Zukunftsverbundenheit.
966 1066 2372 1122 Unsentimental, sachlich, gelassen, männlich, unbeirrbar geistig, müht er sich um
963 1112 2378 1166 die deutsche Problematik, mit verantwortungsbewusster Strenge spricht er über
957 1164 2376 1217 die deutsche Unzulänglichkeit und Brüchigkeit, wo Natur und Vernunft, gegen
956 1223 2381 1280 einander unehrlich und gewalttätig, sich einengen und zersetzen. Er möchte den
963 1262 2384 1321 deutschen Menschen wieder ganz, wieder europäisch möglich machen, ihm
965 1309 2379 1359 Zucht und Souveränität anerziehen, indem er ihm sein Heimweh nach dem
961 1360 2370 1413 Gemütsnebel, nach allem Wogenden, Schwebenden, Verschwommenen tief
964 1410 2374 1462 verdächtig macht. In Flake, dem Elsäßer, lebt eine tiefe, man kann sagen:
957 1460 2367 1518 romanische (aber durch Geister wie er, wie Thomas und Heinrich Mann all¬
964 1516 2374 1569 gemach auch deutsch werdende) Lust am Geordneten, Übersichtlichen, Form¬
955 1556 2376 1607 starken, an trockener Luft und hellem Himmel. Den seelisch-musikalischen
951 1603 2377 1658 Deutschen empfindet er als rückständigen Typus, wie ja auch Thomas Mann
959 1660 2378 1719 neuerdings das „zweideutige Dunkelheitselement der Musik in Deutschland
964 1705 2370 1756 bekämpfen zu müssen glaubt, um „dem deutschen Wesen Form, Bewusstheit,
959 1753 2376 1808 helle Weltgültigkeit, Vornehmheit in der Welt zu verleihen“. Es herrscht in
955 1798 2376 1845 Flakes Persönlichkeit ein ausnehmend reines, glückliches, wohltuendes In¬
976 1845 2373 1902 mander von sinnlicher Kraft und geistigem Gesetz, und Symbol und Ausdruck
956 1906 2372 1963 dieser Ganzheit sind seine Romane, geistige Plastik, wie seine kritischen Bücher,
954 1949 2373 2004 die Novellen des Geistes sind: sie wollen alle den geschauten neuen Typus
958 1995 2369 2048 darstellen und dazu mithelfen, dass er in Deutschland Wirklichkeit gewinne.
1017 2045 2369 2101 In diesem Sinne wollte er seinen Ruland aufgenommen wissen, in diesem
962 2093 2367 2154 Sinne gab er auch seinen letzten Roman Der gute Meg!). Georg, die Hauptgestalt
960 2142 2370 2207 dieses Buches, ein Auslanddeutscher, ist stark westeuropäisch eingestellt, welt¬
956 2190 2362 2252 gereist und unbürgerlich, ohne alle allzudeutsche Enge, die ihn, wo er ihrer
948 2239 2369 2293 ansichtig wird, ungeduldig und frieren macht: wie trostlos wirkt jenes Deutsch¬
952 2285 2367 2351 tum ganz ohne europäischen Blick, ohne Diskretion und überlegene Ruhe, voll
953 2339 2376 2393 hochmütiger Weltfremdheit und hysterischen Hasses auf alles menschlich und
951 2387 2366 2455 sittlich Neue und Zukünftige! Georg, instinktsicher, aber nicht instinktverhaftet,
946 2437 2370 2485 sich besitzend, aber nicht pharisäisch selbstgerecht, feinfühlig, aber nicht emp¬
952 2486 2374 2536 findsam, stellt, wie einige andere männliche Gestalten Flakes, etwas wie ein
951 2532 2371 2602 Wunschbild des deutschen Menschen von morgen dar. „Heilige Nüchternheit:
950 2586 2373 2639 ein wunderbares Wort“, sagt er einmal, Haupt- und Eigenschaftswort gleich
947 2635 2370 2692 stark betonend. Geist ist ihm nicht einfach ratio, Aufklärung, überheblich und
955 2682 2370 2732 unzulänglich, sondern Helligkeit der Sinne und des Gedankens, die gleichwohl
952 2730 2375 2797 die Unlösbarkeit der eigentlich tiefen geistig-sittlichen Antinomien fühlt und
954 2782 2375 2844 irgendwie fromm bejaht. Was Georg lebt, ist die neue Ganzheit einer Einung
953 2831 2369 2889 von Blut und Geist nicht auf der metaphysischen, sondern auf der Lebensebene
952 2877 2360 2935 (er ist geistdurchglutet und zugleich heidnisch sinnlich), jene Naturvergeistigung.
953 2927 2356 2989 die, nach Stefan Georges hohem Wort, „den Leib vergottet und den Gott ver¬
955 2973 2370 3043 leibt . — In das junge Leben Georgs greifen drei Frauen. Die Südslavin Vera,
947 3025 2375 3080 Schreespielerin, triebhaft, aber nicht dumpf, neuheidnisch („Nymphe sein,
947 3076 2367 3131 wenn ihr Pan begegnet'), unbürgerlich, aber mit einer halben Sehnsucht nach
948 3120 2370 3180 bürgerlicher Sicherheit, bürgerlichem Glück, Georgs Geliebte und Kameradin.
1000 3198 1466 3274 1) S. Fischer, Verlag, Berlin.
939 3285 1058 3376 760
