3392 4256
250 120 402 197 31.
1275 112 1625 196 box 5/3
439 117 1109 184 Fraeulein Else
1770 162 2687 206 ziation eines Kollegen bringt den Vater Else vor die
1776 204 2702 252 Türe des Gefängnisses. Nur eine sofortige Zurück¬
1784 247 2694 287 jahlung kann den Mann vor der Entehrung retten.
1778 281 2696 327 Wer kann helfen? Else muß den Antiquitätenhändler,
1782 318 2698 363 der sich der Freundschaft des Rechtsanwaltes rühmt,
1777 363 2697 400 um Geld bitten. Dorsday ist bereit zu helfen. Aber
1781 386 2703 438 er stellt gemeine Bedingungen, jene vom Modell. Um
727 394 1153 464 Extrait du journal:
1777 426 2699 473 den Vater zu retten, opfert sich die Tochter: ein Leben
1773 469 2696 513 löscht aus. Schade: Else muß das in jedem Garten¬
726 476 918 542 Adresse
2579 505 2701 559 Selbst¬
1777 510 2542 557 lauberoman abgedruckte Rezept anwenden —
1774 547 2487 593 mord durch eine zu große Dosis Veronal.
725 568 839 630 Date
1828 584 2706 634 Nun, am Schluß des Stückes wird ein Leben aus¬
1774 632 2696 683 gelöscht. Der Eindruck vom Stück aber ist nicht un¬
1786 669 2704 719 auslöschlich. Es ist gut, daß Else im wirklichen Leben,
1780 718 2697 757 nämlich die außergewöhnlich talentierte Schauspielerin
1776 743 2700 789 Ellen Schwanneke weiterlebt. Diese realistische
1789 787 2701 833 chlagfertige resolute, kampflustige schöne Else wird
1786 830 2703 875 von Ellen Schwanneke edel und schnitzlerecht ver¬
1780 859 2706 905 körpert. Ironie und Selbständigkeit zieren sie, die
1017 864 1089 928 2
1779 901 2703 961 sportliche und damenhafte Haltung kann sie glaubhaft
1772 937 1965 1005 ausdrücken
1842 974 2716 1034 Das Schnitzlerspiel, das Ernst Lothar für die
1774 1022 2704 1074 Bühne konfektioniert hat, wurde von Leonard Stek¬
1780 1066 2704 1113 kel so gut als man sichs denken kann inszeniert.
834 963 1731 1142 Rlichker Tuhinen
1787 1102 2703 1159 Steckels Regie ist locker und dem Stück entsprechend
1788 1142 2029 1200 standesgerecht.
826 1151 1498 1242 Schauspielhaus; „Frl. Else“.
1840 1170 2702 1231 Kalser verleiht dem Antiquitätenhändler die
1787 1231 2712 1272 parfümierte Herrennoblesse und Blutlosigkeit eines
878 1223 1740 1288 Sportplätz und Hotelhalle, Speifesaal und Schlaf¬
1787 1265 2706 1316 Erotikers, der bessere, gesündere, unneurasthenerische
834 1283 1736 1333 zimmer, sswie eitte kleinbürgerliche Advokatenstube
1779 1307 2714 1349 Nächte erlebt hat, als jene, die ihm den Tod von
836 1330 1748 1369 das ist das Szendpium für pas Sieben=Bilder=Schau¬
1784 1340 2704 1386 Else als moralische Strafe ins Gewissen brennt.
843 1363 1742 1410 piel „F# Fulein Else“ von Artchur Schnitz¬
1787 1382 2703 1423 Kalser tritt auf als ein Mann, dem alles, auch die
836 1406 1739 1446 er. Die Handfung zeigt einen Ausschnitt aus der
1781 1419 2709 1467 Liebe, nur ein Kunsthandel ist, der glaubt, alles, auch
831 1438 1736 1479 bürgerlichen Gesellschaft, deren doppelte Moral einer
1794 1458 2711 1503 as Letzte sei feil. Schade, daß dieser Mann, nichts
848 1477 1750 1522 eits und saubere Charäktertypen anderseits illustriert
1796 1497 2263 1552 Beistreicheres zu sagen hat.
834 1512 1744 1564 werden. Zu den sauberen Charakterfiguren gehört
1845 1543 2706 1596 Horwitz ist der gequälte Vater Elses, ein sonst
831 1555 1739 1606 allerdings der Antiquitätenhändler Dorsday nicht. Auf
832 1589 1740 1632 alle Fälle ist dieser „erfahrenste“ Mann abseitig; er
1784 1590 2714 1633 rechtschaffener Bürger, ein Advokat, der über die
842 1631 1752 1674 ucht nicht nur das gemalte Porträt. Sein Schönheits¬
1786 1625 2714 1672 Klippe zwischen Wollen und Können strauchelte.
1786 1666 2714 1712 Hinter eingegrabenen Augen leuchtet der Stern der
832 1674 1745 1720 durst ist überhitzt; er will das nackte Modell sehen.
1786 1701 2712 1752 Ehrlichkeit und die Vaterliebe, die das Opferines
834 1702 1172 1764 Nur sehen, sagt er!
1794 1747 2706 1792 Kindes ahnt, aber nicht verhindern kann. In den
877 1729 1742 1794 Der nicht gerade begüterte Rechtsanwalt Dr. T.
1796 1784 2712 1833 veitern Rollen beweisen ihre Prägungskunst die Da¬
832 1791 1743 1834 hat das Depot einer Klientin angegriffen. Er, der
1799 1818 2716 1879 nen Carlsen, Hartmann, Holsten und Duhan, sowie
833 1826 1743 1875 Kleinbürger, ließ aus Vaterliebe seine Tochter Else
1793 1857 2611 1909 die Herren Stöhr, Braun, Ta en und Eckold.
833 1856 1757 1927 großbürgerlich erziehen und verwöhnen. Die Denun¬
1554 2359 1966 2438 Extrait du journal:
1553 2439 1739 2514 Adresse
1549 2529 1669 2588 Date
1956 2578 2375 2662 TEELATT LUZERN
2072 2708 2343 2805 14 Okc. 1935
1924 2936 2328 3023 Theaternotizen.
1667 2994 2583 3072 „Fräulein Else“ im Zürcher Schauspielhaus. Es
1637 3051 2587 3107 war vorauszusehen, daß die #ielgelesene rezitierte
1630 3092 2579 3146 und verfilmte Novelle „Fräulein Else“ von
1633 3133 2584 3178 Arthur Schnitzler, eines Tages auch für die
1635 3155 2584 3225 Bühne umgemodelt werde. Ein szenisch erfahre¬
1632 3215 2591 3256 nerer Schriftsteller als der durch soignierte Unter¬
1643 3242 2583 3299 haltungsprogramme bekannte Ernst Lothar hätte
1637 3282 2579 3334 daraus geviß ein stärkeres Schauspiel schmieden
1638 3323 2593 3372 können, als es diesem geglückt ist. Andererseits muß
1635 3365 2591 3406 man jedoch froh sein, daß diese virtuos monologi¬
1649 3389 2593 3450 ierte Novelle wenigstens einem Bearbeiter von Takt
1642 3429 2588 3482 in die Hände gefallen ist. Denn das Thema könnte
1634 3479 2592 3526 zu manchen peinlichen Situationen Anlaß bieten.
1643 3505 2585 3559 Diese wurden glücklicherweise vermieden. Durch die
1642 3542 2584 3596 Auswalzung in sieben, namentlich im Anfang sehr
1635 3586 2582 3645 dünne Bilder, ist aber viel vom Charme der Schnitz¬
1642 3635 2264 3682 lerschen Prosa verloren gegangen.
1678 3645 2586 3714 Das in einem Hotel von San Martino di Ca¬
1656 3694 2598 3751 trozza spielende Schauspiel fand in der Zürcher Auf¬
1651 3742 2591 3793 ührung eine ziemlich laue Aufnahme. Die Haupt¬
1650 3787 2591 3825 rolle uvernahm Ellen Schwanneke, die „Frau¬
1650 3822 2589 3862 ein Else“ unexzentrisch, mit einem schönen Ton der
1651 3860 2597 3902 Innerlichkeit und gequälten Scham darstellte. In
1642 3885 2600 3938 ihrer Auffassung ist sie aber ersichtlich von Elisabeth
2453 3917 2643 3992 Slg. 1h
1642 3931 2008 4001 Bergner beeinflußt.
2617 3225 2647 3281 h
2623 3248 2665 3313 9
2618 3004 2655 3052 9
2612 3048 2646 3094 d
2612 3354 2645 3402 d
2613 3438 2647 3493 si
2615 3534 2653 3577 g
2618 3567 2658 3621 G
2617 3612 2661 3666 d
2619 3745 2661 3804 di
