3248 4384
276 125 1138 201 31. Fraeulein Else
1313 130 1658 227 box 5/4
292 566 1064 724 Badgastem
284 812 693 906 Heilkräftigste
289 888 1067 982 Radiumtherme der Welt!
529 995 1062 1071 Verlangen Sie Prospekte
527 1061 1065 1132 von der Kurkommission!
535 1216 1050 1344 „OBSERVER“
532 1339 1075 1404 Erstes österreichisches be¬
527 1397 1076 1457 hördlich konzessioniertes
537 1444 836 1506 Unternehmen
534 1490 1076 1567 für Zeitungsausschnitte
310 1548 498 1633 WIEN,
531 1580 565 1638 „
311 1604 1086 1689 Wollzeile 11 . Telephon R 23-0-43
309 1754 620 1828 Ausschnift aus
577 1784 935 1864 e Wieue Stn
313 1902 435 1989 vom
705 1900 917 2024 4Dcz.
926 2097 1589 2297 heater
1178 2353 2022 2403 ame Regie und der erlesene Geschmack der
283 2323 1137 2419 „Fräulein Eise“ im Theater in der
1173 2386 2024 2457 Bühnenbilder Niedermosers und Ludwig
585 2394 849 2481 Josefstadt.
1159 2428 1720 2488 Haas' verdienen höchstes Lob.
337 2438 1142 2522 Nun ist das „Fräulein Else“, nach vielen
281 2503 1138 2567 Jahren plötzlich aus den stillen, gedankentiefen
293 2553 1143 2605 Seiten eines Schnitzler=Buches ans Rampenlicht
284 2594 1140 2660 gestiegen. Ernst= Lothar bot dazu seine
287 2625 1126 2673 schreibgewandte Hand. Der Erfolg hat ent¬
293 2667 1144 2725 chieden, denn der dramatische Konfliktstoff ist
292 2703 1128 2747 o stark, daß er die Führung übernimmt, ohne
291 2736 1131 2791 ich zu — übernehmen. Die Aufführung war voll
290 2778 1134 2831 Glanz. Fräulein Eise, dieser scheue und doch so
288 2815 1140 2863 überlegene Mensch, der aus Liebe zum Vater
282 2852 1137 2909 das schwerste Opfer, das Opfer seiner Scham
280 2899 1136 2956 und seines Lebens bringt, fand in Rose Strad¬
280 2933 1136 2978 ner eine Gestalterin von Herz und Hirn. Er¬
283 2969 1132 3016 schütternd ihre Kämpfe gegen sich und gegen den
279 3012 1126 3056 unheimlichen Lüstling, der für das Geld, mit dem
272 3044 1124 3094 der Freund, Elses Vater, vor dem Ruin gerettet
282 3082 1127 3129 werden könnte, seinen Preis stellt. In dem Dar¬
280 3119 1127 3175 steller dieses Herrn v Dorsday, dem Debütanten
274 3164 1122 3209 Kaspar Brandhofer, lernte man eine uner¬
274 3198 1129 3244 hörte Begabung kennen. Überragend wie immer
276 3241 1124 3292 war Bassermann in dem einzigen Auftritt
278 3277 1132 3321 des um seiner tiefinneren Anständigkeit willen
283 3315 1127 3368 ruinierten Rechtsanwaltes. Es ist kaum mehr
278 3352 1129 3400 Kunst, was er zeigt Es ist einfach — Menschlich¬
283 3386 1120 3438 keit. Frau Bassermann schuf wieder einen
281 3428 1124 3483 ihrer eleganten Oberflächencharaktere, Adrienne
280 3465 1126 3513 Geßner leistete sich in der Cissy Mohr ein
271 3499 1133 3551 Kabinettstück, Erik Frey wirkt durch Noblesse
278 3545 1146 3595 und Temperament. Auch Thimigs bedacht¬
2643 106 3170 198 Verlangen Sie Prospekte
2622 173 3160 252 von der Kurkommission!
2617 333 3131 462 „OBSERVER
2624 444 3154 524 Erstes österreichisches be¬
2615 492 3160 579 hördlich konzessioniertes
2615 543 2923 616 Unternehmen
2620 594 3153 683 für Zeitungsausschnitte
2377 629 2641 718 WIEN, I.,
2380 704 3156 796 Wollzeile 11 4 Telephon R 23-0-43
2354 835 3139 975 Auschnit aupgsen lord. Bnganag.
2630 932 3114 1070 Anrmparre
2358 995 2477 1047 vom
2622 1051 2910 1143 DEZ.
2145 1134 3197 1205 Internationale. Theaterschen.
2184 1222 3252 1310 Schpitzlers „Fräulein Else“ ist wohl eine der nicht
2119 1291 3252 1343 allzu zählreichen Novellen, deren Fabel dem Lese¬
2115 1332 3253 1397 pubikum in der Erinnerung haften bleibt, wenn es sie
2112 1380 3242 1429 einmal kennengelernt hat. Wer die Nachricht von der
2106 1428 3243 1478 Bearbeilung für die Bühne vornahm, mußte wohl Be¬
2118 1472 3254 1521 denken hegen, wie es möglich sein sollte, so heikle Emp¬
2115 1509 3243 1561 findungen und Vorfälle auf die Bühne zu bringen. Nun,
2109 1557 3252 1608 diese Bedenken erwiesen sich angesichts des neuen Stückes
2111 1601 3245 1653 als übertriebben. Dies ist dem Umslande zu danken, daß
2109 1646 3252 1696 der Bearbeiter Direktor Ernst Lothar die Fabel, so gut es
2111 1689 3254 1743 ging, enterotisiert hat. Die Grundzüge der Handlung
2116 1742 3246 1791 konnie er freilich nicht ändern. In der Novelle, wie im
2118 1769 3253 1831 Drama geschieht folgendes: Ein Mädchen aus guter
2109 1813 3244 1872 Framilie, das auf Ferienaufenthalt in einem Dolomiten¬
2108 1864 3253 1923 hotel weilt, erfährt durch einen Brief ihrer Mutter, daß der
2108 1903 3244 1965 Familie eine Katastrophe drohl. Der Vate, ein Rechts¬
2114 1951 3253 2002 anwall, hat ein Depot veruntreut. Strafe droht ihm, wenn
2104 1991 3245 2050 das Geld nicht binnen zwei Tagen beschafft wrd. Else
2110 2042 3253 2096 sell versuchen, das Geld bei einem reichen Antiquiläten¬
2116 2082 3253 2132 händler, der zufällig im Hotel weilt, zu borgen. Sie tut
2108 2127 3252 2181 es — der reiche ate Mann stellt ene Forderung (er ver¬
2118 2161 3253 2232 angt, sie nackt zu sehen), an deren Erfüllung Else zu¬
2103 2213 2364 2282 grunde geht.
2192 2245 3253 2311 Das Stück folgt im allgemeinen den Ereignissen der
2113 2299 3246 2366 Novelle. Dennoch ist das Thema ein anderes. Es handelt
2113 2340 3245 2395 sich nicht um Gänge oder Irrgäng, der Erotik, Was
2108 2390 3244 2442 Lolhar darsteilen will, ist ein Mädchen, das ay einem
2109 2425 3244 2489 Tag lebenswichlige Illusionen verliert. Ihr geliebter
2116 2479 3242 2529 Vater hat ein Verbrichen begangen: ihre guten Eltern,
2103 2521 3244 2570 die sie immer verwöhnten, verlangen von ihr als Kndes¬
2105 2568 3252 2622 pflicht etwas Abscheuliches. Die Forderung des Alten er¬
2108 2607 3252 2663 scheint ihr ungeheuerlich. Furchlbar die Tücke des
2104 2645 3243 2709 Schicksals. Der Mann, den sie liebt, ihr Vetler, liebt sie
2100 2692 3242 2744 ebenfalls, das hindert ihn aber nicht, vor ihren Augen
2105 2736 3233 2793 ein Verhältnis mit einer and#ren zu haben, Sie glaubt,
2111 2778 3238 2843 die Welt zu erkennen, wie sie ist, und kann sie nichl er¬
2101 2817 3240 2876 tragen. Nicht also an der Erfüllung eines widerwärtigen
2114 2863 3233 2923 Verlangens, sondern n einer Enttäuschung über die
2114 2911 3237 2973 Welt, geht Else zugrunde, Das ist zweifellos eine bedeu¬
2110 2962 3238 3013 ende Idee. Schade, daß Lothar sich in ihrer Gestaltung
2102 3000 3232 3059 mehr als Novellist und geschickter Bühnentechniker er¬
2113 3032 3233 3094 weist, denn als Dramatiker. Alle sieben Bilder des
2101 3085 3240 3143 Stückes sind interessant, einige packend — dennoch fehlt
2101 3128 3236 3186 de Folgerichtigkeil, die richtige Gruppierung der Ereig¬
2105 3172 3233 3242 nisse um den Zentralgedanken, di: dem Drama die
2107 3221 2612 3278 große Wirkung verleihen.
2189 3268 3234 3317 Das sensationelle Stück bot auch in der Aufführung
2106 3304 3230 3360 eine Sensalion, das Auftreten eines neuen Schauspielers,
2105 3348 3240 3398 den man sogleich als einen sehr bedeutenden Künstler
2101 3392 3228 3442 kennenllernte. Er heißt Kaspar Brondhofer. Seine Dar¬
2097 3426 3239 3486 stellung verleihl der sonderbarsten Figur des Stückes
2102 3482 3226 3540 Größe und hebt dadurch das ganze Stück. Rose Stradener
2099 3532 3230 3578 als Else ist vorzüglich dort, wo sie, wie im Anfang, das
2106 3558 3229 3618 junge, reizbare Geschöpft zu spielen hat. Wie sie Seelem¬
2100 3620 3238 3664 malerei bieten sollte, wie nach dem Gespräch mit ihrem
2105 3655 3227 3712 Vater, bleibt sie äußerlich. Bassermann spielle den Rechts¬
2099 3704 3238 3751 anwalt, — man weiß, we er solchen Figuren die ihm
2100 3744 3228 3787 eigene Noblesse verleiht, Frau Baassermann, als die
2099 3789 3234 3844 oberflächliche Tante, und Adrienne Geßner, als die immer
2095 3832 3235 3887 gereizte Rivalin Elses, boten amüsante Typen. Hans
2100 3872 3227 3916 Thimig führte die Regie. Die geschmackvollen Bühnen¬
2099 3917 3231 3963 bilder sind von Otto Niedermoser. Das Stück fand reichen
2088 3954 2249 4018 Beifall.
3077 3959 3191 4024 E. A.
