<?xml version="1.0" encoding="UTF-8" standalone="yes"?>
<PcGts xmlns="http://schema.primaresearch.org/PAGE/gts/pagecontent/2013-07-15" xmlns:xsi="http://www.w3.org/2001/XMLSchema-instance" xsi:schemaLocation="http://schema.primaresearch.org/PAGE/gts/pagecontent/2013-07-15 http://schema.primaresearch.org/PAGE/gts/pagecontent/2013-07-15/pagecontent.xsd">
    <Metadata>
        <Creator>prov=University of Rostock/Institute of Mathematics/CITlab/Gundram Leifert/gundram.leifert@uni-rostock.de:name=ONB_Newseye_GT_M1+(htr_id=10810)::::v=2.4.2
prov=University of Rostock/Institute of Mathematics/CITlab/Tobias Gruening/tobias.gruening@uni-rostock.de:name=de.uros.citlab.module.baseline2polygon.B2PSeamMultiOriented:v=2.4.2
prov=University of Rostock/Institute of Mathematics/CITlab/Tobias Gruening/tobias.gruening@uni-rostock.de:name=/net_tf/LA73_249_0mod360.pb:de.uros.citlab.segmentation.CITlab_LA_ML:v=2.4.2
Transkribus</Creator>
        <Created>2019-10-07T10:23:40.749+02:00</Created>
        <LastChange>2019-10-07T13:37:40.203+02:00</LastChange>
        <TranskribusMetadata docId="223890" pageId="9491769" pageNr="134" tsid="16374585" status="IN_PROGRESS" userId="40391" imgUrl="https://files.transkribus.eu/Get?id=KZZMFLXYPTVAMQQKCJJGVCJA&amp;fileType=view" xmlUrl="https://files.transkribus.eu/Get?id=NOWUOZKKKLBHKGQUCWRPEKFX" imageId="6182057"/>
    </Metadata>
    <Page imageFilename="223890_0134.jpeg" imageWidth="3296" imageHeight="4256">
        <ReadingOrder>
            <OrderedGroup id="ro_1711446032859" caption="Regions reading order">
                <RegionRefIndexed index="0" regionRef="r1"/>
                <RegionRefIndexed index="1" regionRef="r2"/>
                <RegionRefIndexed index="2" regionRef="r3"/>
                <RegionRefIndexed index="3" regionRef="r4"/>
                <RegionRefIndexed index="4" regionRef="r5"/>
                <RegionRefIndexed index="5" regionRef="r6"/>
            </OrderedGroup>
        </ReadingOrder>
        <TextRegion orientation="0.0" id="r1" custom="readingOrder {index:0;}">
            <Coords points="679,97 679,3888 3064,3888 3064,97"/>
            <TextLine id="r1l1" custom="readingOrder {index:0;}">
                <Coords points="754,127 1867,130 1867,92 1721,74 1368,100 754,77"/>
                <Baseline points="764,117 818,118 873,120 927,120 982,121 1037,122 1091,122 1146,123 1200,123 1255,123 1310,123 1364,123 1419,123 1473,123 1528,122 1583,123 1637,123 1692,123 1746,123 1801,124 1856,125"/>
                <TextEquiv>
                    <Unicode>Filmpianist sein heisst, auf eine knappe Formel gebracht:</Unicode>
                </TextEquiv>
            </TextLine>
            <TextLine id="r1l2" custom="readingOrder {index:1;}">
                <Coords points="1956,135 2656,154 2690,141 2691,104 1957,81"/>
                <Baseline points="1968,125 2003,126 2039,127 2074,127 2110,128 2145,128 2181,129 2216,129 2252,130 2287,130 2323,130 2359,131 2394,131 2430,131 2465,131 2501,132 2536,132 2572,133 2607,133 2643,134 2679,134"/>
                <TextEquiv>
                    <Unicode>Also wir halten bei einem Beispiel.</Unicode>
                </TextEquiv>
            </TextLine>
            <TextLine id="r1l3" custom="readingOrder {index:2;}">
                <Coords points="2693,152 2729,156 2756,137 2838,152 2882,137 2905,152 2918,140 2932,152 2979,142 3056,150 3056,87 3035,83 2995,96 2853,83 2694,91"/>
                <Baseline points="2703,134 2729,133 2755,133 2782,133 2808,133 2834,133 2861,133 2887,133 2914,133 2940,133 2966,133 2993,133 3019,134 3046,135"/>
                <TextEquiv>
                    <Unicode>Es ist kein Schul¬</Unicode>
                </TextEquiv>
            </TextLine>
            <TextLine id="r1l4" custom="readingOrder {index:3;}">
                <Coords points="687,164 1855,169 1836,131 687,124"/>
                <Baseline points="697,158 754,159 811,159 869,160 926,160 984,161 1041,161 1098,162 1156,162 1213,162 1271,162 1328,162 1385,162 1443,162 1500,162 1558,162 1615,162 1672,162 1730,162 1787,163 1845,163"/>
                <TextEquiv>
                    <Unicode>Den Filmdarsteller durch „zweckmäsige“ Musik in die vom</Unicode>
                </TextEquiv>
            </TextLine>
            <TextLine id="r1l5" custom="readingOrder {index:4;}">
                <Coords points="1885,177 1906,177 1929,188 1938,184 1948,189 1965,174 1992,192 2009,186 2040,191 2041,136 2014,131 1958,135 1931,123 1886,129"/>
                <Baseline points="1897,164 1923,163 1950,163 1977,164 2004,165 2031,166"/>
                <TextEquiv>
                    <Unicode>beispiel.</Unicode>
                </TextEquiv>
            </TextLine>
            <TextLine id="r1l6" custom="readingOrder {index:5;}">
                <Coords points="680,208 1705,221 1858,211 1859,169 681,164"/>
                <Baseline points="690,197 747,198 805,198 863,198 921,199 979,199 1037,200 1094,200 1152,200 1210,201 1268,201 1326,201 1384,201 1442,201 1499,202 1557,202 1615,202 1673,202 1731,202 1789,202 1847,202"/>
                <TextEquiv>
                    <Unicode>Manuskript vorgeschriebene Stimmung bringen, ihn in ihr</Unicode>
                </TextEquiv>
            </TextLine>
            <TextLine id="r1l7" custom="readingOrder {index:6;}">
                <Coords points="2078,213 3063,213 3042,167 2979,190 2078,169"/>
                <Baseline points="2089,204 2137,205 2185,206 2233,207 2281,208 2330,209 2378,209 2426,210 2474,210 2522,211 2571,211 2619,211 2667,212 2715,212 2763,212 2812,212 2860,213 2908,213 2956,213 3004,213 3053,213"/>
                <TextEquiv>
                    <Unicode>Was könnte für einen armen, vom Grübelj zer¬</Unicode>
                </TextEquiv>
            </TextLine>
            <TextLine id="r1l8" custom="readingOrder {index:7;}">
                <Coords points="687,246 1676,260 1825,254 1857,210 687,208"/>
                <Baseline points="698,237 755,237 812,238 870,238 927,238 984,239 1042,239 1099,240 1156,240 1214,240 1271,240 1328,241 1386,241 1443,241 1500,241 1558,241 1615,241 1672,241 1730,241 1787,241 1845,241"/>
                <TextEquiv>
                    <Unicode>erhalten! Welchen wesentlichen Faktor ein guter Atelier¬</Unicode>
                </TextEquiv>
            </TextLine>
            <TextLine id="r1l9" custom="readingOrder {index:8;}">
                <Coords points="1994,257 3059,261 3059,221 3023,215 1994,213"/>
                <Baseline points="2004,244 2056,245 2108,245 2160,246 2213,247 2265,248 2317,248 2369,249 2422,249 2474,250 2526,250 2578,251 2631,251 2683,251 2735,252 2787,252 2840,252 2892,252 2944,251 2996,251 3049,250"/>
                <TextEquiv>
                    <Unicode>quälten Geist, für einen vom langsam wirkenden Ve¬</Unicode>
                </TextEquiv>
            </TextLine>
            <TextLine id="r1l10" custom="readingOrder {index:9;}">
                <Coords points="685,285 1869,293 1842,245 685,245"/>
                <Baseline points="696,275 754,276 812,277 870,278 928,278 986,279 1044,279 1102,279 1160,279 1218,279 1277,279 1335,279 1393,279 1451,279 1509,279 1567,279 1625,279 1683,280 1741,280 1799,281 1858,281"/>
                <TextEquiv>
                    <Unicode>pianist für den Künstler vor dem Kurbelkasten bedeuten</Unicode>
                </TextEquiv>
            </TextLine>
            <TextLine id="r1l11" custom="readingOrder {index:10;}">
                <Coords points="1996,289 3061,290 3061,263 2994,252 1996,251"/>
                <Baseline points="2007,284 2059,284 2111,285 2163,286 2215,286 2268,287 2320,288 2372,288 2424,289 2476,289 2529,290 2581,290 2633,291 2685,291 2737,291 2790,291 2842,291 2894,291 2946,291 2998,291 3051,290"/>
                <TextEquiv>
                    <Unicode>ronal zermürbten Körper wohl für eine Musik gebo¬</Unicode>
                </TextEquiv>
            </TextLine>
            <TextLine id="r1l12" custom="readingOrder {index:11;}">
                <Coords points="686,323 1860,328 1860,290 1684,277 687,286"/>
                <Baseline points="696,315 753,316 811,317 868,317 926,318 984,318 1041,318 1099,318 1157,319 1214,319 1272,319 1330,319 1387,319 1445,319 1503,320 1560,320 1618,320 1676,320 1733,320 1791,320 1849,321"/>
                <TextEquiv>
                    <Unicode>kann, wird der begreifen, der sich vergegenwärtigt, wie</Unicode>
                </TextEquiv>
            </TextLine>
            <TextLine id="r1l13" custom="readingOrder {index:12;}">
                <Coords points="1997,332 3060,338 3060,292 1998,290"/>
                <Baseline points="2007,322 2059,323 2111,325 2163,326 2215,326 2267,327 2319,328 2372,328 2424,329 2476,329 2528,330 2580,330 2632,330 2684,331 2737,331 2789,331 2841,331 2893,331 2945,331 2997,331 3050,331"/>
                <TextEquiv>
                    <Unicode>ten sein? Ein trauriger Fall! Eine tragische Szene!</Unicode>
                </TextEquiv>
            </TextLine>
            <TextLine id="r1l14" custom="readingOrder {index:13;}">
                <Coords points="684,364 1843,373 1856,326 684,324"/>
                <Baseline points="694,352 751,353 809,354 866,355 924,356 981,356 1039,356 1096,357 1154,357 1211,357 1269,357 1326,357 1384,357 1441,357 1499,358 1556,358 1614,358 1671,359 1729,359 1786,360 1844,361"/>
                <TextEquiv>
                    <Unicode>viel innere Bereitschaft seitens des Schauspielers nötig ist,</Unicode>
                </TextEquiv>
            </TextLine>
            <TextLine id="r1l15" custom="readingOrder {index:14;}">
                <Coords points="1972,373 1985,371 1989,376 1995,376 2001,372 2007,379 2010,377 2018,379 2024,373 2041,372 2043,330 2029,332 2027,329 2016,327 2010,333 2005,333 1987,321 1974,321"/>
                <Baseline points="1983,362 2031,364"/>
                <TextEquiv>
                    <Unicode>Ich</Unicode>
                </TextEquiv>
            </TextLine>
            <TextLine id="r1l16" custom="readingOrder {index:15;}">
                <Coords points="2043,364 2082,365 2122,383 2147,369 2166,375 2225,360 2250,379 2365,378 2366,342 2295,330 2207,345 2180,332 2043,331"/>
                <Baseline points="2054,362 2079,363 2104,364 2129,365 2154,366 2179,366 2204,367 2229,367 2254,368 2279,368 2304,368 2329,369 2354,369"/>
                <TextEquiv>
                    <Unicode>habe Jazz</Unicode>
                </TextEquiv>
            </TextLine>
            <TextLine id="r1l17" custom="readingOrder {index:16;}">
                <Coords points="2406,377 2712,387 2844,365 3058,381 3058,337 3027,335 2406,341"/>
                <Baseline points="2416,369 2447,369 2479,370 2510,370 2542,370 2573,370 2605,370 2636,370 2668,370 2699,370 2731,370 2763,370 2794,370 2826,370 2857,370 2889,370 2920,370 2952,370 2983,370 3015,370 3047,370"/>
                <TextEquiv>
                    <Unicode>gespielt, zu dieser Szene in</Unicode>
                </TextEquiv>
            </TextLine>
            <TextLine id="r1l18" custom="readingOrder {index:17;}">
                <Coords points="688,402 1828,422 1858,369 688,366"/>
                <Baseline points="699,395 756,394 813,394 871,394 928,395 985,395 1043,395 1100,395 1157,395 1215,396 1272,396 1329,396 1387,397 1444,397 1501,397 1559,398 1616,398 1673,398 1731,399 1788,399 1846,399"/>
                <TextEquiv>
                    <Unicode>um die kaum 3 Minuten währende Szeue eines Filmmann¬</Unicode>
                </TextEquiv>
            </TextLine>
            <TextLine id="r1l19" custom="readingOrder {index:18;}">
                <Coords points="1893,404 1910,405 1916,410 1922,408 1933,413 1945,407 1958,408 1962,412 1971,406 1987,407 1990,361 1975,360 1959,347 1953,351 1949,346 1938,346 1932,341 1923,349 1911,342 1896,344"/>
                <Baseline points="1903,400 1940,399 1977,404"/>
                <TextEquiv>
                    <Unicode>Moll!</Unicode>
                </TextEquiv>
            </TextLine>
            <TextLine id="r1l20" custom="readingOrder {index:19;}">
                <Coords points="2034,408 2845,436 2950,405 3074,442 3068,370 2034,366"/>
                <Baseline points="2044,401 2095,403 2146,404 2197,405 2248,406 2299,407 2350,407 2401,408 2452,408 2503,409 2554,410 2605,410 2656,410 2707,410 2758,411 2809,411 2860,411 2911,411 2962,411 3013,411 3064,411"/>
                <TextEquiv>
                    <Unicode>Sehr leise, sehr verhalten, wirr, abgerissen. Aber</Unicode>
                </TextEquiv>
            </TextLine>
            <TextLine id="r1l21" custom="readingOrder {index:20;}">
                <Coords points="677,442 1633,455 1633,405 1516,398 677,400"/>
                <Baseline points="688,432 734,432 781,433 828,434 874,434 921,434 968,435 1014,435 1061,435 1108,435 1155,436 1201,436 1248,436 1295,436 1341,436 1388,436 1435,437 1481,437 1528,437 1575,437 1622,437"/>
                <TextEquiv>
                    <Unicode>skripts zwingend echt und natürlich zu gestalten.</Unicode>
                </TextEquiv>
            </TextLine>
            <TextLine id="r1l22" custom="readingOrder {index:21;}">
                <Coords points="2031,467 2172,450 2381,462 2382,409 2298,417 2250,401 2223,420 2175,406 2090,418 2032,409"/>
                <Baseline points="2043,440 2068,441 2093,443 2118,443 2143,444 2168,444 2193,444 2219,444 2244,444 2269,444 2294,445 2319,445 2344,446 2370,447"/>
                <TextEquiv>
                    <Unicode>Warum? Wieso?</Unicode>
                </TextEquiv>
            </TextLine>
            <TextLine id="r1l23" custom="readingOrder {index:22;}">
                <Coords points="761,493 1852,492 1852,455 1755,431 1413,462 1372,434 762,443"/>
                <Baseline points="771,482 824,482 878,482 931,483 985,483 1038,483 1092,483 1145,484 1199,484 1252,484 1306,484 1360,484 1413,485 1467,485 1520,485 1574,485 1627,485 1681,485 1734,485 1788,485 1842,485"/>
                <TextEquiv>
                    <Unicode>Der Darsteller einer Bühnenrolle hat es darin leichter.</Unicode>
                </TextEquiv>
            </TextLine>
            <TextLine id="r1l24" custom="readingOrder {index:23;}">
                <Coords points="2073,495 2773,511 2774,455 2073,455"/>
                <Baseline points="2084,489 2119,490 2155,490 2191,491 2226,492 2262,492 2298,493 2334,493 2369,493 2405,494 2441,494 2477,494 2512,494 2548,494 2584,495 2620,495 2655,495 2691,495 2727,496 2763,496"/>
                <TextEquiv>
                    <Unicode>Nun: Das ist noch ein Nachher!</Unicode>
                </TextEquiv>
            </TextLine>
            <TextLine id="r1l25" custom="readingOrder {index:24;}">
                <Coords points="674,526 1862,539 1846,489 674,480"/>
                <Baseline points="685,521 743,521 801,522 859,522 918,522 976,522 1034,523 1093,523 1151,523 1209,523 1268,524 1326,524 1384,524 1442,524 1501,524 1559,524 1617,524 1676,524 1734,524 1792,524 1851,524"/>
                <TextEquiv>
                    <Unicode>Er braucht, sofern er ein Künstler ist, Rollenstudium und</Unicode>
                </TextEquiv>
            </TextLine>
            <TextLine id="r1l26" custom="readingOrder {index:25;}">
                <Coords points="2071,545 2168,529 2211,549 2294,531 2344,547 2373,535 2488,545 2501,543 2502,503 2177,496 2160,508 2072,494"/>
                <Baseline points="2082,526 2107,528 2133,529 2158,530 2184,531 2209,531 2235,531 2260,532 2286,532 2312,532 2337,532 2363,532 2388,533 2414,533 2439,534 2465,534 2491,536"/>
                <TextEquiv>
                    <Unicode>Else sucht Dorsday.</Unicode>
                </TextEquiv>
            </TextLine>
            <TextLine id="r1l27" custom="readingOrder {index:26;}">
                <Coords points="2545,546 2635,533 3067,544 3067,493 2918,480 2851,507 2798,492 2769,515 2717,498 2635,512 2545,499"/>
                <Baseline points="2555,532 2580,533 2605,533 2630,534 2655,534 2680,534 2705,535 2730,535 2755,535 2780,535 2805,535 2830,535 2855,535 2880,535 2905,535 2930,535 2955,535 2980,535 3005,535 3030,535 3056,536"/>
                <TextEquiv>
                    <Unicode>Was weiss sie denn noch</Unicode>
                </TextEquiv>
            </TextLine>
            <TextLine id="r1l28" custom="readingOrder {index:27;}">
                <Coords points="679,567 1859,577 1846,532 679,527"/>
                <Baseline points="689,560 747,560 805,560 863,560 921,560 979,561 1037,561 1095,561 1153,562 1211,562 1269,563 1327,563 1385,564 1443,564 1501,564 1559,564 1617,564 1675,564 1733,564 1791,564 1849,563"/>
                <TextEquiv>
                    <Unicode>künstlerisches Erfassen seiner Partie, um sie in Spiel um¬</Unicode>
                </TextEquiv>
            </TextLine>
            <TextLine id="r1l29" custom="readingOrder {index:28;}">
                <Coords points="2002,573 3065,583 3065,541 2002,533"/>
                <Baseline points="2013,567 2065,568 2117,569 2169,570 2221,571 2273,571 2325,572 2377,572 2429,573 2481,573 2534,573 2586,574 2638,574 2690,574 2742,574 2794,575 2846,575 2898,575 2950,575 3002,576 3055,576"/>
                <TextEquiv>
                    <Unicode>von sich? Zwei Regungen bekämpfen einander seit</Unicode>
                </TextEquiv>
            </TextLine>
            <TextLine id="r1l30" custom="readingOrder {index:29;}">
                <Coords points="685,609 1859,618 1859,570 685,567"/>
                <Baseline points="696,599 753,600 811,600 868,600 926,601 984,601 1041,601 1099,602 1157,602 1214,602 1272,602 1330,603 1387,603 1445,603 1503,603 1560,604 1618,604 1676,604 1733,604 1791,604 1849,604"/>
                <TextEquiv>
                    <Unicode>zusetzen. Ablenkungen, wie z. B. im Anfang das Wissen um</Unicode>
                </TextEquiv>
            </TextLine>
            <TextLine id="r1l31" custom="readingOrder {index:30;}">
                <Coords points="2008,616 3058,640 3059,581 2008,568"/>
                <Baseline points="2018,607 2069,608 2120,608 2172,609 2223,609 2275,610 2326,610 2378,611 2429,611 2481,612 2532,612 2583,612 2635,613 2686,613 2738,613 2789,614 2841,614 2892,614 2944,614 2995,614 3047,614"/>
                <TextEquiv>
                    <Unicode>Tagen in diesem zerquälten Gehirn, brennende Scham</Unicode>
                </TextEquiv>
            </TextLine>
            <TextLine id="r1l32" custom="readingOrder {index:31;}">
                <Coords points="677,648 1855,649 1855,613 1788,604 677,611"/>
                <Baseline points="688,637 745,638 803,639 861,639 919,640 977,640 1035,641 1092,641 1150,641 1208,641 1266,641 1324,641 1382,642 1440,642 1497,642 1555,642 1613,642 1671,642 1729,642 1787,643 1845,643"/>
                <TextEquiv>
                    <Unicode>ein Publikum, bezw. das Achthaben auf die Stichworte, über¬</Unicode>
                </TextEquiv>
            </TextLine>
            <TextLine id="r1l33" custom="readingOrder {index:32;}">
                <Coords points="2003,663 2180,646 2322,670 2345,649 2716,670 2781,660 2782,627 2004,614"/>
                <Baseline points="2014,645 2051,646 2089,647 2127,648 2165,648 2203,649 2240,649 2278,650 2316,650 2354,651 2392,651 2429,651 2467,652 2505,652 2543,652 2581,652 2618,653 2656,653 2694,653 2732,654 2770,654"/>
                <TextEquiv>
                    <Unicode>und der Wunsch, den Vater zu retten.</Unicode>
                </TextEquiv>
            </TextLine>
            <TextLine id="r1l34" custom="readingOrder {index:33;}">
                <Coords points="686,687 1860,690 1860,648 687,647"/>
                <Baseline points="696,677 753,678 811,678 869,679 926,679 984,680 1042,680 1099,680 1157,681 1215,681 1273,681 1330,682 1388,682 1446,682 1503,682 1561,682 1619,682 1676,683 1734,683 1792,683 1850,683"/>
                <TextEquiv>
                    <Unicode>windet der wahre Künstler bald; einmal, durch die in sich</Unicode>
                </TextEquiv>
            </TextLine>
            <TextLine id="r1l35" custom="readingOrder {index:34;}">
                <Coords points="2076,699 3057,703 3070,648 2330,672 2076,648"/>
                <Baseline points="2087,686 2135,686 2184,687 2232,688 2281,689 2329,689 2378,690 2426,691 2475,691 2523,692 2572,692 2621,693 2669,693 2718,693 2766,693 2815,694 2863,694 2912,694 2960,694 3009,693 3058,693"/>
                <TextEquiv>
                    <Unicode>Nun ist sie also da, in Dorsday’s Schlafzimmer.</Unicode>
                </TextEquiv>
            </TextLine>
            <TextLine id="r1l36" custom="readingOrder {index:35;}">
                <Coords points="682,725 1868,735 1868,699 1772,682 682,687"/>
                <Baseline points="693,716 751,717 809,717 867,718 926,718 984,719 1042,719 1100,720 1159,720 1217,720 1275,721 1333,721 1392,721 1450,721 1508,722 1566,722 1625,722 1683,722 1741,722 1799,722 1858,722"/>
                <TextEquiv>
                    <Unicode>geschlossene geistige Vorstellung, die er von seiner Kolle</Unicode>
                </TextEquiv>
            </TextLine>
            <TextLine id="r1l37" custom="readingOrder {index:36;}">
                <Coords points="2006,737 3002,748 3060,744 3061,698 2006,691"/>
                <Baseline points="2017,724 2068,725 2120,726 2171,726 2223,727 2275,728 2326,729 2378,730 2429,730 2481,731 2533,732 2584,732 2636,732 2687,733 2739,733 2791,733 2842,733 2894,733 2945,733 2997,733 3049,732"/>
                <TextEquiv>
                    <Unicode>Aber sie kommt zu spät. Dorsday ist fort, das Schlaf¬</Unicode>
                </TextEquiv>
            </TextLine>
            <TextLine id="r1l38" custom="readingOrder {index:37;}">
                <Coords points="680,762 1858,768 1837,728 680,724"/>
                <Baseline points="691,757 748,757 806,757 864,758 922,758 980,758 1037,758 1095,759 1153,759 1211,759 1269,759 1326,760 1384,760 1442,760 1500,761 1558,761 1615,761 1673,761 1731,762 1789,762 1847,762"/>
                <TextEquiv>
                    <Unicode>hat, zum anderen, durch das gesprochene Wort und seinen</Unicode>
                </TextEquiv>
            </TextLine>
            <TextLine id="r1l39" custom="readingOrder {index:38;}">
                <Coords points="1994,771 3061,780 3061,742 3023,737 1994,740"/>
                <Baseline points="2005,765 2057,766 2109,766 2161,766 2214,767 2266,768 2318,768 2370,769 2423,769 2475,770 2527,771 2579,771 2632,772 2684,772 2736,773 2788,773 2841,773 2893,773 2945,773 2997,772 3050,771"/>
                <TextEquiv>
                    <Unicode>zimmer leer. (Sie weiss nicht, dass er, nicht mehr</Unicode>
                </TextEquiv>
            </TextLine>
            <TextLine id="r1l40" custom="readingOrder {index:39;}">
                <Coords points="678,805 1867,810 1867,768 1637,758 679,763"/>
                <Baseline points="689,796 747,796 805,797 864,797 922,797 981,797 1039,798 1097,798 1156,798 1214,798 1273,799 1331,799 1389,799 1448,800 1506,800 1565,801 1623,801 1681,802 1740,802 1798,803 1857,804"/>
                <TextEquiv>
                    <Unicode>Sinn. So entstehen die grossen Charaktere, die „Typen“ auf</Unicode>
                </TextEquiv>
            </TextLine>
            <TextLine id="r1l41" custom="readingOrder {index:40;}">
                <Coords points="1997,811 2992,834 3059,826 3060,780 1997,775"/>
                <Baseline points="2008,803 2060,804 2112,805 2164,805 2216,806 2268,807 2320,808 2372,808 2424,809 2476,810 2528,810 2580,811 2632,811 2684,812 2736,812 2788,812 2840,812 2892,812 2944,812 2996,812 3049,812"/>
                <TextEquiv>
                    <Unicode>mit ihrem Kommen rechnend, in den Spielsaal des</Unicode>
                </TextEquiv>
            </TextLine>
            <TextLine id="r1l42" custom="readingOrder {index:41;}">
                <Coords points="688,846 1703,848 1703,812 1661,806 688,802"/>
                <Baseline points="698,835 747,835 797,836 847,836 896,837 946,837 996,837 1045,837 1095,837 1145,838 1195,838 1244,838 1294,838 1344,838 1393,838 1443,839 1493,839 1542,839 1592,839 1642,840 1692,840"/>
                <TextEquiv>
                    <Unicode>der Bühne, die ein Parkett zu erschüttern vermögen.</Unicode>
                </TextEquiv>
            </TextLine>
            <TextLine id="r1l43" custom="readingOrder {index:42;}">
                <Coords points="1993,863 2981,859 2958,815 1994,809"/>
                <Baseline points="2004,842 2052,843 2100,844 2148,845 2197,846 2245,847 2293,847 2342,848 2390,849 2438,850 2487,850 2535,850 2583,851 2631,851 2680,851 2728,852 2776,852 2825,852 2873,852 2921,852 2970,852"/>
                <TextEquiv>
                    <Unicode>Hôtels hinuntergegangen ist, um sich abzulenken).</Unicode>
                </TextEquiv>
            </TextLine>
            <TextLine id="r1l44" custom="readingOrder {index:43;}">
                <Coords points="758,889 1861,899 1861,857 1760,842 758,849"/>
                <Baseline points="768,883 822,884 876,884 930,884 984,885 1038,885 1092,885 1147,886 1201,886 1255,886 1309,886 1363,887 1417,887 1471,887 1526,888 1580,888 1634,888 1688,889 1742,889 1796,889 1851,890"/>
                <TextEquiv>
                    <Unicode>Anders beim Film. Vor uns liegt ein Manuskript zur</Unicode>
                </TextEquiv>
            </TextLine>
            <TextLine id="r1l45" custom="readingOrder {index:44;}">
                <Coords points="2079,890 3069,904 3069,855 3004,838 2883,870 2080,850"/>
                <Baseline points="2090,883 2138,884 2186,884 2235,885 2283,886 2332,887 2380,887 2428,888 2477,888 2525,889 2574,889 2622,890 2670,890 2719,891 2767,891 2816,891 2864,891 2912,892 2961,892 3009,892 3058,892"/>
                <TextEquiv>
                    <Unicode>Sie weiss nur eins: Es ist alles umsonst gewesen;</Unicode>
                </TextEquiv>
            </TextLine>
            <TextLine id="r1l46" custom="readingOrder {index:45;}">
                <Coords points="683,932 1867,945 1867,909 1809,896 683,884"/>
                <Baseline points="693,922 751,923 809,923 867,924 925,924 984,925 1042,925 1100,925 1158,925 1216,925 1275,925 1333,926 1391,926 1449,926 1507,926 1566,927 1624,927 1682,928 1740,928 1798,929 1857,930"/>
                <TextEquiv>
                    <Unicode>Verfilmung, eingestellt in eine mehr oder weniger grosse An¬</Unicode>
                </TextEquiv>
            </TextLine>
            <TextLine id="r1l47" custom="readingOrder {index:46;}">
                <Coords points="1997,928 3061,947 3062,905 2154,896 1997,863"/>
                <Baseline points="2007,922 2059,922 2111,923 2163,923 2216,924 2268,925 2320,926 2372,926 2425,927 2477,928 2529,928 2581,929 2634,930 2686,930 2738,931 2790,931 2843,931 2895,931 2947,931 2999,931 3052,931"/>
                <TextEquiv>
                    <Unicode>die Hilfe für den Vater in Frage gestellt; mittlerweile</Unicode>
                </TextEquiv>
            </TextLine>
            <TextLine id="r1l48" custom="readingOrder {index:47;}">
                <Coords points="687,968 1865,979 1865,941 1804,932 687,932"/>
                <Baseline points="698,962 755,963 813,963 871,963 929,963 987,964 1045,964 1102,964 1160,964 1218,965 1276,965 1334,965 1392,966 1450,966 1507,967 1565,967 1623,967 1681,967 1739,968 1797,968 1855,969"/>
                <TextEquiv>
                    <Unicode>zahl von Szeuenbildern, je nach Länge des behandelten</Unicode>
                </TextEquiv>
            </TextLine>
            <TextLine id="r1l49" custom="readingOrder {index:48;}">
                <Coords points="2001,968 3055,978 3032,936 2001,930"/>
                <Baseline points="2011,962 2062,962 2114,963 2165,963 2217,964 2269,964 2320,965 2372,966 2424,966 2475,967 2527,968 2579,968 2630,969 2682,969 2734,970 2785,970 2837,970 2889,971 2940,971 2992,971 3044,971"/>
                <TextEquiv>
                    <Unicode>wirkt das Gift. Jetzt ist es nur noch ein schreck¬</Unicode>
                </TextEquiv>
            </TextLine>
            <TextLine id="r1l50" custom="readingOrder {index:49;}">
                <Coords points="683,1006 1685,1025 1861,1010 1862,976 684,967"/>
                <Baseline points="693,1002 750,1002 808,1002 866,1002 924,1002 982,1002 1040,1003 1098,1003 1156,1004 1214,1004 1272,1004 1329,1005 1387,1005 1445,1006 1503,1006 1561,1007 1619,1007 1677,1007 1735,1008 1793,1008 1851,1008"/>
                <TextEquiv>
                    <Unicode>Stoffes. Ja, aber: Von diesen, sagen wir. 150 Szenen, spie¬</Unicode>
                </TextEquiv>
            </TextLine>
            <TextLine id="r1l51" custom="readingOrder {index:50;}">
                <Coords points="2005,1007 2919,1038 3059,1017 3060,977 2005,971"/>
                <Baseline points="2016,1001 2067,1002 2119,1002 2170,1003 2222,1003 2274,1004 2325,1005 2377,1005 2429,1006 2480,1007 2532,1007 2584,1008 2635,1008 2687,1009 2739,1009 2790,1009 2842,1010 2894,1010 2945,1010 2997,1010 3049,1010"/>
                <TextEquiv>
                    <Unicode>hafter Gedanke, der sie beherrscht: Hilf dem Vater!</Unicode>
                </TextEquiv>
            </TextLine>
            <TextLine id="r1l52" custom="readingOrder {index:51;}">
                <Coords points="2003,1052 2066,1050 2083,1035 2106,1050 2175,1049 2183,1040 2202,1051 2317,1054 2318,1012 2140,1011 2117,998 2089,1017 2060,1004 2003,1006"/>
                <Baseline points="2014,1040 2040,1040 2067,1041 2093,1041 2120,1041 2146,1041 2173,1041 2199,1041 2226,1041 2252,1042 2279,1042 2306,1043"/>
                <TextEquiv>
                    <Unicode>Hilf dem Vater!</Unicode>
                </TextEquiv>
            </TextLine>
            <TextLine id="r1l53" custom="readingOrder {index:52;}">
                <Coords points="684,1045 1837,1061 1859,1015 685,1007"/>
                <Baseline points="694,1041 751,1041 809,1041 866,1041 924,1041 982,1041 1039,1042 1097,1042 1155,1042 1212,1043 1270,1043 1328,1044 1385,1044 1443,1045 1501,1045 1558,1046 1616,1046 1674,1047 1731,1047 1789,1048 1847,1048"/>
                <TextEquiv>
                    <Unicode>len 20 in einem Salon, 30 in einer Bar usw. usw. Welche</Unicode>
                </TextEquiv>
            </TextLine>
            <TextLine id="r1l54" custom="readingOrder {index:53;}">
                <Coords points="677,1085 1778,1103 1855,1100 1856,1060 678,1045"/>
                <Baseline points="688,1079 745,1080 803,1080 861,1080 919,1080 977,1081 1035,1081 1092,1081 1150,1082 1208,1082 1266,1082 1324,1083 1382,1083 1440,1084 1497,1085 1555,1085 1613,1086 1671,1086 1729,1087 1787,1087 1845,1088"/>
                <TextEquiv>
                    <Unicode>Filmgesellschaft könnte sich wohl den Luxus gestatten, diese</Unicode>
                </TextEquiv>
            </TextLine>
            <TextLine id="r1l55" custom="readingOrder {index:54;}">
                <Coords points="2082,1089 3006,1106 3063,1096 3063,1033 2082,1047"/>
                <Baseline points="2092,1081 2140,1081 2188,1081 2236,1081 2284,1082 2332,1082 2380,1083 2428,1083 2476,1084 2524,1085 2572,1085 2620,1086 2668,1086 2716,1087 2764,1088 2812,1088 2860,1088 2908,1088 2956,1088 3004,1088 3053,1088"/>
                <TextEquiv>
                    <Unicode>Da hört sie diese fernen, stechenden, aufpeitschen¬</Unicode>
                </TextEquiv>
            </TextLine>
            <TextLine id="r1l56" custom="readingOrder {index:55;}">
                <Coords points="690,1125 1807,1141 1857,1135 1858,1100 690,1083"/>
                <Baseline points="700,1118 757,1119 814,1119 872,1120 929,1120 986,1121 1044,1121 1101,1121 1158,1122 1216,1122 1273,1122 1330,1123 1388,1123 1445,1123 1502,1124 1560,1124 1617,1125 1674,1126 1732,1126 1789,1127 1847,1128"/>
                <TextEquiv>
                    <Unicode>Szenen von 1 bis 150 der Rcihenfolge nach zu kurbeln? Das</Unicode>
                </TextEquiv>
            </TextLine>
            <TextLine id="r1l57" custom="readingOrder {index:56;}">
                <Coords points="1998,1124 2899,1149 3069,1136 3070,1090 2265,1106 1999,1063"/>
                <Baseline points="2008,1119 2060,1120 2113,1120 2165,1121 2218,1121 2270,1122 2323,1122 2375,1123 2428,1124 2480,1124 2533,1125 2586,1126 2638,1126 2691,1127 2743,1127 2796,1128 2848,1129 2901,1129 2953,1129 3006,1129 3059,1130"/>
                <TextEquiv>
                    <Unicode>den Klänge... Synkopen, Jazz... ach ja, ich bin ja</Unicode>
                </TextEquiv>
            </TextLine>
            <TextLine id="r1l58" custom="readingOrder {index:57;}">
                <Coords points="687,1167 1857,1167 1857,1135 1784,1131 687,1131"/>
                <Baseline points="698,1157 755,1158 812,1158 870,1159 927,1160 985,1160 1042,1161 1100,1161 1157,1162 1215,1162 1272,1163 1329,1163 1387,1163 1444,1164 1502,1164 1559,1164 1617,1165 1674,1165 1732,1165 1789,1166 1847,1166"/>
                <TextEquiv>
                    <Unicode>iesse etwa, den Salon, der zwanzigmal im Manuskript vor¬</Unicode>
                </TextEquiv>
            </TextLine>
            <TextLine id="r1l59" custom="readingOrder {index:58;}">
                <Coords points="1996,1163 3061,1174 3061,1135 2932,1127 1997,1126"/>
                <Baseline points="2007,1158 2059,1159 2111,1159 2163,1159 2215,1160 2267,1160 2319,1161 2372,1161 2424,1162 2476,1162 2528,1163 2580,1163 2632,1164 2684,1165 2737,1165 2789,1166 2841,1166 2893,1167 2945,1168 2997,1168 3050,1169"/>
                <TextEquiv>
                    <Unicode>in einem grossen Hôtel in St. Moritz, erinnert sie sich.</Unicode>
                </TextEquiv>
            </TextLine>
            <TextLine id="r1l60" custom="readingOrder {index:59;}">
                <Coords points="682,1211 1837,1226 1857,1174 683,1162"/>
                <Baseline points="692,1197 749,1198 807,1198 865,1199 922,1199 980,1200 1038,1200 1095,1201 1153,1201 1211,1202 1269,1202 1326,1203 1384,1203 1442,1204 1499,1204 1557,1204 1615,1205 1672,1205 1730,1205 1788,1206 1846,1206"/>
                <TextEquiv>
                    <Unicode>kommt, zwanzigmal neu aufbauen, ganz abgeschen davon,</Unicode>
                </TextEquiv>
            </TextLine>
            <TextLine id="r1l61" custom="readingOrder {index:60;}">
                <Coords points="1999,1205 2894,1198 3068,1234 3068,1175 2968,1163 1999,1163"/>
                <Baseline points="2010,1197 2062,1198 2114,1198 2167,1199 2219,1199 2271,1200 2324,1201 2376,1201 2428,1202 2481,1203 2533,1203 2585,1204 2638,1204 2690,1205 2742,1206 2795,1206 2847,1207 2899,1207 2952,1208 3004,1208 3057,1208"/>
                <TextEquiv>
                    <Unicode>Ich werde mich unmöglich machen! Nun ist das</Unicode>
                </TextEquiv>
            </TextLine>
            <TextLine id="r1l62" custom="readingOrder {index:61;}">
                <Coords points="680,1244 1798,1261 1857,1215 681,1208"/>
                <Baseline points="692,1236 749,1237 807,1237 864,1238 922,1238 980,1239 1037,1239 1095,1240 1153,1240 1210,1241 1268,1241 1326,1242 1383,1242 1441,1243 1499,1243 1556,1243 1614,1244 1672,1244 1729,1244 1787,1244 1845,1244"/>
                <TextEquiv>
                    <Unicode>welche Schwierigkeiten es machen würde ihn unverän¬</Unicode>
                </TextEquiv>
            </TextLine>
            <TextLine id="r1l63" custom="readingOrder {index:62;}">
                <Coords points="2005,1244 3074,1262 3075,1220 2006,1202"/>
                <Baseline points="2016,1237 2068,1237 2120,1238 2173,1238 2225,1239 2278,1240 2330,1240 2382,1241 2435,1241 2487,1242 2540,1243 2592,1243 2644,1244 2697,1245 2749,1245 2802,1246 2854,1246 2906,1247 2959,1247 3011,1247 3064,1247"/>
                <TextEquiv>
                    <Unicode>Schreckliche wieder da: Die Schande, die Schande...</Unicode>
                </TextEquiv>
            </TextLine>
            <TextLine id="r1l64" custom="readingOrder {index:63;}">
                <Coords points="680,1286 1862,1296 1862,1254 1718,1244 680,1240"/>
                <Baseline points="691,1276 749,1277 807,1277 865,1278 923,1278 981,1279 1039,1279 1097,1280 1155,1280 1213,1281 1271,1281 1329,1282 1387,1282 1445,1283 1503,1283 1561,1284 1619,1284 1677,1284 1735,1284 1793,1285 1851,1285"/>
                <TextEquiv>
                    <Unicode>dert jedesmal wieder hinzustellen. Diese Vitrine hier, je¬</Unicode>
                </TextEquiv>
            </TextLine>
            <TextLine id="r1l65" custom="readingOrder {index:64;}">
                <Coords points="1999,1282 3062,1300 3063,1256 3029,1249 2000,1245"/>
                <Baseline points="2009,1276 2061,1277 2113,1277 2165,1278 2217,1279 2269,1280 2321,1280 2373,1281 2425,1281 2477,1282 2530,1282 2582,1283 2634,1284 2686,1284 2738,1284 2790,1285 2842,1285 2894,1286 2946,1286 2998,1286 3051,1287"/>
                <TextEquiv>
                    <Unicode>Aber der Vater... und unten spielt erbarmungslos die</Unicode>
                </TextEquiv>
            </TextLine>
            <TextLine id="r1l66" custom="readingOrder {index:65;}">
                <Coords points="678,1329 734,1342 791,1326 843,1337 875,1324 908,1337 1091,1330 1091,1301 991,1279 953,1291 888,1280 678,1285"/>
                <Baseline points="688,1315 714,1316 740,1316 766,1316 792,1316 819,1316 845,1316 871,1317 897,1317 923,1317 950,1317 976,1317 1002,1318 1028,1318 1054,1319 1081,1320"/>
                <TextEquiv>
                    <Unicode>nen Sessel dort usw.</Unicode>
                </TextEquiv>
            </TextLine>
            <TextLine id="r1l67" custom="readingOrder {index:66;}">
                <Coords points="1999,1331 3037,1339 3069,1300 2000,1281"/>
                <Baseline points="2009,1316 2061,1316 2113,1316 2166,1317 2218,1317 2271,1318 2323,1319 2376,1319 2428,1320 2481,1321 2533,1322 2585,1322 2638,1323 2690,1324 2743,1324 2795,1325 2848,1325 2900,1326 2953,1326 3005,1326 3058,1326"/>
                <TextEquiv>
                    <Unicode>Musik — leise klingen die Töne bis in das stille Zimmer</Unicode>
                </TextEquiv>
            </TextLine>
            <TextLine id="r1l68" custom="readingOrder {index:67;}">
                <Coords points="2053,1366 2847,1384 3067,1376 3068,1336 2053,1322"/>
                <Baseline points="2064,1356 2113,1356 2163,1357 2212,1357 2262,1358 2312,1359 2361,1359 2411,1360 2460,1361 2510,1362 2560,1362 2609,1363 2659,1364 2708,1364 2758,1365 2808,1365 2857,1366 2907,1366 2956,1366 3006,1366 3056,1366"/>
                <TextEquiv>
                    <Unicode>Unten tanzen die Paare, und Dorsday wird tanzen,</Unicode>
                </TextEquiv>
            </TextLine>
            <TextLine id="r1l69" custom="readingOrder {index:68;}">
                <Coords points="799,1371 1866,1387 1826,1334 799,1329"/>
                <Baseline points="810,1363 862,1364 914,1365 966,1366 1019,1366 1071,1367 1123,1368 1176,1368 1228,1369 1280,1369 1333,1370 1385,1370 1437,1371 1489,1371 1542,1372 1594,1372 1646,1373 1699,1373 1751,1374 1803,1375 1856,1375"/>
                <TextEquiv>
                    <Unicode>Eine Unmöglichkeit also — in technischer, wie in</Unicode>
                </TextEquiv>
            </TextLine>
            <TextLine id="r1l70" custom="readingOrder {index:69;}">
                <Coords points="2009,1406 3055,1418 3068,1377 2009,1358"/>
                <Baseline points="2019,1397 2073,1397 2128,1398 2183,1399 2237,1399 2292,1400 2347,1401 2401,1402 2456,1402 2511,1403 2565,1404 2620,1404 2675,1405 2729,1406 2784,1406 2839,1406 2893,1406 2948,1406 3003,1406 3058,1405"/>
                <TextEquiv>
                    <Unicode>oder wird er am Roulettetisch sein?! Das Gft wirkt</Unicode>
                </TextEquiv>
            </TextLine>
            <TextLine id="r1l71" custom="readingOrder {index:70;}">
                <Coords points="673,1408 734,1430 761,1409 1204,1414 1204,1377 1018,1370 988,1383 890,1360 814,1376 787,1359 674,1375"/>
                <Baseline points="684,1404 709,1404 735,1404 760,1404 786,1404 811,1404 837,1405 862,1405 888,1405 913,1405 939,1406 964,1406 990,1406 1015,1407 1041,1407 1066,1408 1092,1408 1117,1408 1143,1409 1168,1409 1194,1409"/>
                <TextEquiv>
                    <Unicode>wirtschaftlicher Beziehung.</Unicode>
                </TextEquiv>
            </TextLine>
            <TextLine id="r1l72" custom="readingOrder {index:71;}">
                <Coords points="1998,1446 3065,1455 3048,1411 1998,1402"/>
                <Baseline points="2009,1436 2061,1437 2113,1438 2165,1439 2218,1440 2270,1440 2322,1441 2374,1442 2427,1442 2479,1443 2531,1443 2583,1443 2636,1444 2688,1444 2740,1445 2792,1445 2845,1446 2897,1446 2949,1447 3001,1447 3054,1448"/>
                <TextEquiv>
                    <Unicode>stärker. Sie fröstelt.., Ach, unter dem Mantel bin ich</Unicode>
                </TextEquiv>
            </TextLine>
            <TextLine id="r1l73" custom="readingOrder {index:72;}">
                <Coords points="761,1466 1835,1464 1869,1414 762,1410"/>
                <Baseline points="772,1441 826,1442 880,1444 934,1445 989,1445 1043,1446 1097,1447 1151,1448 1206,1448 1260,1449 1314,1449 1368,1450 1423,1450 1477,1450 1531,1451 1585,1451 1640,1451 1694,1452 1748,1452 1802,1452 1857,1453"/>
                <TextEquiv>
                    <Unicode>Natürlich wird das so gemacht, dass dieser Salon ein¬</Unicode>
                </TextEquiv>
            </TextLine>
            <TextLine id="r1l74" custom="readingOrder {index:73;}">
                <Coords points="2005,1484 3064,1502 3064,1458 3022,1453 2006,1453"/>
                <Baseline points="2015,1478 2069,1479 2124,1479 2179,1480 2233,1480 2288,1481 2343,1481 2397,1482 2452,1483 2507,1483 2561,1484 2616,1484 2671,1485 2725,1486 2780,1486 2835,1487 2889,1487 2944,1488 2999,1488 3054,1489"/>
                <TextEquiv>
                    <Unicode>nackt... Aber der Vater... Was wird Cissy sagen?.</Unicode>
                </TextEquiv>
            </TextLine>
            <TextLine id="r1l75" custom="readingOrder {index:74;}">
                <Coords points="676,1496 1816,1519 1868,1502 1869,1458 676,1439"/>
                <Baseline points="687,1482 745,1483 804,1483 862,1484 921,1484 979,1485 1038,1486 1096,1486 1155,1487 1213,1488 1272,1489 1331,1490 1389,1491 1448,1491 1506,1492 1565,1492 1623,1493 1682,1493 1740,1493 1799,1493 1858,1493"/>
                <TextEquiv>
                    <Unicode>mal gebaut, diese 20 Szenen abgespielt, und der Salon dann</Unicode>
                </TextEquiv>
            </TextLine>
            <TextLine id="r1l76" custom="readingOrder {index:75;}">
                <Coords points="675,1541 703,1547 766,1527 854,1540 898,1526 967,1539 1000,1531 1001,1494 980,1489 965,1499 944,1489 894,1503 858,1490 846,1498 787,1489 768,1498 751,1489 676,1495"/>
                <Baseline points="687,1523 712,1522 737,1521 762,1521 787,1522 812,1522 838,1523 863,1523 888,1523 913,1524 938,1524 963,1524 989,1523"/>
                <TextEquiv>
                    <Unicode>abgerissen wird.</Unicode>
                </TextEquiv>
            </TextLine>
            <TextLine id="r1l77" custom="readingOrder {index:76;}">
                <Coords points="2007,1523 3062,1549 3062,1497 3002,1490 2008,1483"/>
                <Baseline points="2017,1517 2068,1517 2120,1518 2172,1519 2223,1520 2275,1521 2327,1522 2378,1523 2430,1524 2482,1525 2534,1526 2585,1526 2637,1527 2689,1528 2740,1528 2792,1529 2844,1529 2895,1529 2947,1529 2999,1528 3051,1528"/>
                <TextEquiv>
                    <Unicode>Wie die Tante schauen wirdl... Na die werden</Unicode>
                </TextEquiv>
            </TextLine>
            <TextLine id="r1l78" custom="readingOrder {index:77;}">
                <Coords points="2006,1579 2029,1584 2090,1564 2151,1575 2166,1567 2176,1578 2202,1566 2241,1575 2298,1567 2299,1527 2133,1535 2093,1518 2070,1530 2007,1523"/>
                <Baseline points="2018,1557 2044,1558 2071,1558 2098,1559 2125,1559 2152,1560 2179,1560 2206,1560 2233,1561 2260,1561 2287,1562"/>
                <TextEquiv>
                    <Unicode>Augen machen!</Unicode>
                </TextEquiv>
            </TextLine>
            <TextLine id="r1l79" custom="readingOrder {index:78;}">
                <Coords points="755,1570 1824,1583 1863,1533 756,1528"/>
                <Baseline points="765,1561 819,1562 873,1562 927,1563 982,1564 1036,1564 1090,1565 1145,1566 1199,1567 1253,1567 1308,1568 1362,1569 1416,1569 1470,1570 1525,1570 1579,1571 1633,1571 1688,1571 1742,1571 1796,1571 1851,1571"/>
                <TextEquiv>
                    <Unicode>Hier setzt die Tätigkeit des tüchtigen Regisseurs ein, die¬</Unicode>
                </TextEquiv>
            </TextLine>
            <TextLine id="r1l80" custom="readingOrder {index:79;}">
                <Coords points="2076,1610 3061,1617 3062,1561 2077,1566"/>
                <Baseline points="2087,1598 2135,1598 2183,1599 2231,1599 2279,1600 2327,1600 2375,1601 2424,1602 2472,1602 2520,1603 2568,1603 2616,1604 2664,1605 2712,1605 2761,1605 2809,1606 2857,1607 2905,1607 2953,1607 3001,1608 3050,1608"/>
                <TextEquiv>
                    <Unicode>Aber der Vater wird sich das Leben nehmen! Und</Unicode>
                </TextEquiv>
            </TextLine>
            <TextLine id="r1l81" custom="readingOrder {index:80;}">
                <Coords points="679,1607 1828,1625 1870,1615 1871,1571 680,1569"/>
                <Baseline points="691,1601 749,1601 807,1601 866,1602 924,1603 983,1603 1041,1604 1100,1604 1158,1605 1217,1606 1275,1607 1333,1607 1392,1608 1450,1609 1509,1609 1567,1610 1626,1610 1684,1611 1743,1611 1801,1611 1860,1611"/>
                <TextEquiv>
                    <Unicode>ses Stückwerk, diese 20 von einander durch Zeit und Hand¬</Unicode>
                </TextEquiv>
            </TextLine>
            <TextLine id="r1l82" custom="readingOrder {index:81;}">
                <Coords points="1993,1645 3060,1665 3044,1612 1994,1609"/>
                <Baseline points="2003,1639 2055,1640 2107,1641 2159,1641 2212,1642 2264,1643 2316,1643 2369,1644 2421,1644 2473,1644 2526,1645 2578,1645 2630,1646 2682,1646 2735,1647 2787,1647 2839,1647 2892,1648 2944,1648 2996,1649 3049,1650"/>
                <TextEquiv>
                    <Unicode>sie gcht... Dorsday suchen. (Abblenden. Szene aus!).</Unicode>
                </TextEquiv>
            </TextLine>
            <TextLine id="r1l83" custom="readingOrder {index:82;}">
                <Coords points="677,1646 1859,1665 1859,1612 677,1606"/>
                <Baseline points="687,1642 745,1642 803,1642 861,1642 919,1642 977,1643 1035,1643 1093,1644 1151,1644 1209,1645 1267,1646 1325,1647 1383,1647 1441,1648 1499,1649 1557,1649 1615,1650 1673,1650 1731,1650 1789,1650 1848,1650"/>
                <TextEquiv>
                    <Unicode>lung ganz verschiedenen Szenen in ein später geschlossenes</Unicode>
                </TextEquiv>
            </TextLine>
            <TextLine id="r1l84" custom="readingOrder {index:83;}">
                <Coords points="674,1690 1865,1699 1840,1654 675,1646"/>
                <Baseline points="685,1679 743,1679 802,1680 860,1681 919,1682 977,1682 1036,1683 1094,1684 1153,1685 1211,1685 1270,1686 1328,1686 1387,1687 1445,1688 1504,1688 1562,1689 1621,1689 1679,1689 1738,1690 1796,1690 1855,1691"/>
                <TextEquiv>
                    <Unicode>Ganze so einzufügen, sie von den Darstellern derart spielen</Unicode>
                </TextEquiv>
            </TextLine>
            <TextLine id="r1l85" custom="readingOrder {index:84;}">
                <Coords points="1956,1705 3069,1705 3070,1657 1957,1650"/>
                <Baseline points="1967,1686 2021,1687 2076,1687 2130,1688 2185,1688 2240,1689 2294,1690 2349,1690 2403,1691 2458,1692 2513,1692 2567,1693 2622,1693 2676,1694 2731,1694 2786,1695 2840,1695 2895,1695 2949,1696 3004,1696 3059,1696"/>
                <TextEquiv>
                    <Unicode>Das ist also das Nachher! Die Szene im Röulettesaal!</Unicode>
                </TextEquiv>
            </TextLine>
            <TextLine id="r1l86" custom="readingOrder {index:85;}">
                <Coords points="683,1730 1083,1713 1764,1754 1850,1740 1851,1698 683,1690"/>
                <Baseline points="694,1717 751,1718 808,1719 866,1720 923,1720 980,1721 1038,1721 1095,1722 1152,1722 1210,1723 1267,1723 1324,1724 1382,1724 1439,1725 1496,1726 1554,1726 1611,1727 1668,1727 1726,1728 1783,1729 1841,1730"/>
                <TextEquiv>
                    <Unicode>zu lassen, dass das Gesamtwerk dem Zuschauer Tänclung</Unicode>
                </TextEquiv>
            </TextLine>
            <TextLine id="r1l87" custom="readingOrder {index:86;}">
                <Coords points="1890,1732 2945,1762 3066,1744 3067,1703 2381,1717 1891,1675"/>
                <Baseline points="1901,1725 1958,1725 2016,1726 2074,1727 2131,1727 2189,1728 2247,1729 2304,1730 2362,1731 2420,1731 2478,1732 2535,1733 2593,1734 2651,1734 2708,1735 2766,1736 2824,1736 2881,1737 2939,1737 2997,1738 3055,1738"/>
                <TextEquiv>
                    <Unicode>Ein ihrertwillen ist diese aufpeitschende, wrre, synkopierte</Unicode>
                </TextEquiv>
            </TextLine>
            <TextLine id="r1l88" custom="readingOrder {index:87;}">
                <Coords points="679,1763 1750,1776 1715,1731 679,1724"/>
                <Baseline points="690,1755 742,1756 795,1758 847,1759 900,1759 952,1760 1005,1760 1057,1761 1110,1761 1162,1762 1215,1762 1267,1762 1320,1763 1372,1763 1425,1763 1477,1764 1530,1764 1582,1765 1635,1766 1687,1767 1740,1768"/>
                <TextEquiv>
                    <Unicode>vermittelt, Tempo hat und Gestaltungskraft bekommt.</Unicode>
                </TextEquiv>
            </TextLine>
            <TextLine id="r1l89" custom="readingOrder {index:88;}">
                <Coords points="1892,1776 3062,1801 3039,1744 1893,1732"/>
                <Baseline points="1903,1766 1960,1767 2017,1767 2075,1767 2132,1768 2190,1768 2247,1769 2305,1770 2362,1771 2420,1772 2477,1773 2534,1774 2592,1774 2649,1775 2707,1776 2764,1777 2822,1777 2879,1778 2937,1778 2994,1778 3052,1778"/>
                <TextEquiv>
                    <Unicode>Musik in Zweiviertel-Rhythmus so gut. so wichtig, unter¬</Unicode>
                </TextEquiv>
            </TextLine>
            <TextLine id="r1l90" custom="readingOrder {index:89;}">
                <Coords points="762,1806 1737,1807 1723,1771 763,1764"/>
                <Baseline points="773,1796 820,1796 868,1797 916,1798 963,1798 1011,1799 1059,1799 1106,1800 1154,1800 1202,1801 1250,1801 1297,1802 1345,1802 1393,1803 1440,1803 1488,1803 1536,1804 1583,1804 1631,1804 1679,1805 1727,1805"/>
                <TextEquiv>
                    <Unicode>Was ergibt sich hieraus für den Filmdarsteller?!</Unicode>
                </TextEquiv>
            </TextLine>
            <TextLine id="r1l91" custom="readingOrder {index:90;}">
                <Coords points="1777,1821 1792,1823 1802,1813 1819,1812 1834,1819 1846,1813 1859,1813 1860,1773 1850,1773 1846,1777 1839,1775 1829,1781 1817,1770 1810,1772 1794,1756 1779,1758"/>
                <Baseline points="1789,1806 1819,1808 1849,1808"/>
                <TextEquiv>
                    <Unicode>Das</Unicode>
                </TextEquiv>
            </TextLine>
            <TextLine id="r1l92" custom="readingOrder {index:91;}">
                <Coords points="1892,1815 1904,1815 1912,1824 1923,1826 1940,1814 1957,1810 1967,1819 1976,1813 1982,1819 1996,1815 2036,1821 2037,1774 2014,1768 1999,1782 1983,1773 1966,1777 1951,1770 1930,1776 1914,1772 1907,1778 1893,1775"/>
                <Baseline points="1903,1808 1933,1807 1964,1808 1994,1809 2025,1810"/>
                <TextEquiv>
                    <Unicode>malend.</Unicode>
                </TextEquiv>
            </TextLine>
            <TextLine id="r1l93" custom="readingOrder {index:92;}">
                <Coords points="668,1848 1830,1860 1864,1814 669,1780"/>
                <Baseline points="679,1834 737,1835 796,1836 855,1836 913,1837 972,1837 1031,1838 1089,1839 1148,1839 1207,1840 1266,1841 1324,1841 1383,1842 1442,1842 1500,1843 1559,1844 1618,1844 1676,1845 1735,1845 1794,1846 1853,1846"/>
                <TextEquiv>
                    <Unicode>Fehlen einer Handlung; weiterhin die vermittelnde Kraft des</Unicode>
                </TextEquiv>
            </TextLine>
            <TextLine id="r1l94" custom="readingOrder {index:93;}">
                <Coords points="1957,1864 3072,1879 3072,1838 2999,1816 1957,1820"/>
                <Baseline points="1968,1855 2022,1855 2077,1856 2132,1857 2186,1857 2241,1858 2296,1858 2350,1859 2405,1859 2460,1860 2515,1861 2569,1862 2624,1862 2679,1863 2733,1864 2788,1864 2843,1865 2897,1866 2952,1866 3007,1867 3062,1868"/>
                <TextEquiv>
                    <Unicode>Kein sentimentaler English Waltz, kein Tschaikowski,</Unicode>
                </TextEquiv>
            </TextLine>
            <TextLine id="r1l95" custom="readingOrder {index:94;}">
                <Coords points="678,1886 806,1878 912,1896 961,1875 1024,1892 1118,1888 1118,1853 1091,1846 963,1841 929,1854 816,1836 797,1849 678,1848"/>
                <Baseline points="688,1875 714,1876 740,1876 766,1876 793,1876 819,1876 845,1876 871,1876 898,1876 924,1876 950,1876 976,1876 1003,1876 1029,1877 1055,1878 1081,1878 1108,1879"/>
                <TextEquiv>
                    <Unicode>gesprochenen Wortes.</Unicode>
                </TextEquiv>
            </TextLine>
            <TextLine id="r1l96" custom="readingOrder {index:95;}">
                <Coords points="1120,1879 1839,1898 1864,1894 1865,1852 1181,1844 1120,1862"/>
                <Baseline points="1131,1881 1167,1880 1203,1880 1239,1879 1275,1879 1311,1880 1347,1880 1384,1881 1420,1881 1456,1882 1492,1883 1528,1883 1564,1884 1600,1885 1637,1885 1673,1885 1709,1886 1745,1885 1781,1885 1817,1884 1854,1883"/>
                <TextEquiv>
                    <Unicode>Der Künstler braucht zum Spielen</Unicode>
                </TextEquiv>
            </TextLine>
            <TextLine id="r1l97" custom="readingOrder {index:96;}">
                <Coords points="1892,1901 2849,1931 3063,1914 3064,1877 1892,1861"/>
                <Baseline points="1902,1893 1959,1894 2017,1895 2074,1896 2132,1897 2189,1897 2247,1898 2304,1899 2362,1899 2419,1900 2477,1901 2535,1902 2592,1902 2650,1903 2707,1903 2765,1904 2822,1905 2880,1905 2937,1906 2995,1906 3053,1907"/>
                <TextEquiv>
                    <Unicode>kein Beethoven. Damit wäre nichts anzufangen. Nur das</Unicode>
                </TextEquiv>
            </TextLine>
            <TextLine id="r1l98" custom="readingOrder {index:97;}">
                <Coords points="686,1920 1816,1950 1860,1936 1861,1892 687,1884"/>
                <Baseline points="696,1913 753,1914 811,1914 868,1915 926,1916 984,1917 1041,1917 1099,1918 1157,1919 1214,1920 1272,1920 1330,1921 1387,1922 1445,1922 1503,1923 1560,1924 1618,1924 1676,1925 1733,1925 1791,1925 1849,1926"/>
                <TextEquiv>
                    <Unicode>einer Szene hier seine ganze Konzentration und eine reiche</Unicode>
                </TextEquiv>
            </TextLine>
            <TextLine id="r1l99" custom="readingOrder {index:98;}">
                <Coords points="1881,1956 2186,1936 2250,1956 2607,1955 2607,1907 2505,1898 2343,1919 2205,1897 2096,1919 2039,1897 1882,1904"/>
                <Baseline points="1892,1933 1927,1933 1962,1934 1997,1935 2032,1935 2068,1936 2103,1936 2138,1937 2173,1937 2208,1937 2244,1937 2279,1938 2314,1938 2349,1938 2384,1938 2420,1939 2455,1939 2490,1939 2525,1940 2560,1941 2596,1941"/>
                <TextEquiv>
                    <Unicode>eine: Jazz und Jazz in dieser Form!</Unicode>
                </TextEquiv>
            </TextLine>
            <TextLine id="r1l100" custom="readingOrder {index:99;}">
                <Coords points="681,1962 694,1962 721,1979 744,1976 761,1959 876,1961 877,1933 837,1922 808,1926 789,1911 755,1927 716,1918 709,1923 682,1920"/>
                <Baseline points="692,1951 717,1953 742,1954 767,1954 792,1954 817,1954 842,1954 867,1956"/>
                <TextEquiv>
                    <Unicode>Phantasie.</Unicode>
                </TextEquiv>
            </TextLine>
            <TextLine id="r1l101" custom="readingOrder {index:100;}">
                <Coords points="1960,1987 2928,2021 3075,2016 3076,1964 1960,1947"/>
                <Baseline points="1970,1981 2024,1982 2079,1983 2134,1983 2188,1984 2243,1985 2298,1985 2352,1986 2407,1986 2462,1987 2517,1987 2571,1988 2626,1989 2681,1990 2735,1990 2790,1991 2845,1992 2899,1993 2954,1994 3009,1995 3064,1996"/>
                <TextEquiv>
                    <Unicode>Eine andere Szene — im Manuskript unmittelbar folgend,</Unicode>
                </TextEquiv>
            </TextLine>
            <TextLine id="r1l102" custom="readingOrder {index:101;}">
                <Coords points="755,1999 1813,2017 1859,2013 1860,1952 1581,1982 1508,1948 755,1959"/>
                <Baseline points="765,1994 819,1994 873,1994 927,1994 981,1995 1036,1995 1090,1996 1144,1997 1198,1998 1252,1999 1307,2000 1361,2001 1415,2002 1469,2002 1523,2003 1578,2004 1632,2004 1686,2004 1740,2005 1794,2005 1849,2004"/>
                <TextEquiv>
                    <Unicode>Ein Beispiel: Eine Szene aus dem Film „Fräulein</Unicode>
                </TextEquiv>
            </TextLine>
            <TextLine id="r1l103" custom="readingOrder {index:102;}">
                <Coords points="1887,2038 1945,2020 2000,2048 2092,2018 2178,2048 2436,2022 2587,2040 2620,2034 2621,1996 1887,1980"/>
                <Baseline points="1898,2021 1933,2021 1969,2022 2004,2022 2040,2023 2076,2023 2111,2023 2147,2024 2182,2024 2218,2024 2254,2025 2289,2025 2325,2025 2360,2026 2396,2026 2432,2027 2467,2027 2503,2028 2538,2028 2574,2029 2610,2030"/>
                <TextEquiv>
                    <Unicode>im Atelier viele Tage vorher gedreht:</Unicode>
                </TextEquiv>
            </TextLine>
            <TextLine id="r1l104" custom="readingOrder {index:103;}">
                <Coords points="674,2042 733,2039 743,2046 762,2040 776,2043 796,2031 819,2032 820,2002 788,1999 780,2005 765,2003 759,2009 734,2000 715,1984 696,1996 675,1994"/>
                <Baseline points="685,2032 716,2031 747,2032 778,2033 809,2036"/>
                <TextEquiv>
                    <Unicode>Else“</Unicode>
                </TextEquiv>
            </TextLine>
            <TextLine id="r1l105" custom="readingOrder {index:104;}">
                <Coords points="861,2041 1865,2055 1832,2007 861,2004"/>
                <Baseline points="871,2034 920,2034 969,2035 1018,2035 1067,2036 1116,2037 1165,2037 1215,2038 1264,2039 1313,2040 1362,2040 1411,2041 1460,2041 1509,2042 1559,2042 1608,2043 1657,2043 1706,2044 1755,2044 1804,2044 1854,2044"/>
                <TextEquiv>
                    <Unicode>nach der Novelle von Arthur Schnitzler,</Unicode>
                </TextEquiv>
            </TextLine>
            <TextLine id="r1l106" custom="readingOrder {index:105;}">
                <Coords points="2074,2070 3064,2084 3035,2031 2832,2045 2725,2011 2593,2041 2075,2022"/>
                <Baseline points="2086,2063 2134,2063 2182,2064 2231,2064 2279,2065 2327,2065 2376,2065 2424,2066 2472,2066 2521,2067 2569,2067 2617,2068 2666,2069 2714,2069 2762,2070 2811,2071 2859,2071 2907,2072 2956,2073 3004,2073 3053,2074"/>
                <TextEquiv>
                    <Unicode>Else geht, wie automatisch die Beine eins vors</Unicode>
                </TextEquiv>
            </TextLine>
            <TextLine id="r1l107" custom="readingOrder {index:106;}">
                <Coords points="678,2078 1869,2110 1869,2055 1823,2044 679,2041"/>
                <Baseline points="688,2072 746,2073 805,2073 863,2074 922,2074 980,2075 1039,2076 1097,2077 1156,2078 1214,2078 1273,2079 1331,2080 1390,2081 1448,2081 1507,2082 1565,2082 1624,2083 1682,2083 1741,2083 1799,2083 1858,2082"/>
                <TextEquiv>
                    <Unicode>dessen Uraufführung wir im Capitotzu Bertin sochen er¬</Unicode>
                </TextEquiv>
            </TextLine>
            <TextLine id="r1l108" custom="readingOrder {index:107;}">
                <Coords points="1995,2113 3072,2118 3072,2087 2976,2067 1995,2063"/>
                <Baseline points="2005,2102 2057,2102 2110,2102 2163,2103 2216,2103 2269,2104 2321,2104 2374,2105 2427,2106 2480,2107 2533,2107 2585,2108 2638,2109 2691,2109 2744,2110 2797,2110 2849,2111 2902,2111 2955,2111 3008,2111 3061,2110"/>
                <TextEquiv>
                    <Unicode>andere setzend. in die Gesellschaftsräume. Die Trep¬</Unicode>
                </TextEquiv>
            </TextLine>
            <TextLine id="r1l109" custom="readingOrder {index:108;}">
                <Coords points="669,2117 705,2120 713,2116 734,2135 751,2127 770,2134 797,2132 798,2084 785,2084 779,2078 750,2083 703,2078 697,2084 691,2078 670,2073"/>
                <Baseline points="679,2112 706,2111 733,2112 760,2112 787,2114"/>
                <TextEquiv>
                    <Unicode>leben:</Unicode>
                </TextEquiv>
            </TextLine>
            <TextLine id="r1l110" custom="readingOrder {index:109;}">
                <Coords points="2000,2156 3063,2153 3042,2119 2847,2108 2000,2108"/>
                <Baseline points="2010,2142 2062,2142 2114,2142 2166,2142 2218,2143 2270,2143 2322,2144 2375,2144 2427,2145 2479,2146 2531,2146 2583,2147 2635,2148 2687,2148 2740,2149 2792,2150 2844,2150 2896,2151 2948,2151 3000,2151 3053,2151"/>
                <TextEquiv>
                    <Unicode>pen hinunter.,. Wie viel Stufen, wie viel Stufen.,, Men¬</Unicode>
                </TextEquiv>
            </TextLine>
            <TextLine id="r1l111" custom="readingOrder {index:110;}">
                <Coords points="866,2170 1859,2182 1860,2125 866,2119"/>
                <Baseline points="877,2162 925,2162 974,2163 1022,2163 1071,2164 1120,2165 1168,2165 1217,2166 1265,2166 1314,2167 1363,2167 1411,2168 1460,2168 1508,2169 1557,2169 1606,2169 1654,2170 1703,2170 1751,2170 1800,2171 1849,2171"/>
                <TextEquiv>
                    <Unicode>Else ist in das Zimmer Dorsday’s gekommen. Sie</Unicode>
                </TextEquiv>
            </TextLine>
            <TextLine id="r1l112" custom="readingOrder {index:111;}">
                <Coords points="2006,2191 2972,2198 2922,2156 2006,2153"/>
                <Baseline points="2017,2180 2064,2181 2111,2181 2158,2182 2205,2183 2253,2183 2300,2184 2347,2184 2394,2185 2441,2185 2489,2186 2536,2186 2583,2187 2630,2187 2677,2188 2725,2188 2772,2189 2819,2190 2866,2190 2913,2191 2961,2192"/>
                <TextEquiv>
                    <Unicode>schen kommen.,, schauen ihr verwundert nach..</Unicode>
                </TextEquiv>
            </TextLine>
            <TextLine id="r1l113" custom="readingOrder {index:112;}">
                <Coords points="2979,2199 2989,2199 2996,2203 3002,2197 3012,2195 3025,2199 3042,2199 3046,2203 3063,2203 3063,2159 2979,2159"/>
                <Baseline points="2990,2191 3021,2192 3052,2191"/>
                <TextEquiv>
                    <Unicode>sie</Unicode>
                </TextEquiv>
            </TextLine>
            <TextLine id="r1l114" custom="readingOrder {index:113;}">
                <Coords points="795,2205 1682,2227 1866,2222 1867,2185 796,2153"/>
                <Baseline points="805,2200 857,2201 910,2201 962,2202 1015,2203 1067,2203 1120,2204 1172,2204 1225,2205 1277,2206 1330,2206 1383,2207 1435,2207 1488,2208 1540,2208 1593,2209 1645,2209 1698,2210 1750,2210 1803,2210 1856,2210"/>
                <TextEquiv>
                    <Unicode>hat zuvor eine Schachtel Veronaltabletten geschluckt.</Unicode>
                </TextEquiv>
            </TextLine>
            <TextLine id="r1l115" custom="readingOrder {index:114;}">
                <Coords points="2004,2226 3073,2244 3074,2200 3009,2193 2005,2188"/>
                <Baseline points="2015,2220 2067,2220 2119,2221 2172,2221 2224,2222 2277,2223 2329,2223 2381,2224 2434,2225 2486,2225 2539,2226 2591,2227 2643,2228 2696,2228 2748,2229 2801,2229 2853,2230 2905,2230 2958,2230 3010,2230 3063,2230"/>
                <TextEquiv>
                    <Unicode>zicht den Hermelinmantel enger um sich., steigt Stufen</Unicode>
                </TextEquiv>
            </TextLine>
            <TextLine id="r1l116" custom="readingOrder {index:115;}">
                <Coords points="791,2250 1699,2270 1864,2259 1865,2221 792,2206"/>
                <Baseline points="801,2240 853,2241 906,2241 958,2241 1011,2242 1064,2242 1116,2243 1169,2243 1222,2244 1274,2245 1327,2245 1380,2246 1432,2247 1485,2247 1538,2248 1590,2249 1643,2249 1696,2250 1748,2250 1801,2250 1854,2250"/>
                <TextEquiv>
                    <Unicode>Nur so ist es ihr möglich, den Wunsch des schöngei¬</Unicode>
                </TextEquiv>
            </TextLine>
            <TextLine id="r1l117" custom="readingOrder {index:116;}">
                <Coords points="2006,2275 3037,2285 3067,2244 2006,2226"/>
                <Baseline points="2016,2261 2068,2262 2120,2262 2172,2263 2224,2263 2276,2264 2328,2265 2380,2265 2432,2266 2484,2266 2536,2267 2588,2268 2640,2268 2692,2269 2744,2269 2796,2270 2848,2270 2900,2270 2952,2271 3004,2271 3056,2272"/>
                <TextEquiv>
                    <Unicode>hinunter. jetzt am Spielsaal... da.. stehr Dorsday,</Unicode>
                </TextEquiv>
            </TextLine>
            <TextLine id="r1l118" custom="readingOrder {index:117;}">
                <Coords points="795,2287 1856,2295 1856,2257 1789,2252 795,2249"/>
                <Baseline points="805,2281 857,2281 909,2281 961,2282 1013,2282 1065,2282 1117,2283 1169,2283 1221,2284 1273,2284 1325,2285 1377,2286 1429,2286 1481,2287 1533,2287 1585,2288 1637,2289 1689,2289 1741,2289 1793,2290 1845,2290"/>
                <TextEquiv>
                    <Unicode>stigen, etwas verschrobenen Lebemanns zu erfüllen,</Unicode>
                </TextEquiv>
            </TextLine>
            <TextLine id="r1l119" custom="readingOrder {index:118;}">
                <Coords points="2001,2310 3064,2325 3048,2275 2001,2270"/>
                <Baseline points="2011,2302 2063,2302 2115,2302 2167,2303 2219,2303 2271,2304 2323,2304 2376,2305 2428,2306 2480,2306 2532,2307 2584,2307 2636,2308 2688,2309 2741,2309 2793,2310 2845,2310 2897,2311 2949,2311 3001,2311 3054,2311"/>
                <TextEquiv>
                    <Unicode>spielt Roulette.,, setzt.,, während sie.., Kein Mensch</Unicode>
                </TextEquiv>
            </TextLine>
            <TextLine id="r1l120" custom="readingOrder {index:119;}">
                <Coords points="788,2326 1866,2337 1866,2297 1826,2293 788,2287"/>
                <Baseline points="799,2321 851,2321 904,2321 957,2321 1010,2321 1063,2322 1115,2322 1168,2323 1221,2324 1274,2324 1327,2325 1379,2326 1432,2326 1485,2327 1538,2328 1591,2328 1643,2329 1696,2329 1749,2329 1802,2329 1855,2329"/>
                <TextEquiv>
                    <Unicode>sich ihm nackt zu zeigen. Er verlangt es; dann will</Unicode>
                </TextEquiv>
            </TextLine>
            <TextLine id="r1l121" custom="readingOrder {index:120;}">
                <Coords points="1998,2348 3065,2358 3065,2321 2919,2311 2635,2335 1998,2310"/>
                <Baseline points="2009,2340 2061,2340 2113,2341 2165,2342 2218,2343 2270,2343 2322,2344 2374,2345 2427,2345 2479,2346 2531,2347 2583,2347 2636,2348 2688,2349 2740,2349 2792,2350 2845,2350 2897,2350 2949,2351 3001,2351 3054,2351"/>
                <TextEquiv>
                    <Unicode>achtet auf die Frau an der Tür.,, alle Augen sind starr</Unicode>
                </TextEquiv>
            </TextLine>
            <TextLine id="r1l122" custom="readingOrder {index:121;}">
                <Coords points="797,2370 1852,2380 1852,2336 1779,2325 798,2328"/>
                <Baseline points="808,2359 859,2360 911,2360 963,2361 1014,2361 1066,2361 1118,2362 1169,2363 1221,2363 1273,2363 1325,2364 1376,2364 1428,2365 1480,2365 1531,2366 1583,2366 1635,2367 1686,2367 1738,2368 1790,2369 1842,2369"/>
                <TextEquiv>
                    <Unicode>er ihrem Vater, der mündelsichere Gelder unterschla¬</Unicode>
                </TextEquiv>
            </TextLine>
            <TextLine id="r1l123" custom="readingOrder {index:122;}">
                <Coords points="1999,2386 3064,2403 3050,2357 1999,2349"/>
                <Baseline points="2010,2379 2062,2380 2114,2381 2166,2382 2218,2382 2271,2383 2323,2384 2375,2384 2427,2385 2479,2386 2532,2387 2584,2387 2636,2388 2688,2389 2740,2389 2793,2389 2845,2390 2897,2390 2949,2391 3001,2391 3054,2391"/>
                <TextEquiv>
                    <Unicode>auf die rollende Kugel gerichtet.,, Geld.,, Man spielt</Unicode>
                </TextEquiv>
            </TextLine>
            <TextLine id="r1l124" custom="readingOrder {index:123;}">
                <Coords points="793,2406 1856,2407 1856,2380 1800,2375 794,2372"/>
                <Baseline points="804,2400 856,2400 908,2400 960,2400 1012,2400 1064,2401 1116,2401 1168,2402 1220,2402 1272,2403 1324,2403 1376,2404 1428,2405 1480,2405 1532,2406 1584,2406 1636,2407 1688,2407 1740,2407 1792,2408 1845,2408"/>
                <TextEquiv>
                    <Unicode>gen hat, mit Geld aushelfen. Sie weiss, das sie ster¬</Unicode>
                </TextEquiv>
            </TextLine>
            <TextLine id="r1l125" custom="readingOrder {index:124;}">
                <Coords points="1999,2426 3064,2436 3064,2404 3004,2393 2000,2390"/>
                <Baseline points="2010,2419 2062,2420 2114,2421 2166,2421 2218,2422 2271,2423 2323,2423 2375,2424 2427,2424 2479,2425 2532,2426 2584,2426 2636,2427 2688,2428 2740,2428 2793,2429 2845,2429 2897,2430 2949,2430 3001,2431 3054,2431"/>
                <TextEquiv>
                    <Unicode>um Geldl.. Da ruft sie leise, eindringlich: „Herr</Unicode>
                </TextEquiv>
            </TextLine>
            <TextLine id="r1l126" custom="readingOrder {index:125;}">
                <Coords points="796,2442 1855,2458 1855,2409 797,2407"/>
                <Baseline points="806,2437 860,2438 915,2439 970,2439 1024,2440 1079,2441 1134,2441 1188,2442 1243,2442 1298,2443 1352,2444 1407,2444 1462,2445 1516,2445 1571,2446 1626,2446 1680,2447 1735,2447 1790,2448 1845,2448"/>
                <TextEquiv>
                    <Unicode>ben wird; aber sie wird den Vater retten. Also die</Unicode>
                </TextEquiv>
            </TextLine>
            <TextLine id="r1l127" custom="readingOrder {index:126;}">
                <Coords points="2005,2468 2839,2495 3072,2479 3073,2437 2006,2432"/>
                <Baseline points="2015,2460 2067,2460 2119,2460 2172,2461 2224,2462 2276,2462 2329,2463 2381,2464 2433,2464 2486,2465 2538,2466 2590,2467 2643,2467 2695,2468 2747,2468 2800,2469 2852,2469 2904,2469 2957,2469 3009,2469 3062,2469"/>
                <TextEquiv>
                    <Unicode>v. Dorsday!“ Der Mann blickt sich um., ihr Mantel</Unicode>
                </TextEquiv>
            </TextLine>
            <TextLine id="r1l128" custom="readingOrder {index:127;}">
                <Coords points="789,2490 1869,2504 1869,2460 1756,2451 790,2441"/>
                <Baseline points="799,2476 854,2477 910,2478 966,2479 1021,2480 1077,2480 1133,2481 1189,2482 1244,2482 1300,2483 1356,2483 1412,2483 1467,2484 1523,2484 1579,2485 1635,2485 1690,2486 1746,2486 1802,2487 1858,2487"/>
                <TextEquiv>
                    <Unicode>Kindesliebe eines achtzehnjährigen, sehr verwöhnten,</Unicode>
                </TextEquiv>
            </TextLine>
            <TextLine id="r1l129" custom="readingOrder {index:128;}">
                <Coords points="2018,2508 3058,2517 3046,2477 2293,2459 2201,2488 2019,2450"/>
                <Baseline points="2029,2499 2079,2499 2130,2500 2181,2500 2232,2501 2283,2502 2334,2502 2385,2503 2436,2504 2487,2504 2538,2505 2588,2506 2639,2506 2690,2507 2741,2508 2792,2508 2843,2509 2894,2509 2945,2509 2996,2510 3047,2510"/>
                <TextEquiv>
                    <Unicode>fäilt.,, ah., jetzt taumelt sie.,, sie sinkt hin.,, sackt förm¬</Unicode>
                </TextEquiv>
            </TextLine>
            <TextLine id="r1l130" custom="readingOrder {index:129;}">
                <Coords points="801,2523 1858,2548 1858,2498 1810,2493 802,2486"/>
                <Baseline points="811,2517 862,2517 914,2518 966,2519 1018,2519 1070,2520 1121,2521 1173,2521 1225,2521 1277,2522 1329,2522 1380,2523 1432,2523 1484,2523 1536,2524 1588,2524 1639,2525 1691,2526 1743,2526 1795,2527 1847,2528"/>
                <TextEquiv>
                    <Unicode>sehr eingenartigen, kapriziösen Mädchens aus dem</Unicode>
                </TextEquiv>
            </TextLine>
            <TextLine id="r1l131" custom="readingOrder {index:130;}">
                <Coords points="1992,2542 2315,2529 3010,2576 3071,2558 3072,2521 1992,2502"/>
                <Baseline points="2003,2538 2055,2538 2108,2539 2161,2539 2214,2540 2267,2541 2320,2541 2373,2542 2426,2543 2479,2544 2532,2545 2584,2545 2637,2546 2690,2547 2743,2547 2796,2548 2849,2549 2902,2549 2955,2550 3008,2550 3061,2551"/>
                <TextEquiv>
                    <Unicode>lich zusammen. Dem Vater ist geholfen — jetzt kann</Unicode>
                </TextEquiv>
            </TextLine>
            <TextLine id="r1l132" custom="readingOrder {index:131;}">
                <Coords points="796,2571 846,2578 895,2564 930,2577 954,2565 970,2582 1002,2562 1088,2574 1128,2566 1128,2528 797,2523"/>
                <Baseline points="808,2555 833,2556 859,2556 885,2557 911,2557 937,2558 963,2558 988,2559 1014,2559 1040,2560 1066,2560 1092,2560 1118,2559"/>
                <TextEquiv>
                    <Unicode>Nachkriegs-Wien.</Unicode>
                </TextEquiv>
            </TextLine>
            <TextLine id="r1l133" custom="readingOrder {index:132;}">
                <Coords points="2002,2594 2698,2593 2746,2612 2796,2596 2797,2567 2002,2544"/>
                <Baseline points="2013,2578 2051,2578 2090,2579 2128,2579 2167,2580 2206,2580 2244,2581 2283,2581 2322,2582 2360,2582 2399,2582 2438,2583 2476,2583 2515,2584 2554,2584 2592,2585 2631,2586 2670,2586 2708,2587 2747,2588 2786,2588"/>
                <TextEquiv>
                    <Unicode>ich schlafen.. Nacht um sie. Ohnmacht.</Unicode>
                </TextEquiv>
            </TextLine>
            <TextLine id="r1l134" custom="readingOrder {index:133;}">
                <Coords points="755,2614 1816,2625 1860,2619 1860,2554 1694,2583 755,2565"/>
                <Baseline points="766,2601 820,2602 874,2603 928,2604 982,2605 1036,2605 1090,2606 1145,2607 1199,2607 1253,2608 1307,2608 1361,2609 1415,2609 1469,2610 1524,2610 1578,2611 1632,2611 1686,2612 1740,2612 1794,2612 1849,2613"/>
                <TextEquiv>
                    <Unicode>Diese Else spielt die Bergner. Diese Bergner aber hat</Unicode>
                </TextEquiv>
            </TextLine>
            <TextLine id="r1l135" custom="readingOrder {index:134;}">
                <Coords points="2161,2655 2486,2641 2840,2664 2841,2596 2698,2619 2617,2593 2531,2615 2462,2587 2284,2607 2162,2586"/>
                <Baseline points="2172,2635 2204,2636 2237,2636 2270,2637 2303,2638 2336,2638 2369,2639 2402,2639 2435,2640 2468,2640 2501,2640 2533,2640 2566,2641 2599,2641 2632,2642 2665,2642 2698,2643 2731,2644 2764,2644 2797,2646 2830,2647"/>
                <TextEquiv>
                    <Unicode>Skandal! (Szene aus, Abblenden!)</Unicode>
                </TextEquiv>
            </TextLine>
            <TextLine id="r1l136" custom="readingOrder {index:135;}">
                <Coords points="675,2654 685,2654 694,2648 711,2649 717,2653 723,2651 727,2656 736,2656 746,2650 755,2654 767,2648 780,2649 781,2615 760,2617 735,2599 720,2603 710,2613 706,2611 701,2615 691,2604 676,2604"/>
                <Baseline points="685,2642 713,2641 741,2642 769,2644"/>
                <TextEquiv>
                    <Unicode>kein</Unicode>
                </TextEquiv>
            </TextLine>
            <TextLine id="r1l137" custom="readingOrder {index:136;}">
                <Coords points="779,2645 1859,2653 1859,2623 1788,2612 780,2610"/>
                <Baseline points="789,2642 842,2642 895,2642 948,2643 1001,2643 1054,2644 1107,2644 1160,2645 1213,2646 1266,2647 1319,2647 1372,2648 1425,2649 1478,2649 1531,2650 1584,2650 1637,2651 1690,2651 1743,2651 1796,2651 1849,2651"/>
                <TextEquiv>
                    <Unicode>Veronal genommen, soll sich keinem Dorsday nuckt zei¬</Unicode>
                </TextEquiv>
            </TextLine>
            <TextLine id="r1l138" custom="readingOrder {index:137;}">
                <Coords points="678,2688 1768,2707 1858,2697 1859,2657 679,2648"/>
                <Baseline points="689,2682 746,2682 804,2682 862,2682 920,2682 978,2683 1036,2683 1094,2684 1152,2684 1210,2685 1268,2686 1325,2687 1383,2687 1441,2688 1499,2689 1557,2689 1615,2690 1673,2690 1731,2691 1789,2691 1847,2691"/>
                <TextEquiv>
                    <Unicode>gen, braucht niemanden zu retten. Sie soll das nur „spie¬</Unicode>
                </TextEquiv>
            </TextLine>
            <TextLine id="r1l139" custom="readingOrder {index:138;}">
                <Coords points="1964,2691 3045,2708 3063,2643 2293,2662 1965,2622"/>
                <Baseline points="1974,2681 2027,2682 2081,2683 2135,2683 2189,2684 2243,2685 2297,2686 2350,2687 2404,2687 2458,2688 2512,2689 2566,2689 2620,2690 2674,2691 2727,2691 2781,2692 2835,2693 2889,2694 2943,2694 2997,2695 3051,2696"/>
                <TextEquiv>
                    <Unicode>Und die Musik?! — Was soll man da wohl spielen? Kei¬</Unicode>
                </TextEquiv>
            </TextLine>
            <TextLine id="r1l140" custom="readingOrder {index:139;}">
                <Coords points="685,2730 1851,2748 1851,2698 1807,2695 686,2692"/>
                <Baseline points="695,2722 752,2722 809,2721 866,2721 924,2721 981,2722 1038,2722 1096,2723 1153,2724 1210,2724 1268,2725 1325,2726 1382,2727 1439,2728 1497,2728 1554,2729 1611,2730 1669,2730 1726,2730 1783,2730 1841,2730"/>
                <TextEquiv>
                    <Unicode>len“. Aber sie ist eine Künstlerin, und sie wird es spie¬</Unicode>
                </TextEquiv>
            </TextLine>
            <TextLine id="r1l141" custom="readingOrder {index:140;}">
                <Coords points="1883,2726 3072,2738 3072,2700 1884,2693"/>
                <Baseline points="1893,2722 1951,2722 2009,2722 2068,2723 2126,2723 2185,2724 2243,2724 2301,2725 2360,2726 2418,2727 2477,2728 2535,2729 2593,2730 2652,2731 2710,2731 2769,2732 2827,2733 2885,2734 2944,2734 3002,2734 3061,2735"/>
                <TextEquiv>
                    <Unicode>nen Jazz! Um Himmelswillen keinen Jazz! Das muss man</Unicode>
                </TextEquiv>
            </TextLine>
            <TextLine id="r1l142" custom="readingOrder {index:141;}">
                <Coords points="676,2787 718,2774 739,2783 766,2758 804,2775 819,2764 858,2775 1030,2773 1051,2767 1051,2727 942,2735 898,2725 869,2743 800,2722 775,2743 676,2730"/>
                <Baseline points="686,2759 711,2760 736,2761 762,2762 787,2762 812,2762 838,2762 863,2762 888,2761 914,2761 939,2761 964,2761 990,2762 1015,2762 1041,2764"/>
                <TextEquiv>
                    <Unicode>len. Gut, herrlich!</Unicode>
                </TextEquiv>
            </TextLine>
            <TextLine id="r1l143" custom="readingOrder {index:142;}">
                <Coords points="1884,2770 3058,2780 3058,2742 2981,2737 1885,2726"/>
                <Baseline points="1895,2760 1952,2761 2010,2762 2067,2762 2125,2763 2183,2764 2240,2765 2298,2765 2355,2766 2413,2767 2471,2768 2528,2768 2586,2769 2643,2770 2701,2770 2759,2771 2816,2772 2874,2772 2931,2773 2989,2774 3047,2774"/>
                <TextEquiv>
                    <Unicode>fühlen! Ich habe das dritte aus den Gustav Mahler“</Unicode>
                </TextEquiv>
            </TextLine>
            <TextLine id="r1l144" custom="readingOrder {index:143;}">
                <Coords points="761,2809 1700,2827 1853,2816 1854,2763 762,2763"/>
                <Baseline points="771,2800 824,2800 878,2800 931,2801 985,2801 1039,2801 1092,2802 1146,2802 1199,2803 1253,2804 1307,2804 1360,2805 1414,2805 1467,2806 1521,2806 1575,2807 1628,2808 1682,2808 1735,2809 1789,2810 1843,2811"/>
                <TextEquiv>
                    <Unicode>Indes, was sicht sie?! — Einen Ausschnitt von Dorsday's</Unicode>
                </TextEquiv>
            </TextLine>
            <TextLine id="r1l145" custom="readingOrder {index:144;}">
                <Coords points="1884,2807 3062,2822 3062,2780 2842,2767 1884,2771"/>
                <Baseline points="1895,2801 1952,2801 2010,2801 2068,2801 2126,2802 2184,2803 2241,2803 2299,2804 2357,2805 2415,2806 2473,2807 2530,2807 2588,2808 2646,2809 2704,2810 2762,2811 2819,2812 2877,2812 2935,2813 2993,2814 3051,2814"/>
                <TextEquiv>
                    <Unicode>schen Liedern eines Fahrenden Gesellen gespielt, jenes mit</Unicode>
                </TextEquiv>
            </TextLine>
            <TextLine id="r1l146" custom="readingOrder {index:145;}">
                <Coords points="683,2847 1855,2858 1843,2814 937,2820 684,2784"/>
                <Baseline points="694,2840 751,2840 809,2840 866,2840 924,2840 981,2840 1039,2841 1096,2841 1154,2842 1211,2843 1269,2844 1327,2845 1384,2846 1442,2847 1499,2847 1557,2848 1614,2848 1672,2848 1729,2848 1787,2848 1845,2848"/>
                <TextEquiv>
                    <Unicode>Schlafzimmer — schön! — den sie auf das Zeichen des Re¬</Unicode>
                </TextEquiv>
            </TextLine>
            <TextLine id="r1l147" custom="readingOrder {index:146;}">
                <Coords points="1887,2849 3065,2865 3059,2820 1887,2807"/>
                <Baseline points="1898,2839 1955,2840 2013,2841 2071,2841 2129,2842 2187,2843 2245,2843 2302,2844 2360,2845 2418,2846 2476,2847 2534,2847 2592,2848 2650,2849 2707,2849 2765,2850 2823,2851 2881,2852 2939,2853 2997,2854 3055,2855"/>
                <TextEquiv>
                    <Unicode>dem Text: „Ich hab“ ein glühend' Messer, ein Messer in mei¬</Unicode>
                </TextEquiv>
            </TextLine>
            <TextLine id="r1l148" custom="readingOrder {index:147;}">
                <Coords points="1886,2889 2618,2901 2694,2870 1887,2850"/>
                <Baseline points="1896,2879 1935,2879 1974,2879 2013,2880 2053,2880 2092,2880 2131,2881 2171,2881 2210,2882 2249,2882 2289,2883 2328,2883 2367,2884 2406,2885 2446,2885 2485,2886 2524,2886 2564,2887 2603,2887 2642,2887 2682,2888"/>
                <TextEquiv>
                    <Unicode>ner Brust, das schneid't so tief, so tief —</Unicode>
                </TextEquiv>
            </TextLine>
            <TextLine id="r1l149" custom="readingOrder {index:148;}">
                <Coords points="682,2891 1720,2908 1856,2897 1857,2859 683,2847"/>
                <Baseline points="694,2880 751,2880 809,2880 866,2880 924,2881 981,2881 1039,2881 1096,2882 1154,2883 1211,2883 1269,2884 1327,2885 1384,2886 1442,2886 1499,2887 1557,2887 1614,2888 1672,2888 1729,2888 1787,2888 1845,2888"/>
                <TextEquiv>
                    <Unicode>gisseurs hin „Achtung, Aufnahme, ios!“ betreten</Unicode>
                </TextEquiv>
            </TextLine>
            <TextLine id="r1l150" custom="readingOrder {index:149;}">
                <Coords points="2693,2897 2746,2895 2758,2904 2769,2896 2788,2905 2806,2905 2819,2897 2859,2898 2860,2856 2694,2859"/>
                <Baseline points="2704,2889 2732,2888 2761,2888 2790,2889 2819,2890 2848,2891"/>
                <TextEquiv>
                    <Unicode>oh weh!“</Unicode>
                </TextEquiv>
            </TextLine>
            <TextLine id="r1l151" custom="readingOrder {index:150;}">
                <Coords points="686,2924 1858,2941 1835,2893 686,2891"/>
                <Baseline points="696,2919 753,2919 811,2919 868,2919 926,2920 983,2920 1041,2921 1098,2921 1156,2922 1213,2923 1271,2923 1329,2924 1386,2925 1444,2926 1501,2926 1559,2927 1616,2927 1674,2927 1731,2927 1789,2927 1847,2927"/>
                <TextEquiv>
                    <Unicode>wird. Sie sicht grosse Lampen, die von allen, nur mögli¬</Unicode>
                </TextEquiv>
            </TextLine>
            <TextLine id="r1l152" custom="readingOrder {index:151;}">
                <Coords points="1967,2927 3030,2955 3030,2900 2997,2891 1968,2885"/>
                <Baseline points="1977,2918 2029,2919 2081,2920 2133,2921 2185,2922 2237,2922 2289,2923 2342,2924 2394,2925 2446,2926 2498,2927 2550,2927 2602,2928 2654,2929 2707,2930 2759,2930 2811,2931 2863,2932 2915,2932 2967,2933 3020,2933"/>
                <TextEquiv>
                    <Unicode>Wenn Else hinsinkt, ist auch mein Spiel aus, bricht ab¬</Unicode>
                </TextEquiv>
            </TextLine>
            <TextLine id="r1l153" custom="readingOrder {index:152;}">
                <Coords points="1884,2986 1908,2982 1912,2986 1924,2978 1954,2985 1975,2967 1985,2967 1996,2978 2008,2978 2009,2925 1974,2929 1961,2922 1948,2926 1917,2905 1903,2911 1886,2911"/>
                <Baseline points="1895,2958 1921,2957 1947,2958 1973,2958 1999,2960"/>
                <TextEquiv>
                    <Unicode>brutal</Unicode>
                </TextEquiv>
            </TextLine>
            <TextLine id="r1l154" custom="readingOrder {index:153;}">
                <Coords points="2008,2965 2033,2972 2060,2959 2093,2982 2138,2985 2213,2968 2261,2987 2293,2975 2324,2985 2337,2973 2366,2986 2395,2981 2396,2931 2224,2926 2205,2937 2175,2926 2125,2939 2077,2924 2008,2938"/>
                <Baseline points="2019,2963 2045,2963 2071,2963 2097,2962 2123,2962 2149,2962 2175,2962 2201,2962 2227,2962 2253,2962 2279,2962 2305,2963 2331,2964 2357,2964 2384,2965"/>
                <TextEquiv>
                    <Unicode>— Genug Beispiele!</Unicode>
                </TextEquiv>
            </TextLine>
            <TextLine id="r1l155" custom="readingOrder {index:154;}">
                <Coords points="684,2962 1856,2986 1856,2940 1718,2926 684,2927"/>
                <Baseline points="694,2957 751,2958 809,2958 866,2958 924,2959 981,2959 1039,2960 1096,2961 1154,2961 1211,2962 1269,2962 1327,2963 1384,2964 1442,2964 1499,2965 1557,2965 1614,2966 1672,2966 1729,2967 1787,2967 1845,2968"/>
                <TextEquiv>
                    <Unicode>chen Seiten her sie bestrahlen; sie sicht an diesen Lampen</Unicode>
                </TextEquiv>
            </TextLine>
            <TextLine id="r1l156" custom="readingOrder {index:155;}">
                <Coords points="684,3006 1858,3020 1814,2971 684,2962"/>
                <Baseline points="694,2997 751,2997 809,2997 866,2998 924,2998 982,2998 1039,2999 1097,3000 1155,3000 1212,3001 1270,3002 1328,3003 1385,3003 1443,3004 1501,3004 1558,3005 1616,3005 1674,3006 1731,3006 1789,3006 1847,3006"/>
                <TextEquiv>
                    <Unicode>Arbeiter in blauen Kitteln, mit unbewegten, unbeteiligten Ge¬</Unicode>
                </TextEquiv>
            </TextLine>
            <TextLine id="r1l157" custom="readingOrder {index:156;}">
                <Coords points="1960,3019 2254,3018 2358,3036 2409,3018 2457,3033 2458,2981 2439,2978 2261,2987 2206,2967 2179,2984 2093,2983 2066,2965 2013,2984 1961,2971"/>
                <Baseline points="1970,3007 1995,3008 2020,3008 2045,3008 2070,3008 2095,3009 2120,3009 2145,3009 2170,3009 2195,3010 2221,3010 2246,3010 2271,3010 2296,3011 2321,3011 2346,3011 2371,3012 2396,3012 2421,3013 2447,3014"/>
                <TextEquiv>
                    <Unicode>Zu sagen wäre noch das:</Unicode>
                </TextEquiv>
            </TextLine>
            <TextLine id="r1l158" custom="readingOrder {index:157;}">
                <Coords points="689,3043 1853,3059 1870,3017 690,3007"/>
                <Baseline points="700,3035 757,3036 815,3036 873,3037 931,3038 989,3038 1047,3039 1105,3040 1163,3040 1221,3041 1279,3042 1336,3042 1394,3043 1452,3043 1510,3044 1568,3045 1626,3045 1684,3046 1742,3046 1800,3046 1858,3047"/>
                <TextEquiv>
                    <Unicode>sichtern zur Bedienung eben dieser Lampen; sie sicht den</Unicode>
                </TextEquiv>
            </TextLine>
            <TextLine id="r1l159" custom="readingOrder {index:158;}">
                <Coords points="1966,3067 3033,3082 3065,3032 1967,3019"/>
                <Baseline points="1976,3055 2032,3056 2089,3057 2146,3058 2203,3059 2259,3059 2316,3060 2373,3061 2430,3062 2487,3063 2543,3063 2600,3064 2657,3065 2714,3066 2771,3067 2827,3067 2884,3068 2941,3069 2998,3069 3055,3070"/>
                <TextEquiv>
                    <Unicode>Atelierpianist kann man nicht werden. Atelierpianist</Unicode>
                </TextEquiv>
            </TextLine>
            <TextLine id="r1l160" custom="readingOrder {index:159;}">
                <Coords points="685,3081 1859,3096 1834,3050 686,3042"/>
                <Baseline points="696,3075 753,3076 811,3076 868,3077 926,3077 984,3078 1041,3079 1099,3079 1157,3080 1214,3081 1272,3081 1330,3082 1387,3082 1445,3083 1503,3083 1560,3084 1618,3084 1676,3084 1733,3084 1791,3085 1849,3084"/>
                <TextEquiv>
                    <Unicode>Apparat auf sich gerichtet, den Operateur und seine Gehil¬</Unicode>
                </TextEquiv>
            </TextLine>
            <TextLine id="r1l161" custom="readingOrder {index:160;}">
                <Coords points="1881,3107 3057,3115 3057,3075 1881,3059"/>
                <Baseline points="1891,3095 1948,3095 2006,3096 2064,3097 2122,3098 2180,3099 2237,3099 2295,3100 2353,3101 2411,3102 2469,3102 2526,3103 2584,3104 2642,3105 2700,3106 2758,3106 2815,3107 2873,3108 2931,3109 2989,3109 3047,3110"/>
                <TextEquiv>
                    <Unicode>muss man sein! Und um es gut zu sein, braucht man eine</Unicode>
                </TextEquiv>
            </TextLine>
            <TextLine id="r1l162" custom="readingOrder {index:161;}">
                <Coords points="685,3119 1720,3143 1856,3131 1857,3094 685,3081"/>
                <Baseline points="696,3115 753,3115 811,3115 868,3115 926,3116 983,3116 1041,3117 1098,3118 1156,3118 1213,3119 1271,3120 1328,3121 1386,3122 1443,3122 1501,3123 1558,3124 1616,3124 1673,3125 1731,3125 1788,3125 1846,3125"/>
                <TextEquiv>
                    <Unicode>fen; (während dessen wird die den Lampen ausströmende</Unicode>
                </TextEquiv>
            </TextLine>
            <TextLine id="r1l163" custom="readingOrder {index:162;}">
                <Coords points="1884,3141 3016,3162 3058,3158 3059,3114 1885,3106"/>
                <Baseline points="1896,3135 1953,3135 2011,3136 2068,3136 2126,3137 2184,3138 2241,3138 2299,3139 2356,3140 2414,3141 2472,3142 2529,3142 2587,3143 2644,3144 2702,3145 2760,3146 2817,3146 2875,3147 2932,3147 2990,3148 3048,3148"/>
                <TextEquiv>
                    <Unicode>starke, pianistische Begabung, ein gradezu phänomenales.</Unicode>
                </TextEquiv>
            </TextLine>
            <TextLine id="r1l164" custom="readingOrder {index:163;}">
                <Coords points="685,3160 861,3179 926,3157 1545,3157 1524,3129 686,3118"/>
                <Baseline points="695,3154 739,3154 783,3155 827,3155 871,3155 915,3156 959,3156 1004,3157 1048,3157 1092,3158 1136,3158 1180,3159 1224,3159 1269,3160 1313,3160 1357,3161 1401,3161 1445,3162 1489,3162 1534,3162"/>
                <TextEquiv>
                    <Unicode>Hitze immer unerträglicher); sie sieht —</Unicode>
                </TextEquiv>
            </TextLine>
            <TextLine id="r1l165" custom="readingOrder {index:164;}">
                <Coords points="1536,3174 1639,3164 1666,3176 1710,3166 1735,3177 1779,3168 1805,3181 1861,3177 1861,3131 1801,3139 1736,3130 1715,3141 1700,3132 1683,3141 1654,3130 1627,3143 1599,3126 1580,3138 1536,3136"/>
                <Baseline points="1547,3163 1572,3164 1597,3164 1622,3164 1648,3165 1673,3165 1698,3165 1723,3165 1749,3165 1774,3165 1799,3165 1824,3165 1850,3164"/>
                <TextEquiv>
                    <Unicode>und das ist ein</Unicode>
                </TextEquiv>
            </TextLine>
            <TextLine id="r1l166" custom="readingOrder {index:165;}">
                <Coords points="1881,3185 3021,3201 3062,3159 1882,3143"/>
                <Baseline points="1892,3173 1953,3174 2014,3175 2075,3175 2136,3176 2197,3177 2258,3178 2319,3179 2380,3179 2441,3180 2502,3181 2563,3182 2624,3183 2685,3184 2746,3185 2807,3186 2868,3186 2929,3187 2990,3188 3051,3188"/>
                <TextEquiv>
                    <Unicode>musikalisches Gedächtnis (denn man muss alles kennen, um</Unicode>
                </TextEquiv>
            </TextLine>
            <TextLine id="r1l167" custom="readingOrder {index:166;}">
                <Coords points="678,3203 691,3201 697,3207 708,3207 722,3199 729,3203 754,3199 768,3207 779,3199 800,3199 800,3157 781,3157 756,3167 725,3159 678,3163"/>
                <Baseline points="688,3193 713,3194 739,3193 764,3193 790,3195"/>
                <TextEquiv>
                    <Unicode>Glück</Unicode>
                </TextEquiv>
            </TextLine>
            <TextLine id="r1l168" custom="readingOrder {index:167;}">
                <Coords points="794,3198 1861,3217 1861,3177 1783,3170 794,3169"/>
                <Baseline points="804,3195 856,3195 908,3195 961,3196 1013,3196 1065,3197 1118,3197 1170,3198 1222,3198 1275,3199 1327,3200 1379,3200 1432,3201 1484,3202 1536,3202 1589,3203 1641,3203 1693,3203 1746,3203 1798,3203 1851,3202"/>
                <TextEquiv>
                    <Unicode>— den Regisseur und hört seine eindringlichen, ver¬</Unicode>
                </TextEquiv>
            </TextLine>
            <TextLine id="r1l169" custom="readingOrder {index:168;}">
                <Coords points="1892,3221 3060,3236 3060,3194 1893,3181"/>
                <Baseline points="1903,3212 1960,3213 2017,3214 2074,3215 2132,3216 2189,3217 2246,3218 2304,3219 2361,3220 2418,3220 2476,3221 2533,3222 2590,3222 2647,3223 2705,3223 2762,3224 2819,3225 2877,3225 2934,3226 2991,3226 3049,3227"/>
                <TextEquiv>
                    <Unicode>esauswendig spielen zu können), Einführungsvermögen und</Unicode>
                </TextEquiv>
            </TextLine>
            <TextLine id="r1l170" custom="readingOrder {index:169;}">
                <Coords points="678,3247 1856,3250 1856,3208 678,3203"/>
                <Baseline points="689,3233 746,3233 804,3233 862,3234 920,3234 978,3235 1035,3235 1093,3236 1151,3237 1209,3238 1267,3238 1324,3239 1382,3240 1440,3241 1498,3242 1556,3242 1613,3243 1671,3243 1729,3244 1787,3244 1845,3244"/>
                <TextEquiv>
                    <Unicode>mittelnden Worte. Aber im Grunde sicht sie das Grune¬</Unicode>
                </TextEquiv>
            </TextLine>
            <TextLine id="r1l171" custom="readingOrder {index:170;}">
                <Coords points="1886,3271 1918,3259 1949,3274 2163,3271 2176,3258 2251,3281 2316,3265 2341,3284 2400,3283 2400,3230 2373,3222 2283,3235 1887,3218"/>
                <Baseline points="1896,3253 1922,3254 1948,3254 1974,3255 2000,3256 2026,3256 2052,3256 2078,3257 2104,3257 2130,3257 2156,3257 2182,3258 2208,3258 2234,3258 2260,3259 2286,3259 2312,3260 2338,3261 2364,3261 2390,3263"/>
                <TextEquiv>
                    <Unicode>künstlerischen Geschmack.</Unicode>
                </TextEquiv>
            </TextLine>
            <TextLine id="r1l172" custom="readingOrder {index:171;}">
                <Coords points="685,3278 1708,3301 1865,3294 1866,3250 686,3247"/>
                <Baseline points="696,3271 753,3272 811,3273 869,3274 927,3274 985,3275 1043,3275 1101,3276 1159,3277 1217,3277 1275,3278 1332,3279 1390,3279 1448,3280 1506,3281 1564,3281 1622,3282 1680,3283 1738,3284 1796,3284 1854,3285"/>
                <TextEquiv>
                    <Unicode>waldatelier in Berlin und nicht das Schlafzimmer Dorsday's;</Unicode>
                </TextEquiv>
            </TextLine>
            <TextLine id="r1l173" custom="readingOrder {index:172;}">
                <Coords points="1954,3315 3054,3332 3068,3257 2958,3291 2871,3258 2791,3284 2443,3248 2355,3281 1954,3267"/>
                <Baseline points="1964,3303 2018,3304 2073,3304 2127,3305 2182,3306 2237,3307 2291,3308 2346,3309 2400,3310 2455,3311 2510,3311 2564,3312 2619,3313 2673,3314 2728,3314 2783,3315 2837,3315 2892,3316 2946,3316 3001,3316 3056,3316"/>
                <TextEquiv>
                    <Unicode>Denn was eine Anna May Wong zu Tränen rührt,</Unicode>
                </TextEquiv>
            </TextLine>
            <TextLine id="r1l174" custom="readingOrder {index:173;}">
                <Coords points="685,3320 1131,3338 1180,3307 1689,3347 1850,3327 1851,3294 685,3280"/>
                <Baseline points="696,3311 753,3312 810,3312 867,3313 924,3313 982,3314 1039,3315 1096,3316 1153,3316 1210,3317 1268,3318 1325,3319 1382,3319 1439,3320 1496,3321 1554,3321 1611,3322 1668,3322 1725,3323 1782,3323 1840,3323"/>
                <TextEquiv>
                    <Unicode>nichts da von Stimmung, wenn sie nicht vermag, zu über¬</Unicode>
                </TextEquiv>
            </TextLine>
            <TextLine id="r1l175" custom="readingOrder {index:174;}">
                <Coords points="1881,3347 3061,3369 3061,3325 2942,3315 1881,3297"/>
                <Baseline points="1891,3343 1949,3344 2007,3344 2065,3345 2123,3345 2181,3346 2239,3347 2297,3348 2355,3349 2413,3350 2471,3350 2529,3351 2587,3352 2645,3353 2703,3353 2761,3354 2819,3354 2877,3355 2935,3355 2993,3355 3051,3355"/>
                <TextEquiv>
                    <Unicode>(Franz Lchär’s Vilia, oh Vilia.,.) rührt eine Elisabeth</Unicode>
                </TextEquiv>
            </TextLine>
            <TextLine id="r1l176" custom="readingOrder {index:175;}">
                <Coords points="676,3364 1838,3378 1855,3330 677,3322"/>
                <Baseline points="687,3352 744,3352 802,3352 860,3352 918,3353 976,3354 1033,3354 1091,3355 1149,3356 1207,3357 1265,3357 1322,3358 1380,3359 1438,3360 1496,3360 1554,3361 1611,3361 1669,3362 1727,3362 1785,3362 1843,3362"/>
                <TextEquiv>
                    <Unicode>sehen, was nicht in ihre Situation hineinpasst. Begreift</Unicode>
                </TextEquiv>
            </TextLine>
            <TextLine id="r1l177" custom="readingOrder {index:176;}">
                <Coords points="1884,3386 3056,3403 3013,3360 1885,3348"/>
                <Baseline points="1895,3381 1952,3381 2010,3382 2067,3383 2125,3384 2182,3385 2240,3386 2297,3387 2355,3387 2412,3388 2470,3389 2528,3390 2585,3390 2643,3391 2700,3392 2758,3392 2815,3393 2873,3393 2930,3394 2988,3394 3046,3394"/>
                <TextEquiv>
                    <Unicode>Bergner nie und nimmer zu Tränen. Jeder Mensch hat seine</Unicode>
                </TextEquiv>
            </TextLine>
            <TextLine id="r1l178" custom="readingOrder {index:177;}">
                <Coords points="683,3405 759,3402 784,3383 826,3404 1218,3400 1218,3364 1203,3360 684,3359"/>
                <Baseline points="694,3391 719,3391 745,3391 771,3391 796,3391 822,3391 848,3391 873,3391 899,3391 925,3392 951,3392 976,3392 1002,3393 1028,3393 1053,3394 1079,3394 1105,3394 1130,3395 1156,3395 1182,3395 1208,3395"/>
                <TextEquiv>
                    <Unicode>man, wie schwer das ist?!</Unicode>
                </TextEquiv>
            </TextLine>
            <TextLine id="r1l179" custom="readingOrder {index:178;}">
                <Coords points="1886,3431 3058,3448 3059,3404 1887,3387"/>
                <Baseline points="1898,3419 1955,3420 2013,3422 2070,3423 2128,3424 2185,3425 2243,3426 2300,3426 2358,3427 2415,3428 2473,3428 2530,3429 2588,3430 2645,3430 2703,3431 2760,3431 2818,3432 2875,3433 2933,3434 2990,3435 3048,3435"/>
                <TextEquiv>
                    <Unicode>Lieblingskomponisten, seine musikalischen Lieblingswerke,</Unicode>
                </TextEquiv>
            </TextLine>
            <TextLine id="r1l180" custom="readingOrder {index:179;}">
                <Coords points="768,3434 1862,3447 1862,3409 1697,3384 1328,3414 768,3380"/>
                <Baseline points="778,3429 831,3430 885,3430 938,3431 992,3432 1046,3432 1099,3433 1153,3434 1207,3434 1260,3435 1314,3435 1368,3436 1421,3436 1475,3437 1529,3438 1582,3438 1636,3439 1690,3440 1743,3440 1797,3441 1851,3442"/>
                <TextEquiv>
                    <Unicode>lier setzt die Tätigkeit des Atelierpianisten ein.</Unicode>
                </TextEquiv>
            </TextLine>
            <TextLine id="r1l181" custom="readingOrder {index:180;}">
                <Coords points="1886,3465 3062,3485 3062,3447 2993,3440 1886,3434"/>
                <Baseline points="1897,3462 1954,3463 2012,3463 2070,3464 2128,3465 2185,3466 2243,3466 2301,3467 2359,3467 2416,3468 2474,3469 2532,3469 2590,3470 2647,3470 2705,3471 2763,3472 2821,3472 2878,3473 2936,3474 2994,3475 3052,3475"/>
                <TextEquiv>
                    <Unicode>was bei weniger Musikalischen wohl meist auf heiteren,</Unicode>
                </TextEquiv>
            </TextLine>
            <TextLine id="r1l182" custom="readingOrder {index:181;}">
                <Coords points="752,3478 1853,3490 1853,3452 1811,3443 753,3440"/>
                <Baseline points="764,3468 820,3469 877,3470 934,3470 991,3471 1047,3472 1104,3473 1161,3473 1218,3474 1275,3474 1331,3475 1388,3476 1445,3476 1502,3477 1559,3477 1615,3478 1672,3478 1729,3479 1786,3480 1843,3480"/>
                <TextEquiv>
                    <Unicode>(Nebenbei bemerkt: Diese Musik im Atelier hat nichts</Unicode>
                </TextEquiv>
            </TextLine>
            <TextLine id="r1l183" custom="readingOrder {index:182;}">
                <Coords points="1886,3508 3047,3530 3062,3489 1886,3466"/>
                <Baseline points="1897,3502 1954,3503 2012,3504 2070,3505 2127,3506 2185,3506 2243,3507 2300,3508 2358,3508 2416,3509 2474,3509 2531,3510 2589,3511 2647,3511 2704,3512 2762,3513 2820,3513 2877,3514 2935,3515 2993,3516 3051,3516"/>
                <TextEquiv>
                    <Unicode>beziehu gsweise ernsten Erinnerungen beruhen wird, bem</Unicode>
                </TextEquiv>
            </TextLine>
            <TextLine id="r1l184" custom="readingOrder {index:183;}">
                <Coords points="678,3516 1859,3527 1859,3488 1740,3478 991,3488 679,3453"/>
                <Baseline points="689,3508 750,3509 811,3509 872,3510 933,3511 994,3511 1055,3512 1116,3513 1177,3513 1238,3514 1299,3515 1360,3515 1421,3516 1482,3516 1543,3517 1604,3517 1665,3518 1726,3518 1787,3519 1848,3519"/>
                <TextEquiv>
                    <Unicode>mit der Musik zu tun, die später gehört wird, wenn der</Unicode>
                </TextEquiv>
            </TextLine>
            <TextLine id="r1l185" custom="readingOrder {index:184;}">
                <Coords points="1881,3550 3057,3576 3057,3522 2963,3514 1881,3509"/>
                <Baseline points="1891,3542 1948,3543 2006,3544 2064,3545 2122,3546 2179,3547 2237,3547 2295,3548 2353,3549 2410,3550 2468,3550 2526,3551 2584,3552 2641,3552 2699,3553 2757,3554 2815,3554 2872,3555 2930,3556 2988,3557 3046,3558"/>
                <TextEquiv>
                    <Unicode>Künstler einer bestimmten musikalischen Geschmacksrichtung</Unicode>
                </TextEquiv>
            </TextLine>
            <TextLine id="r1l186" custom="readingOrder {index:185;}">
                <Coords points="677,3555 1860,3571 1860,3524 1780,3511 678,3515"/>
                <Baseline points="688,3547 746,3548 804,3549 862,3550 920,3551 978,3551 1036,3552 1094,3553 1152,3553 1210,3553 1269,3554 1327,3554 1385,3554 1443,3555 1501,3555 1559,3556 1617,3556 1675,3556 1733,3557 1791,3557 1850,3558"/>
                <TextEquiv>
                    <Unicode>Film im Filmmneater läuft. Ein Kapellmeister im Kinohaus,</Unicode>
                </TextEquiv>
            </TextLine>
            <TextLine id="r1l187" custom="readingOrder {index:186;}">
                <Coords points="1893,3591 1910,3593 1928,3608 1951,3607 1977,3591 1998,3591 2008,3602 2050,3596 2060,3603 2090,3593 2091,3560 2074,3559 2053,3546 2032,3554 1967,3553 1961,3559 1894,3549"/>
                <Baseline points="1904,3585 1929,3584 1954,3585 1979,3585 2004,3585 2029,3586 2054,3587 2080,3589"/>
                <TextEquiv>
                    <Unicode>entspringt.</Unicode>
                </TextEquiv>
            </TextLine>
            <TextLine id="r1l188" custom="readingOrder {index:187;}">
                <Coords points="677,3599 1857,3611 1858,3567 678,3555"/>
                <Baseline points="688,3588 745,3588 803,3588 861,3588 919,3589 977,3589 1035,3590 1093,3590 1151,3591 1209,3592 1267,3593 1324,3593 1382,3594 1440,3595 1498,3595 1556,3596 1614,3596 1672,3596 1730,3596 1788,3595 1846,3595"/>
                <TextEquiv>
                    <Unicode>könnte bisweilen vielleicht auch einen guten Filmpianisten</Unicode>
                </TextEquiv>
            </TextLine>
            <TextLine id="r1l189" custom="readingOrder {index:188;}">
                <Coords points="673,3642 1859,3643 1832,3601 673,3600"/>
                <Baseline points="684,3627 742,3627 800,3628 858,3629 917,3629 975,3630 1033,3630 1091,3631 1150,3631 1208,3632 1266,3632 1324,3633 1383,3633 1441,3634 1499,3634 1557,3634 1616,3635 1674,3635 1732,3635 1790,3635 1849,3635"/>
                <TextEquiv>
                    <Unicode>abgeben; ein guter Filmpianist wird unter den nötigen, tech¬</Unicode>
                </TextEquiv>
            </TextLine>
            <TextLine id="r1l190" custom="readingOrder {index:189;}">
                <Coords points="1961,3641 3067,3662 3068,3614 1961,3595"/>
                <Baseline points="1971,3632 2025,3633 2079,3634 2133,3634 2188,3635 2242,3636 2296,3637 2351,3638 2405,3639 2459,3639 2514,3640 2568,3641 2622,3642 2676,3643 2731,3643 2785,3644 2839,3645 2894,3646 2948,3647 3002,3647 3057,3648"/>
                <TextEquiv>
                    <Unicode>Und die Gabe, gewissermassen die musikalische Achil¬</Unicode>
                </TextEquiv>
            </TextLine>
            <TextLine id="r1l191" custom="readingOrder {index:190;}">
                <Coords points="672,3680 1852,3686 1815,3640 672,3640"/>
                <Baseline points="682,3667 743,3668 804,3668 865,3669 926,3669 987,3670 1048,3670 1109,3671 1170,3671 1231,3672 1292,3672 1353,3673 1414,3673 1475,3674 1536,3674 1597,3674 1658,3674 1719,3675 1780,3675 1841,3675"/>
                <TextEquiv>
                    <Unicode>nischen Voraussetzungen immer ein guter Kanellmeister</Unicode>
                </TextEquiv>
            </TextLine>
            <TextLine id="r1l192" custom="readingOrder {index:191;}">
                <Coords points="1885,3678 2673,3697 2674,3651 2601,3644 2452,3661 1886,3634"/>
                <Baseline points="1896,3671 1934,3671 1972,3672 2011,3672 2049,3673 2088,3673 2126,3674 2164,3674 2203,3675 2241,3675 2280,3676 2318,3676 2356,3676 2395,3677 2433,3678 2472,3678 2510,3679 2548,3680 2587,3681 2625,3682 2664,3683"/>
                <TextEquiv>
                    <Unicode>lesferse einer Filmdarstellers zu treffen,</Unicode>
                </TextEquiv>
            </TextLine>
            <TextLine id="r1l193" custom="readingOrder {index:192;}">
                <Coords points="2708,3692 2789,3713 2884,3702 2906,3715 2951,3705 2982,3712 3005,3694 3060,3710 3061,3657 2709,3650"/>
                <Baseline points="2719,3684 2744,3684 2769,3684 2795,3685 2820,3686 2845,3686 2871,3687 2896,3688 2922,3688 2947,3688 2972,3689 2998,3689 3023,3690 3049,3690"/>
                <TextEquiv>
                    <Unicode>ihm ans Herz zu</Unicode>
                </TextEquiv>
            </TextLine>
            <TextLine id="r1l194" custom="readingOrder {index:193;}">
                <Coords points="678,3713 1867,3732 1863,3679 679,3680"/>
                <Baseline points="689,3708 747,3708 805,3709 864,3709 922,3709 980,3710 1039,3710 1097,3711 1155,3711 1214,3712 1272,3712 1330,3713 1389,3713 1447,3714 1505,3714 1564,3714 1622,3715 1680,3715 1739,3715 1797,3715 1856,3715"/>
                <TextEquiv>
                    <Unicode>sein. Er möchte das wohl auch. Aber meist fehlen eben</Unicode>
                </TextEquiv>
            </TextLine>
            <TextLine id="r1l195" custom="readingOrder {index:194;}">
                <Coords points="1891,3720 2409,3721 2535,3740 2535,3691 2510,3683 1892,3678"/>
                <Baseline points="1902,3711 1933,3712 1964,3712 1995,3713 2026,3713 2057,3714 2088,3714 2119,3714 2150,3714 2181,3715 2213,3715 2244,3715 2275,3715 2306,3716 2337,3716 2368,3716 2399,3717 2430,3717 2461,3718 2492,3718 2524,3719"/>
                <TextEquiv>
                    <Unicode>ühren, hat der echte Filmpianist.</Unicode>
                </TextEquiv>
            </TextLine>
            <TextLine id="r1l196" custom="readingOrder {index:195;}">
                <Coords points="670,3766 1484,3761 1484,3725 1444,3716 671,3714"/>
                <Baseline points="682,3747 721,3748 761,3748 800,3748 840,3748 880,3749 919,3749 959,3749 998,3749 1038,3750 1078,3750 1117,3750 1157,3750 1196,3751 1236,3751 1276,3752 1315,3752 1355,3753 1394,3753 1434,3754 1474,3755"/>
                <TextEquiv>
                    <Unicode>leider die technischen Voraussetzungen!)</Unicode>
                </TextEquiv>
            </TextLine>
            <TextLine id="r1l197" custom="readingOrder {index:196;}">
                <Coords points="2693,3781 2827,3777 2850,3786 2922,3771 2945,3782 3022,3779 3037,3775 3038,3718 2923,3739 2885,3728 2864,3736 2854,3725 2843,3733 2820,3718 2797,3728 2770,3715 2694,3718"/>
                <Baseline points="2704,3764 2730,3765 2757,3765 2784,3766 2811,3766 2838,3767 2865,3767 2891,3768 2918,3768 2945,3769 2972,3770 2999,3770 3026,3770"/>
                <TextEquiv>
                    <Unicode>Curt Grabowski.</Unicode>
                </TextEquiv>
            </TextLine>
            <TextLine id="r1l198" custom="readingOrder {index:197;}">
                <Coords points="1195,3822 1208,3823 1220,3832 1253,3835 1271,3826 1302,3834 1314,3833 1326,3823 1355,3825 1358,3775 1333,3773 1328,3767 1293,3777 1277,3771 1256,3774 1221,3761 1200,3760"/>
                <Baseline points="1207,3804 1234,3801 1262,3802 1289,3806 1317,3809 1345,3810"/>
                <TextEquiv>
                    <Unicode></Unicode>
                </TextEquiv>
            </TextLine>
            <TextLine id="r1l199" custom="readingOrder {index:198;}">
                <Coords points="812,3869 848,3867 894,3887 1013,3881 1026,3870 1070,3885 1101,3883 1101,3835 1061,3835 1038,3824 1015,3843 980,3827 952,3843 900,3831 812,3839"/>
                <Baseline points="822,3860 848,3861 875,3862 902,3862 929,3862 956,3862 983,3862 1010,3861 1037,3861 1064,3861 1091,3861"/>
                <TextEquiv>
                    <Unicode>„ Ttannt#.—</Unicode>
                </TextEquiv>
            </TextLine>
            <TextLine id="r1l200" custom="readingOrder {index:199;}">
                <Coords points="1207,3867 2903,3881 2773,3838 1207,3832"/>
                <Baseline points="1217,3863 1300,3865 1384,3867 1468,3869 1552,3870 1636,3871 1719,3872 1803,3872 1887,3873 1971,3873 2055,3874 2138,3874 2222,3874 2306,3874 2390,3874 2474,3875 2557,3875 2641,3876 2725,3876 2809,3877 2893,3878"/>
                <TextEquiv>
                    <Unicode># Dae Warl #l##l Jen Arit. R-1. Min„. l1 Li. 11. p.. 0.</Unicode>
                </TextEquiv>
            </TextLine>
            <TextEquiv>
                <Unicode>Filmpianist sein heisst, auf eine knappe Formel gebracht:
Also wir halten bei einem Beispiel.
Es ist kein Schul¬
Den Filmdarsteller durch „zweckmäsige“ Musik in die vom
beispiel.
Manuskript vorgeschriebene Stimmung bringen, ihn in ihr
Was könnte für einen armen, vom Grübelj zer¬
erhalten! Welchen wesentlichen Faktor ein guter Atelier¬
quälten Geist, für einen vom langsam wirkenden Ve¬
pianist für den Künstler vor dem Kurbelkasten bedeuten
ronal zermürbten Körper wohl für eine Musik gebo¬
kann, wird der begreifen, der sich vergegenwärtigt, wie
ten sein? Ein trauriger Fall! Eine tragische Szene!
viel innere Bereitschaft seitens des Schauspielers nötig ist,
Ich
habe Jazz
gespielt, zu dieser Szene in
um die kaum 3 Minuten währende Szeue eines Filmmann¬
Moll!
Sehr leise, sehr verhalten, wirr, abgerissen. Aber
skripts zwingend echt und natürlich zu gestalten.
Warum? Wieso?
Der Darsteller einer Bühnenrolle hat es darin leichter.
Nun: Das ist noch ein Nachher!
Er braucht, sofern er ein Künstler ist, Rollenstudium und
Else sucht Dorsday.
Was weiss sie denn noch
künstlerisches Erfassen seiner Partie, um sie in Spiel um¬
von sich? Zwei Regungen bekämpfen einander seit
zusetzen. Ablenkungen, wie z. B. im Anfang das Wissen um
Tagen in diesem zerquälten Gehirn, brennende Scham
ein Publikum, bezw. das Achthaben auf die Stichworte, über¬
und der Wunsch, den Vater zu retten.
windet der wahre Künstler bald; einmal, durch die in sich
Nun ist sie also da, in Dorsday’s Schlafzimmer.
geschlossene geistige Vorstellung, die er von seiner Kolle
Aber sie kommt zu spät. Dorsday ist fort, das Schlaf¬
hat, zum anderen, durch das gesprochene Wort und seinen
zimmer leer. (Sie weiss nicht, dass er, nicht mehr
Sinn. So entstehen die grossen Charaktere, die „Typen“ auf
mit ihrem Kommen rechnend, in den Spielsaal des
der Bühne, die ein Parkett zu erschüttern vermögen.
Hôtels hinuntergegangen ist, um sich abzulenken).
Anders beim Film. Vor uns liegt ein Manuskript zur
Sie weiss nur eins: Es ist alles umsonst gewesen;
Verfilmung, eingestellt in eine mehr oder weniger grosse An¬
die Hilfe für den Vater in Frage gestellt; mittlerweile
zahl von Szeuenbildern, je nach Länge des behandelten
wirkt das Gift. Jetzt ist es nur noch ein schreck¬
Stoffes. Ja, aber: Von diesen, sagen wir. 150 Szenen, spie¬
hafter Gedanke, der sie beherrscht: Hilf dem Vater!
Hilf dem Vater!
len 20 in einem Salon, 30 in einer Bar usw. usw. Welche
Filmgesellschaft könnte sich wohl den Luxus gestatten, diese
Da hört sie diese fernen, stechenden, aufpeitschen¬
Szenen von 1 bis 150 der Rcihenfolge nach zu kurbeln? Das
den Klänge... Synkopen, Jazz... ach ja, ich bin ja
iesse etwa, den Salon, der zwanzigmal im Manuskript vor¬
in einem grossen Hôtel in St. Moritz, erinnert sie sich.
kommt, zwanzigmal neu aufbauen, ganz abgeschen davon,
Ich werde mich unmöglich machen! Nun ist das
welche Schwierigkeiten es machen würde ihn unverän¬
Schreckliche wieder da: Die Schande, die Schande...
dert jedesmal wieder hinzustellen. Diese Vitrine hier, je¬
Aber der Vater... und unten spielt erbarmungslos die
nen Sessel dort usw.
Musik — leise klingen die Töne bis in das stille Zimmer
Unten tanzen die Paare, und Dorsday wird tanzen,
Eine Unmöglichkeit also — in technischer, wie in
oder wird er am Roulettetisch sein?! Das Gft wirkt
wirtschaftlicher Beziehung.
stärker. Sie fröstelt.., Ach, unter dem Mantel bin ich
Natürlich wird das so gemacht, dass dieser Salon ein¬
nackt... Aber der Vater... Was wird Cissy sagen?.
mal gebaut, diese 20 Szenen abgespielt, und der Salon dann
abgerissen wird.
Wie die Tante schauen wirdl... Na die werden
Augen machen!
Hier setzt die Tätigkeit des tüchtigen Regisseurs ein, die¬
Aber der Vater wird sich das Leben nehmen! Und
ses Stückwerk, diese 20 von einander durch Zeit und Hand¬
sie gcht... Dorsday suchen. (Abblenden. Szene aus!).
lung ganz verschiedenen Szenen in ein später geschlossenes
Ganze so einzufügen, sie von den Darstellern derart spielen
Das ist also das Nachher! Die Szene im Röulettesaal!
zu lassen, dass das Gesamtwerk dem Zuschauer Tänclung
Ein ihrertwillen ist diese aufpeitschende, wrre, synkopierte
vermittelt, Tempo hat und Gestaltungskraft bekommt.
Musik in Zweiviertel-Rhythmus so gut. so wichtig, unter¬
Was ergibt sich hieraus für den Filmdarsteller?!
Das
malend.
Fehlen einer Handlung; weiterhin die vermittelnde Kraft des
Kein sentimentaler English Waltz, kein Tschaikowski,
gesprochenen Wortes.
Der Künstler braucht zum Spielen
kein Beethoven. Damit wäre nichts anzufangen. Nur das
einer Szene hier seine ganze Konzentration und eine reiche
eine: Jazz und Jazz in dieser Form!
Phantasie.
Eine andere Szene — im Manuskript unmittelbar folgend,
Ein Beispiel: Eine Szene aus dem Film „Fräulein
im Atelier viele Tage vorher gedreht:
Else“
nach der Novelle von Arthur Schnitzler,
Else geht, wie automatisch die Beine eins vors
dessen Uraufführung wir im Capitotzu Bertin sochen er¬
andere setzend. in die Gesellschaftsräume. Die Trep¬
leben:
pen hinunter.,. Wie viel Stufen, wie viel Stufen.,, Men¬
Else ist in das Zimmer Dorsday’s gekommen. Sie
schen kommen.,, schauen ihr verwundert nach..
sie
hat zuvor eine Schachtel Veronaltabletten geschluckt.
zicht den Hermelinmantel enger um sich., steigt Stufen
Nur so ist es ihr möglich, den Wunsch des schöngei¬
hinunter. jetzt am Spielsaal... da.. stehr Dorsday,
stigen, etwas verschrobenen Lebemanns zu erfüllen,
spielt Roulette.,, setzt.,, während sie.., Kein Mensch
sich ihm nackt zu zeigen. Er verlangt es; dann will
achtet auf die Frau an der Tür.,, alle Augen sind starr
er ihrem Vater, der mündelsichere Gelder unterschla¬
auf die rollende Kugel gerichtet.,, Geld.,, Man spielt
gen hat, mit Geld aushelfen. Sie weiss, das sie ster¬
um Geldl.. Da ruft sie leise, eindringlich: „Herr
ben wird; aber sie wird den Vater retten. Also die
v. Dorsday!“ Der Mann blickt sich um., ihr Mantel
Kindesliebe eines achtzehnjährigen, sehr verwöhnten,
fäilt.,, ah., jetzt taumelt sie.,, sie sinkt hin.,, sackt förm¬
sehr eingenartigen, kapriziösen Mädchens aus dem
lich zusammen. Dem Vater ist geholfen — jetzt kann
Nachkriegs-Wien.
ich schlafen.. Nacht um sie. Ohnmacht.
Diese Else spielt die Bergner. Diese Bergner aber hat
Skandal! (Szene aus, Abblenden!)
kein
Veronal genommen, soll sich keinem Dorsday nuckt zei¬
gen, braucht niemanden zu retten. Sie soll das nur „spie¬
Und die Musik?! — Was soll man da wohl spielen? Kei¬
len“. Aber sie ist eine Künstlerin, und sie wird es spie¬
nen Jazz! Um Himmelswillen keinen Jazz! Das muss man
len. Gut, herrlich!
fühlen! Ich habe das dritte aus den Gustav Mahler“
Indes, was sicht sie?! — Einen Ausschnitt von Dorsday's
schen Liedern eines Fahrenden Gesellen gespielt, jenes mit
Schlafzimmer — schön! — den sie auf das Zeichen des Re¬
dem Text: „Ich hab“ ein glühend' Messer, ein Messer in mei¬
ner Brust, das schneid't so tief, so tief —
gisseurs hin „Achtung, Aufnahme, ios!“ betreten
oh weh!“
wird. Sie sicht grosse Lampen, die von allen, nur mögli¬
Wenn Else hinsinkt, ist auch mein Spiel aus, bricht ab¬
brutal
— Genug Beispiele!
chen Seiten her sie bestrahlen; sie sicht an diesen Lampen
Arbeiter in blauen Kitteln, mit unbewegten, unbeteiligten Ge¬
Zu sagen wäre noch das:
sichtern zur Bedienung eben dieser Lampen; sie sicht den
Atelierpianist kann man nicht werden. Atelierpianist
Apparat auf sich gerichtet, den Operateur und seine Gehil¬
muss man sein! Und um es gut zu sein, braucht man eine
fen; (während dessen wird die den Lampen ausströmende
starke, pianistische Begabung, ein gradezu phänomenales.
Hitze immer unerträglicher); sie sieht —
und das ist ein
musikalisches Gedächtnis (denn man muss alles kennen, um
Glück
— den Regisseur und hört seine eindringlichen, ver¬
esauswendig spielen zu können), Einführungsvermögen und
mittelnden Worte. Aber im Grunde sicht sie das Grune¬
künstlerischen Geschmack.
waldatelier in Berlin und nicht das Schlafzimmer Dorsday's;
Denn was eine Anna May Wong zu Tränen rührt,
nichts da von Stimmung, wenn sie nicht vermag, zu über¬
(Franz Lchär’s Vilia, oh Vilia.,.) rührt eine Elisabeth
sehen, was nicht in ihre Situation hineinpasst. Begreift
Bergner nie und nimmer zu Tränen. Jeder Mensch hat seine
man, wie schwer das ist?!
Lieblingskomponisten, seine musikalischen Lieblingswerke,
lier setzt die Tätigkeit des Atelierpianisten ein.
was bei weniger Musikalischen wohl meist auf heiteren,
(Nebenbei bemerkt: Diese Musik im Atelier hat nichts
beziehu gsweise ernsten Erinnerungen beruhen wird, bem
mit der Musik zu tun, die später gehört wird, wenn der
Künstler einer bestimmten musikalischen Geschmacksrichtung
Film im Filmmneater läuft. Ein Kapellmeister im Kinohaus,
entspringt.
könnte bisweilen vielleicht auch einen guten Filmpianisten
abgeben; ein guter Filmpianist wird unter den nötigen, tech¬
Und die Gabe, gewissermassen die musikalische Achil¬
nischen Voraussetzungen immer ein guter Kanellmeister
lesferse einer Filmdarstellers zu treffen,
ihm ans Herz zu
sein. Er möchte das wohl auch. Aber meist fehlen eben
ühren, hat der echte Filmpianist.
leider die technischen Voraussetzungen!)
Curt Grabowski.

„ Ttannt#.—
# Dae Warl #l##l Jen Arit. R-1. Min„. l1 Li. 11. p.. 0.</Unicode>
            </TextEquiv>
        </TextRegion>
        <TextRegion orientation="0.0" id="r2" custom="readingOrder {index:1;}">
            <Coords points="3084,3623 3084,3695 3111,3695 3111,3623"/>
            <TextLine id="r2l1" custom="readingOrder {index:0;}">
                <Coords points="3079,3657 3093,3653 3098,3654 3099,3651 3106,3652 3114,3649 3103,3613 3093,3616 3092,3619 3086,3622 3085,3625 3080,3624 3070,3627"/>
                <Baseline points="3086,3647 3100,3643"/>
                <TextEquiv>
                    <Unicode>0</Unicode>
                </TextEquiv>
            </TextLine>
            <TextLine id="r2l2" custom="readingOrder {index:1;}">
                <Coords points="3072,3690 3106,3690 3110,3693 3120,3694 3124,3648 3111,3647 3102,3654 3075,3654"/>
                <Baseline points="3084,3683 3111,3685"/>
                <TextEquiv>
                    <Unicode>n</Unicode>
                </TextEquiv>
            </TextLine>
            <TextEquiv>
                <Unicode>0
n</Unicode>
            </TextEquiv>
        </TextRegion>
        <TextRegion orientation="0.0" id="r3" custom="readingOrder {index:2;}">
            <Coords points="3098,3124 3098,3276 3112,3276 3112,3124"/>
            <TextLine id="r3l1" custom="readingOrder {index:0;}">
                <Coords points="3090,3243 3100,3241 3109,3229 3113,3231 3124,3229 3118,3190 3107,3191 3098,3186 3096,3187 3091,3183 3081,3185"/>
                <Baseline points="3098,3226 3112,3224"/>
                <TextEquiv>
                    <Unicode>I</Unicode>
                </TextEquiv>
            </TextLine>
            <TextEquiv>
                <Unicode>I</Unicode>
            </TextEquiv>
        </TextRegion>
        <TextRegion orientation="0.0" id="r4" custom="readingOrder {index:3;}">
            <Coords points="3093,2629 3093,2774 3121,2774 3121,2629"/>
            <TextLine id="r4l1" custom="readingOrder {index:0;}">
                <Coords points="3090,2682 3099,2683 3108,2691 3110,2689 3123,2691 3134,2619 3101,2611"/>
                <Baseline points="3102,2670 3116,2672"/>
                <TextEquiv>
                    <Unicode>b</Unicode>
                </TextEquiv>
            </TextLine>
            <TextLine id="r4l2" custom="readingOrder {index:1;}">
                <Coords points="3081,2778 3092,2779 3096,2775 3100,2776 3105,2772 3107,2774 3111,2770 3130,2770 3135,2713 3124,2712 3118,2716 3086,2713"/>
                <Baseline points="3093,2752 3121,2754"/>
                <TextEquiv>
                    <Unicode>8</Unicode>
                </TextEquiv>
            </TextLine>
            <TextEquiv>
                <Unicode>b
8</Unicode>
            </TextEquiv>
        </TextRegion>
        <TextRegion orientation="0.0" id="r5" custom="readingOrder {index:4;}">
            <Coords points="3102,2314 3102,2538 3120,2538 3120,2314"/>
            <TextLine id="r5l1" custom="readingOrder {index:0;}">
                <Coords points="3092,2374 3100,2376 3105,2374 3113,2378 3117,2376 3128,2378 3137,2318 3119,2313 3115,2308 3103,2306"/>
                <Baseline points="3106,2353 3120,2355"/>
                <TextEquiv>
                    <Unicode>U</Unicode>
                </TextEquiv>
            </TextLine>
            <TextLine id="r5l2" custom="readingOrder {index:1;}">
                <Coords points="3101,2460 3111,2459 3122,2446 3132,2445 3123,2389 3113,2390 3102,2399 3091,2400"/>
                <Baseline points="3106,2433 3120,2431"/>
                <TextEquiv>
                    <Unicode>I:</Unicode>
                </TextEquiv>
            </TextLine>
            <TextLine id="r5l3" custom="readingOrder {index:2;}">
                <Coords points="3089,2527 3100,2528 3107,2523 3113,2524 3115,2522 3126,2524 3134,2470 3099,2465"/>
                <Baseline points="3102,2516 3116,2518"/>
                <TextEquiv>
                    <Unicode>8</Unicode>
                </TextEquiv>
            </TextLine>
            <TextEquiv>
                <Unicode>U
I:
8</Unicode>
            </TextEquiv>
        </TextRegion>
        <TextRegion orientation="0.0" id="r6" custom="readingOrder {index:5;}">
            <Coords points="3094,130 3094,1825 3157,1825 3157,130"/>
            <TextLine id="r6l1" custom="readingOrder {index:0;}">
                <Coords points="3090,156 3120,155 3124,158 3134,154 3140,159 3153,157 3155,126 3142,125 3132,116 3128,118 3120,115 3111,117 3092,116"/>
                <Baseline points="3101,150 3143,152"/>
                <TextEquiv>
                    <Unicode>Kr</Unicode>
                </TextEquiv>
            </TextLine>
            <TextLine id="r6l2" custom="readingOrder {index:1;}">
                <Coords points="3089,196 3119,192 3131,199 3146,191 3154,196 3167,196 3168,152 3151,154 3149,151 3141,157 3135,153 3126,157 3114,154 3091,156"/>
                <Baseline points="3099,190 3128,188 3157,192"/>
                <TextEquiv>
                    <Unicode>CtT</Unicode>
                </TextEquiv>
            </TextLine>
            <TextLine id="r6l3" custom="readingOrder {index:2;}">
                <Coords points="3091,234 3112,237 3118,242 3130,240 3135,236 3137,238 3141,236 3143,239 3160,237 3162,200 3149,197 3145,201 3139,196 3128,198 3120,193 3114,195 3101,190 3093,190"/>
                <Baseline points="3101,228 3149,230"/>
                <TextEquiv>
                    <Unicode>Kus</Unicode>
                </TextEquiv>
            </TextLine>
            <TextLine id="r6l4" custom="readingOrder {index:3;}">
                <Coords points="3096,280 3111,281 3116,277 3122,280 3128,278 3132,283 3147,284 3150,238 3127,234 3116,240 3112,237 3100,236"/>
                <Baseline points="3107,268 3137,270"/>
                <TextEquiv>
                    <Unicode>in</Unicode>
                </TextEquiv>
            </TextLine>
            <TextLine id="r6l5" custom="readingOrder {index:4;}">
                <Coords points="3090,317 3109,317 3115,312 3123,319 3128,317 3138,319 3142,314 3149,314 3153,310 3163,310 3163,273 3146,275 3134,283 3119,277 3107,281 3100,275 3090,275"/>
                <Baseline points="3100,309 3126,307 3152,309"/>
                <TextEquiv>
                    <Unicode>Ler</Unicode>
                </TextEquiv>
            </TextLine>
            <TextLine id="r6l6" custom="readingOrder {index:5;}">
                <Coords points="3089,364 3106,362 3116,367 3120,363 3137,372 3166,377 3168,312 3152,312 3141,320 3137,317 3122,317 3116,312 3110,316 3091,316"/>
                <Baseline points="3100,349 3128,349 3156,351"/>
                <TextEquiv>
                    <Unicode>übe</Unicode>
                </TextEquiv>
            </TextLine>
            <TextLine id="r6l7" custom="readingOrder {index:6;}">
                <Coords points="3092,505 3104,507 3108,502 3125,504 3127,501 3138,501 3142,496 3154,496 3151,437 3141,438 3129,449 3107,435 3088,436"/>
                <Baseline points="3102,495 3144,493"/>
                <TextEquiv>
                    <Unicode>DO</Unicode>
                </TextEquiv>
            </TextLine>
            <TextLine id="r6l8" custom="readingOrder {index:7;}">
                <Coords points="3088,551 3107,551 3116,545 3130,552 3139,546 3147,546 3151,551 3164,551 3165,507 3146,507 3136,500 3126,504 3111,501 3104,507 3090,507"/>
                <Baseline points="3098,539 3126,539 3154,541"/>
                <TextEquiv>
                    <Unicode>821</Unicode>
                </TextEquiv>
            </TextLine>
            <TextLine id="r6l9" custom="readingOrder {index:8;}">
                <Coords points="3085,612 3100,609 3104,604 3108,606 3112,602 3114,604 3126,591 3149,594 3147,556 3137,557 3122,547 3111,547 3105,552 3101,550 3093,559 3082,559"/>
                <Baseline points="3095,587 3139,585"/>
                <TextEquiv>
                    <Unicode>sin</Unicode>
                </TextEquiv>
            </TextLine>
            <TextLine id="r6l10" custom="readingOrder {index:9;}">
                <Coords points="3099,699 3124,692 3138,699 3150,697 3134,615 3125,616 3114,625 3108,624 3106,627 3102,625 3086,631"/>
                <Baseline points="3106,682 3136,676"/>
                <TextEquiv>
                    <Unicode>gal</Unicode>
                </TextEquiv>
            </TextLine>
            <TextLine id="r6l11" custom="readingOrder {index:10;}">
                <Coords points="3095,867 3103,867 3107,864 3112,868 3118,866 3122,870 3130,865 3135,869 3139,864 3151,864 3149,826 3141,826 3135,831 3130,831 3122,825 3117,826 3111,822 3092,823"/>
                <Baseline points="3104,858 3140,856"/>
                <TextEquiv>
                    <Unicode>Du</Unicode>
                </TextEquiv>
            </TextLine>
            <TextLine id="r6l12" custom="readingOrder {index:11;}">
                <Coords points="3096,1098 3112,1100 3119,1097 3131,1097 3133,1099 3138,1095 3148,1096 3150,1054 3138,1053 3135,1055 3131,1051 3129,1053 3125,1051 3114,1061 3097,1060"/>
                <Baseline points="3106,1090 3138,1091"/>
                <TextEquiv>
                    <Unicode>St</Unicode>
                </TextEquiv>
            </TextLine>
            <TextLine id="r6l13" custom="readingOrder {index:12;}">
                <Coords points="3090,1140 3121,1140 3136,1142 3142,1147 3153,1147 3153,1098 3138,1096 3130,1098 3119,1094 3115,1098 3090,1098"/>
                <Baseline points="3100,1132 3142,1132"/>
                <TextEquiv>
                    <Unicode>C</Unicode>
                </TextEquiv>
            </TextLine>
            <TextLine id="r6l14" custom="readingOrder {index:13;}">
                <Coords points="3092,1264 3109,1262 3123,1270 3130,1264 3140,1264 3140,1207 3126,1207 3117,1214 3105,1210 3092,1210"/>
                <Baseline points="3102,1255 3130,1255"/>
                <TextEquiv>
                    <Unicode>W</Unicode>
                </TextEquiv>
            </TextLine>
            <TextLine id="r6l15" custom="readingOrder {index:14;}">
                <Coords points="3092,1348 3102,1348 3107,1345 3115,1351 3124,1351 3128,1346 3140,1346 3138,1306 3128,1306 3121,1302 3115,1305 3105,1305 3103,1308 3090,1308"/>
                <Baseline points="3101,1337 3130,1336"/>
                <TextEquiv>
                    <Unicode>vi¬</Unicode>
                </TextEquiv>
            </TextLine>
            <TextLine id="r6l16" custom="readingOrder {index:15;}">
                <Coords points="3083,1424 3096,1425 3100,1423 3102,1426 3109,1424 3112,1429 3123,1423 3134,1424 3139,1353 3123,1352 3119,1349 3112,1351 3108,1348 3106,1350 3098,1343 3090,1343"/>
                <Baseline points="3095,1416 3123,1418"/>
                <TextEquiv>
                    <Unicode>4</Unicode>
                </TextEquiv>
            </TextLine>
            <TextLine id="r6l17" custom="readingOrder {index:16;}">
                <Coords points="3083,1502 3098,1503 3107,1498 3115,1505 3117,1503 3121,1505 3123,1503 3134,1504 3137,1466 3126,1465 3122,1469 3118,1469 3106,1462 3101,1464 3087,1462"/>
                <Baseline points="3095,1496 3123,1498"/>
                <TextEquiv>
                    <Unicode>re</Unicode>
                </TextEquiv>
            </TextLine>
            <TextLine id="r6l18" custom="readingOrder {index:17;}">
                <Coords points="3085,1544 3110,1544 3114,1541 3125,1543 3135,1536 3145,1535 3142,1493 3131,1494 3124,1503 3116,1506 3107,1498 3091,1510 3082,1510"/>
                <Baseline points="3094,1538 3135,1535"/>
                <TextEquiv>
                    <Unicode>de</Unicode>
                </TextEquiv>
            </TextLine>
            <TextLine id="r6l19" custom="readingOrder {index:18;}">
                <Coords points="3094,1583 3107,1583 3109,1581 3113,1583 3115,1581 3119,1585 3123,1585 3128,1583 3132,1578 3142,1578 3142,1539 3132,1539 3123,1543 3113,1541 3109,1545 3107,1543 3094,1543"/>
                <Baseline points="3104,1575 3132,1575"/>
                <TextEquiv>
                    <Unicode>11</Unicode>
                </TextEquiv>
            </TextLine>
            <TextLine id="r6l20" custom="readingOrder {index:19;}">
                <Coords points="3092,1639 3102,1639 3111,1631 3121,1637 3132,1629 3142,1629 3142,1578 3132,1578 3123,1585 3119,1585 3115,1581 3113,1583 3109,1581 3107,1583 3092,1583"/>
                <Baseline points="3103,1616 3132,1616"/>
                <TextEquiv>
                    <Unicode>st.</Unicode>
                </TextEquiv>
            </TextLine>
            <TextLine id="r6l21" custom="readingOrder {index:20;}">
                <Coords points="3092,1738 3107,1738 3109,1740 3115,1738 3140,1738 3140,1704 3130,1704 3128,1706 3119,1698 3115,1700 3109,1698 3105,1700 3092,1700"/>
                <Baseline points="3102,1731 3130,1731"/>
                <TextEquiv>
                    <Unicode>Il</Unicode>
                </TextEquiv>
            </TextLine>
            <TextLine id="r6l22" custom="readingOrder {index:21;}">
                <Coords points="3092,1820 3102,1821 3107,1817 3117,1820 3128,1813 3143,1816 3145,1785 3135,1784 3129,1777 3123,1776 3112,1782 3106,1775 3096,1774"/>
                <Baseline points="3104,1809 3132,1811"/>
                <TextEquiv>
                    <Unicode>I.</Unicode>
                </TextEquiv>
            </TextLine>
            <TextEquiv>
                <Unicode>Kr
CtT
Kus
in
Ler
übe
DO
821
sin
gal
Du
St
C
W
vi¬
4
re
de
11
st.
Il
I.</Unicode>
            </TextEquiv>
        </TextRegion>
    </Page>
</PcGts>
