3296 4256
89 154 932 230 31. Fraeulein Else
270 219 935 266 „
304 832 1080 1003 Badgastem
1036 989 1096 1051 E
314 1078 724 1173 Heilkräftigste
315 1155 1085 1252 Radiumiherme der Well!
555 1266 1094 1350 Verlangen Sie Prospekte
554 1325 1098 1395 von der Kurkommission!
564 1504 1059 1609 SDSEKVER
557 1597 1096 1681 Erstes österreichisches be¬
564 1662 1096 1725 hördlich konzessioniertes
567 1711 861 1770 Unternehmen
560 1752 1104 1828 für Zeitungsausschnitte
340 1818 583 1895 WIEN, I.,
340 1871 1104 1960 Wollzeile 11 : Telephon R 23-0-43
340 2031 661 2094 Ausschnitt aus
1017 2039 1086 2130 e
717 2050 984 2145 siksgeitung
345 2181 462 2245 vom
881 2202 1019 2296 937
329 2329 1081 2424 Brandhofer=Reuß wegen
427 2401 1180 2498 Falschmeldung verurteilt.
368 2491 1177 2552 Unter allen Anzeichen einer Sensation gin
331 2543 1183 2595 gestern in Hietzing die Verhandlung gegen
337 2599 398 2636 den
457 2592 1032 2644 Schauspieler Leo Reuß,
1092 2591 1196 2643 dessen
402 2595 446 2631 7150
333 2633 1194 2680 Täuschungsmanöver Publikum und Presse in
335 2675 1185 2723 außerordentlicher Weise beschäftigt hat, vor
339 2761 1187 2811 Dr. Rauscher sah eine Menge Gäste:
334 2799 1157 2875 Pressevertreter, Photographen, Neugierige.
475 2854 1049 2918 Tiroler Bauer mit dem Bart.
377 2902 1185 2975 Im Dezember 1936 brachte das Theater in
325 2950 401 3011 der
409 2963 1187 3012 Josefstadt die Dramatisierung von
333 3005 1187 3054 Schnitzlers Novelle „Fräulein Else“ in der
343 3040 1197 3093 Bearbeitung von Dr. Lothar. Unter den
339 3094 1184 3142 Künstlern fiel der Darsteller des Dorsay auf
331 3136 1192 3182 Dieser Schauspieler, der auf dem Theater¬
339 3176 1194 3230 zettel als Kaspar Brandhofer aufschien,
336 3264 1186 3317 in Wirklichkeit Kaspar Altenberger hief
338 3343 1197 3401 Bühne stand. Dieser „Tiroler Bauer“ hatte
340 3388 1200 3440 einen schönen blonden Vollbart, den er um
337 3434 1188 3481 keinen Preis opfern wollte, und die Wiener
338 3476 1197 3527 wußten nicht, was ihnen mehr imponieren
337 3517 1192 3580 solle: der Bauer, der so gut Theater spielte,
347 3564 878 3629 oder seine Treue zum Bart.
380 3607 1186 3674 Kurz nach der Premiere aber gab es eine
707 3647 1187 3702 In einem an den
335 3647 686 3701 neue Sensation:
348 3695 1186 3742 Präsidenten des Ringes der Bühnenkünstler
342 3738 1195 3786 Comma gerichteten Brief gab der „Tiroler
349 3776 1186 3836 Bauer“ zu. mit dem bekannten Schauspieler
339 3821 1187 3869 Leo Reuß identisch zu sein, und erzählte
334 3865 1199 3924 daß er sich dieses Tricks bedient habe, um
339 3910 1187 3957 in Wien ein Engagement zu
341 3947 1192 4001 finden. Er habe jahrelang in Berlin ge¬
339 3990 1187 4061 arbeitet, könne aber jetzt im national¬
1116 156 1452 242 box 5/4
1329 426 1995 498 Kleine Volks=Zeitung
1201 515 2069 593 sozialistischen Deutschland nicht auftreten und
1220 569 2073 620 habe daher versucht, in Oesterreich unter¬
1226 620 2068 670 ukommen. Als ihm das nicht gelang, ließ er
1221 662 2072 716 ich von dem Verwalter des Gutes „Sonn¬
1417 696 1948 751 Kaspar Altenberger,
1216 700 1319 754 berg“,
1223 741 2075 791 Personaldokumente geben, ließ sich einen
1224 790 2069 836 Bart wachsen und legte als Kaspar Alten¬
1213 827 2066 872 berger die Prüfung beim Ring der Bühnen¬
1214 872 2060 920 künstler ab. Seine Täuschungskunst war voll¬
1217 917 2076 968 kommen. Durch Empfehlung Reinhardts kam
1219 966 2069 1010 er zu Direktor Lothar. Weder Helene Thimig
1210 1002 2067 1045 noch Reinhardt, mit denen L. Reuß in Berlin
1210 1043 2065 1100 zehn Jahre lang im Verkehr gestanden war,
1213 1089 2064 1140 noch auch der Vorsitzende der Prüfungs¬
1212 1128 2061 1172 kommission des Ringes der Bühnenkünstler
1221 1170 2074 1232 Dr. Emil Geyer, unter dessen Direktion
1217 1212 2064 1257 Reuß nach dem Krieg in Wien aufgetreten
1210 1255 2063 1305 war und auch nicht Direktor Röbbeling,
1216 1301 2061 1348 der in Hamburg von Reuß den „Jedermann“
1218 1337 2002 1395 inszenieren und spielen ließ, erkannten ihn.
1248 1378 2065 1440 Da die Erhebungen ergaben, daß Reuß sich
1212 1424 2067 1476 auch unter dem falschen Namen Altenberger
1216 1472 2061 1527 gemeldet hatte, wurde gegen ihn die Anklag
1216 1510 2070 1581 nach § 320 StG. (Uebertretung der Melde¬
1220 1556 1614 1620 vorschriften) erhoben.
1313 1613 1989 1678 In furchtbarer seelischer Depression.
1259 1668 2069 1731 Leo Reuß, ein sehr elegant gekleideter
1228 1715 2070 1776 Mann mit dunkeln Augen, blondem Vollbart
1218 1769 2063 1822 und blondem, leicht angegrautem Haar, gal
1224 1808 2073 1860 an, 1891 in Dolina (Galizien) geboren und
1229 1856 2073 1901 taatenlos zu sein. Im Alter von drei Jahren
1219 1895 2069 1944 kam er schon nach Wien, maturierte am
1220 1939 2058 1997 Währinger Gymnasium und frequentiert
1217 1979 2072 2033 auch in Wien die Hochschule. Den Krieg
1226 2022 2063 2068 machte er als Deutschmeister mit. Nach den
1222 2068 2072 2114 Krieg trat er in Wien im Komödienhaus und
1226 2112 2068 2165 in der Neuen Freien Bühne auf. Dann kam
1217 2152 2063 2209 er nach Deutschland, wo seiner Karriere die
1234 2200 2069 2245 ieuen Gesetze des Dritten Reiches ein Ende
1228 2239 1375 2291 nachten.
1255 2281 2009 2336 Richter: Heißen Sie Leis oder Reuß.
1229 2323 2000 2372 Ungekl.: Reis. Aber mein Künstlername
1233 2357 2072 2420 Reuß. Auf Befragen gibt Reuß dann an, daß
1231 2409 2064 2455 r ein Monatseinkommen von 1000 S habe
1232 2446 2073 2500 ind im Hotel Fürstenhof auf dem Neubau¬
1227 2496 1477 2557 jürtel wohne.
1256 2538 2066 2594 Richter: Wann sind Sie in den Besitz der
1230 2577 2072 2634 Dokumente des Herrn Altenberger ge¬
1226 2621 2075 2675 kommen? — Angekl.: Anfang 1936. Ich habe
1228 2662 2070 2715 sie aber nur bei der Gesellschaft des Ringes
1221 2708 2070 2761 der Bühnenkünstler vorgelegt. Sonst habe ich
1231 2748 2068 2801 ie nie verwendet. — Richter: Dort haben Sie
1851 2793 2075 2848 — Angekl.:
1225 2789 1842 2855 eine Prüfung abzulegen gehabt?
1233 2834 2073 2892 Ja, diese Prüfung habe ich als Altenberger
1442 2876 2066 2934 — Richter: Erzählen Sie uns
1224 2879 1380 2937 abgelegt.
1222 2915 2074 2970 warum Sie das gemacht haben? — Angekl.:
1236 2964 2079 3018 Ich war 16 Jahre lang ununterbrochen schau¬
1237 3012 2066 3065 pielerisch tatig. Ich hatte großen Erfolg
1240 3053 2071 3103 ogar im Dritten Reich haben national¬
1236 3094 2079 3149 ozialistische Zeitungen meine Fähigkeiten an¬
1235 3131 2071 3188 rkannt. Mit Rücksicht auf die Verhältnisse
1233 3178 2075 3227 bin ich dann nach Oesterreich. Ich habe
1225 3216 2071 3276 überall alles mögliche versucht, habe mich be¬
1237 3265 2079 3321 nüht, irgendeine Stellung, und sei sie noch
1230 3318 2080 3366 so gering, zu bekommen. Es ist mir aus¬
1231 3354 2086 3407 nahmslos nicht gelungen. Ich bin
1794 3391 2076 3445 seelische
1225 3392 1752 3444 in eine furchtbare
1235 3431 2078 3486 Depression geraten. Ich bekam der¬
1235 3478 2072 3529 artige Minderwertigkeits¬
1238 3525 2080 3582 jefühle, daß ich mir sagte, der Erfolg war
1236 3562 2071 3617 nur an meinen Namen geknüpft. Ich habe
1236 3608 2076 3659 aher diese Farce inszeniert, um
1228 3644 2083 3699 dahinter zu kommen, ob ich ein
1234 3688 2082 3743 Schauspieler bin oder nicht. Ich
1232 3730 2074 3782 habe mir gedacht, ich werde als unscheinbarer
1239 3783 2073 3834 Landmann beim Ring der Bühnenkünstler
1243 3816 2087 3868 neine Prüfung machen. Da werde ich sehen,
1240 3860 2078 3913 b man mich als Schauspieler anerkennt oder
1231 3904 1311 3956 nicht
1270 3927 2087 3996 Richter: Und da haben Sie die fremden
1232 3982 2094 4061 Dokumente vorgewiesen? — Angekl.: Ja,
2431 438 2869 508 Nr. 20 — Seite 11
2112 535 2957 586 nur da. Ich war in einer furchtbaren
2115 573 2962 632 Situation, und sie war um so größer, als
2112 625 2966 678 ich im Krieg österreichischer Offizier gewesen
2113 671 2960 726 in und jetzt in Oesterreich nirgends unter¬
2110 704 2406 758 kommen konnte.
2155 738 2967 810 Ueber weitere Fragen des Richters ver¬
2120 793 2962 853 icherte Reuß, daß ihm hauptsächlich darum zu
2110 839 2961 891 tun war, sein Talent anerkannt zu sehen. Es
2113 883 2961 941 väre mir, sagte er, nichts daran gelegen, zu
2112 924 2959 994 erhungern, aber dann als Schau¬
2122 963 2289 1033 pieler.
2276 1007 2798 1077 Selbst die Sache aufgedeckt.
2138 1068 2956 1129 Verteidiger Dr. Zitter bekundete, daß
2112 1103 2966 1171 Reuß vor der Premiere einen Brief bei ihm
2105 1162 2963 1206 hinterlegte der erst nachher zu öffnen war.
2113 1203 2961 1249 Nach der Premiere kam Reuß wieder zu ihm
2103 1253 2968 1300 und gestand ihm, wer er war. Der Richter
2109 1288 2957 1335 konstatiert aus dem Brief, daß Reuß darin er¬
2106 1328 2969 1382 klärt, daß er aus seelischer De¬
2109 1378 2963 1433 pression zu diesem Mittel gegriffen habe,
2108 1427 2950 1486 um sich selbst zu beweisen, daß er ein Schau¬
2117 1458 2293 1518 pieler sei.
2145 1504 2963 1563 Richter: Sehen Sie ein, daß Sie unrichtig
2111 1551 2959 1605 gehandelt haben? — Angekl.: Ich sehe ein,
2112 1586 2955 1638 daß ich trotz meiner schweren Situation un¬
2113 1635 2963 1689 ichtig gehandelt habe. Ich möchte nur noch
2106 1674 2971 1729 ermähnen, daß ich selbst die Sache auf¬
2106 1725 2963 1777 gedeckt habe und daß ich mich unmittel¬
2104 1757 2961 1812 bar danach sofort umgemeldet
2110 1803 2199 1863 habe.
2133 1843 2962 1906 Der staatsanwaltschaftliche Funktionär be¬
2105 1888 2965 1947 antragte Bestrafung des Angeklagten, da durch
2110 1932 2956 1982 einen angeblichen seelischen Notstand kein
2105 1977 2963 2036 unwiderstehlicher Zwang im Sinne des Ge¬
2117 2019 2432 2077 etzes gegeben sei.
2153 2050 2962 2125 Der Verteidiger Dr. Wolfgang Polaczek
2103 2112 2968 2159 verwies darauf, daß man hier wohl einen un¬
2100 2152 2961 2198 widerstehlichen Zwang annehmen könne, da
2103 2198 2969 2243 die seelische und materielle Not des
2108 2281 2965 2337 Sinne des Gesetzes zu betrachten ist als die
2113 2317 2894 2385 Gesetzesverletzung durch die Falschmeldung.
2254 2376 2806 2470 100 Schilling, bedingt.
2151 2460 2955 2513 Der Richter erkannte Reuß im Sinne der
2111 2506 2961 2553 Anklage schuldig und verurteilte ihn zu
2115 2544 2963 2596 00 S Geldstrafe oder 48 Stunden
2112 2594 2967 2648 Arrest, bedingt mit zweijähriger Be¬
2103 2638 2961 2693 währungsfrist. In der Begründung sagte er,
2114 2676 2962 2734 aß eine seelische Depression nie so weit gehen
2102 2723 2777 2782 dürfe, daß ein Gesetz verletzt werde.
2151 2764 2961 2816 Reuß hörte das Urteil ruhig in strammer
2104 2805 2967 2858 Haltung an, nur seine Hände, die er am
2103 2846 2959 2906 Rücken hielt, waren verkrampft. Er erklärte:
2109 2893 2625 2952 „Ich nehme die Strafe an.“
