3248 4384
2114 76 2194 142 3
1977 95 2057 160 Gern
2405 87 3076 178 WIEN, I., WOLLZEILE 11
2129 135 2193 192 9
268 108 1149 192 31. Fraculein Else
1296 104 1653 206 box 5/4
2538 154 2927 235 W
464 170 1072 237 e e ete te eete ie e e e ie ec e e e e e hetee
2147 266 2192 318 82
2256 263 3205 335 Ausschnitt aus: „NEUES WIENER JOURNAL“
2143 319 2193 404 *
1978 331 2065 447 6
1978 444 2065 501 6
2135 462 2198 517 15
2269 493 2356 554 vomi:
1984 495 2053 548 cunn
2108 537 2163 577 *
2616 500 2989 612 ODEZ.
2086 626 2130 676 75
1954 1195 2973 1278 Die Arbeitslosigkeit in Oesterreich.
1978 1275 3068 1358 Amtlich wird mitgeteilt: Ende November 1936 wurden in
1875 1338 3072 1411 Oesterreich insgesamt 257.063 unterstützte Arbeitslose gezählt. Diese
1879 1384 3068 1462 Zahl verteilt sich auf die Sprengel der einzelnen Landesarbeits¬
1876 1431 3072 1504 ämter folgendermaßen: Wien (Stadt) 103.062, Wien (Um¬
1876 1475 3073 1561 gebung) 14.158, Wiener=Neustadt 20.361, St. Pölten 14.995,
1881 1534 3071 1605 Gmünd 4052, Eisenstadt 4880, Linz 28.150, Salzburg 8452, Graz
1868 1577 2987 1666 29.805, Klagenfurt 13.328, Innsbruck 11.251, Bregenz 4569.
1986 1622 3085 1709 Im Vergleich zur letzten Zählung vom 15. November 1936
1880 1693 2852 1774 ergibt sich eine Zunahme von rund 13.700 Personen.
1974 1802 2987 1902 Tod eines bekannten Astronomen.
2063 1904 2895 2002 Privattelegramm des „Neuen Wiener Journals“.
2632 1961 3036 2040 Rom, 9. Dezember.
1980 2015 3079 2095 Gestern verschied in Rom im Alter von 87 Jahren der
1867 2071 3080 2143 bekannte Astronom Professor Giacomelli, der durch eine
1879 2129 3075 2196 Reihe bedeutsamer Arbeiten, insbesondere durch seine Be¬
1884 2172 3074 2242 obachtungen über die Doppellaterne und die gemeinsam mit
1879 2216 3089 2295 Professor Di Legge geschaffene Sternkarte sich internationalen
1875 2284 2630 2348 Ruf in der Gelehrtenwelt errungen hat.
1273 2384 2478 2517 Der Fall Brandhofer.
1343 2591 2418 2681 Schauspielergericht entscheidet: Leo
1509 2654 2255 2733 Reuß darf weiterspielen.
1276 2718 2462 2799 Der Fall des Schauspielers Leo Reuß, der sich, wie wir berichteten,
1285 2776 2459 2837 unter der Maske eines Tiroler Bauern namens Kaspar Brandhofer von
1284 2819 2467 2876 den Wiener Theaterfachleuten und vom Wiener Publikum neu entdecken
1284 2857 2465 2917 ließ, hat im Laufe der letzten zwei Tage immer weitere Kreise gezogen.
1282 2900 2465 2954 Die Affäre hat nun schließlich zu einer Versammlung der Schauspieler
1294 2937 2467 2995 es Theaters in der Josefstadt Anlaß gegeben, die gestern um 18 Uhr
1286 2966 2475 3053 stattfand, aber streng geheimgehalten und nicht einmal der Direktion
1746 3020 2004 3085 zugänglich war.
1904 3062 2480 3142 geweiht, daß er sich auf diese
1323 3085 1831 3158 Versammlung hinter
1914 3121 2477 3188 Weise die Bestätigung seines
1319 3139 1831 3210 verschlossenen Türen.
1904 3180 2479 3243 künstlerischen Wertes ver¬
1394 3189 1856 3268 Die Versammlung nahm
1910 3225 2487 3294 schaffen wolle. Er, der seit
1284 3240 1862 3313 vorübergehend einen dramati¬
1908 3272 2485 3338 drei Jahren nicht imstande
741 3273 1149 3336 Leo Reuß mit Vollbart
1287 3291 1861 3363 schen Verlauf, da sich zwischen
775 3325 1134 3394 (Kaspar Brandhofer)
1909 3320 2474 3381 war, ein festes Engagement zu
2517 3322 3013 3411 Der Schauspieler Leo Reuß
1285 3348 1855 3410 jenen Schauspielern, die es nicht
1906 3372 2487 3441 erhalten, sah keinen anderen
656 3390 1854 3453 für richtig fanden, daß ein Bühnendarsteller die Maske, die er vor
1892 3410 3077 3474 Weg mehr als den, den er sich schließlich erdachte. Reuß
665 3438 1861 3499 dem Publikum während der Vorstellung aufsetzt, auch im Privat¬
1885 3472 3073 3526 war von der Idee besessen, alle davon zu überzeugen, welche
670 3497 1852 3547 leben weitertrage, und jenen, die für Leo Reuß eintraten, wieder¬
1896 3505 3079 3586 Fähigkeiten zum Schauspieler in ihm steckten. Ihm selbst sei die
660 3533 1861 3599 holt Kontroversen ergaben. Ein großer Teil der Schauspieler stellte
1891 3569 2641 3624 Komödie im Innersten zuwider gewesen.
668 3591 1850 3648 sich auf den Standpunkt, daß es sich im Falle Reuß um den Ver¬
661 3632 1851 3705 zweiflungsalt eines Kollegen handle, der vergeblich versucht hatte,
665 3690 1856 3742 einen Wirkungskreis zu finden. Zwar billigten auch sie nicht die
2201 3653 2324 3798 7
659 3725 1864 3789 Methode, zu der er gegriffen hat, doch scheint es ihnen nicht, daß
661 3778 1855 3843 durch dieses Vorgehen die Standesehre des Schauspielers verletzt
668 3834 1856 3889 worden sei. Keineswegs wollten sie durch einen Beschluß die Ver¬
665 3869 1860 3932 antwortung für die Existenz eines Kollegen übernehmen, der sein
663 3922 1856 3988 Können in der Tat bewiesen hat. Die Direktion des Theaters sei
663 3983 1867 4031 es, die Kaspar Brandhofer auf Grund seiner künstlerischen
2197 3959 2765 4052 Sieg einer Maske.
669 4018 1866 4076 Qualitäten engagiert habe, und es sei nun auch weiterhin eine
2437 4050 2528 4116 Von
660 4068 1865 4129 Angelegenheit der Direktion, darüber zu entscheiden, wie sie das
