3248 4384
210 84 512 142 welle Schnitzlers
225 121 516 180 s Schauspieles,
230 167 516 221 othar daraus
226 206 507 266 velle ist aber
220 246 516 316 enartige epische
805 66 1425 125 rrezeffellös den
556 96 1413 160 rößten Erfolg, den Rose Stradner in
547 129 1410 208 Wien bisher erzielt hat. Von reizvoller Er¬
554 175 1404 250 cheinung, die Jugend und Anmut selbst
541 218 1409 285 wußte sie, ohne jemals die Linien der Schön¬
541 257 1397 348 heit zu verlassen, die dramatischesten
552 336 1411 415 Wirkungen zu erzielen. Und wie rührend ihr
544 382 705 434 Sterben!
581 426 1408 500 Das zweite Ereignis war der Finanzmann
537 470 1403 539 des Herrn Brandhofer, eines öster¬
539 504 1410 591 reichischen Schauspielers aus der Schule Rein¬
542 555 1406 638 hardts. Man staunte, in einem Debütanten
538 607 1400 679 einen Charakterspieler von unheimlicher Kraft
540 651 1413 717 zu finden. Dabei verstand er es, die Brutalität
534 688 1401 764 dieser abstoßenden Gestalt zu mildern. Man
532 733 1405 804 wird von Brandhofer gewiß noch viel hören.
574 780 1393 847 Als dritter Sieger erschien der herrliche
536 816 1394 897 Bassermann, für den eine wirksame Arie
532 859 805 922 eingelegt war.
580 905 1395 984 Sonst machten sich noch um die Darstellung
529 944 1397 1030 die Damen Bassermann, Geßner,
540 991 1400 1063 kalla und Woiwode und die Herren
521 1038 1405 1108 Frey und Brebeck verdient. Daß man mit
528 1081 1397 1157 den Schauspielern auch ihren ausgezeichneten
528 1120 1392 1203 Regisseur Hans Thimig rief, ist selbstver¬
533 1162 689 1229 tändlich.
564 1208 1398 1294 Der Direktor und Bearbeiter Ernst
522 1255 1389 1331 Lothar erschien ganz zuletzt, etwa nach dem
518 1302 1395 1378 zehnten Vorhang. Da hätte ihm wobl ein
521 1339 951 1421 besserer Rang gebuhrt.
1214 1363 1361 1434 J. St.
623 1877 1168 1925 Horaticl konzessiohlieres
636 1910 930 1974 Unternehmen
630 1961 1165 2028 für Zeitungsaussamitte
395 2017 652 2091 WIEN, I.,
401 2090 1179 2162 Wollzeile 11 : Telephon R 23-0-43
402 2213 1052 2313 Ausschnitt aus #ngaltung. Wian
699 2327 958 2425 ADEZ.
398 2382 531 2437 vom
366 2460 1214 2600 Theater und Kunst.
364 2586 1196 2678 Schnitzlers Rovelle „Fräulein Else“.
651 2646 936 2724 als Drama.
642 2711 935 2774 (Josefstadt.)
438 2755 1219 2816 Die Umwandlung der Novelle in die Schau¬
358 2803 1222 2860 spielform unternahm Herr Hofrat Lothar, der
354 2845 1216 2903 die Dramatisierung auch zuerst in seinem Theater
359 2878 1217 2924 spielte. Er löste Schnitzlers erschütternde psycho¬
358 2918 1212 2967 logische Studie in sieben Bilder auf, verwendete
355 2960 1219 3003 auch vielfach Gedankengänge und Selbstgespräche
361 2988 1219 3043 für den Dialog des Schauspiels. Aus dem
358 3039 1207 3081 väterlichen Anwalt, der aus Leichtsinn Klienten¬
348 3067 1213 3135 depots angreift, ist jetzt ein braver, hilfsbereiter
360 3108 1220 3159 Defraudant geworden. Bassermann, der
360 3155 1220 3204 gütige und noble Künstler, spielt, wie im Film.
354 3189 1219 3242 die eingelegte Szene meisterlich. Der Cousin
365 3222 1220 3272 Paul, Herr Frey, in den Fräulein Else sehr
359 3268 1212 3318 verliebt zu sein scheint, erweist sich als wenig
365 3310 1220 3355 braktischer Arzt, weil er die vergiftete Else ohne
357 3345 1217 3396 Hilfe sterben läßt; reizend das Sommerverhält¬
356 3385 1209 3428 nis, das Frau Geßner vorstellt. Frau Woi¬
356 3416 1215 3471 wode ist ein sommerliches Zubehör zu dem
355 3454 1220 3506 lüsternen Antiquitätenhändler Dorsday. Uebri¬
360 3502 1219 3544 gens gab es in der Josefstadt eine große Ueber¬
360 3541 1213 3586 raschung. Ein Salzburger namens Kaspar
363 3572 1217 3625 Brandhofer, der von Reinhardt als Schau¬
358 3610 1205 3660 spieler entdeckt wurde, spielte mit echtem, ange¬
363 3657 1208 3697 wachsenem Bart diese peinliche und heikle Rolle
534 3693 562 3720 7
688 3690 1235 3734 iod Kogd billogz Abfun—900
388 3711 436 3753 2
436 3714 1231 3771 opöh#aagst#aanz293sl1es6 19190
324 3757 1239 3811 u: 3 00 68 Availicnoch ##og 61 Jougvag) vungz
1510 2987 1585 3075 6
2011 3001 2078 3083 2
1583 3077 2041 3169 RTNDAUSGARY
1713 3173 2079 3268 1.DEZ. 1836
1828 3214 2232 3303 genmot. — Der neu¬
1340 3269 2235 3349 entdeckte Charakterspieler Kaspar Brandhofer,
1351 3338 2237 3396 der bisher Landwirt war, wird am 4. Dezember
1356 3386 2232 3449 in „Fräulein Else“ debütieren. Diese Novelle
1349 3429 2238 3499 Schnitzlers wurde von E. Lothar dramatisiert und
1353 3493 2237 3541 erlebt in dieser Fassung die Uraufführung. Rose
2017 3532 2077 3568 „
1357 3542 1968 3602 Stradner spielt die Titelrolle
2402 322 3179 500 Badgastem
2416 568 2810 668 Heilkräftigste
2404 656 3182 752 Radiumtherme der Well!
2635 762 3173 847 Verlangen Sie Prospekte
2633 834 3189 899 von der Kurkommission!
2643 1011 3138 1106 „CDSERVER
2643 1107 3173 1168 Erstes österreichisches be¬
2639 1159 3182 1231 hördlich konzessioniertes
2641 1212 2940 1277 Unternehmen
2642 1259 3181 1331 für Zeitungsausschnitte
2414 1312 2668 1396 WIEN, I.,
2409 1382 3181 1447 Wollzeile 11 " Telephon R 23-0-43
2410 1522 2724 1584 Ausschnitt aus
2647 1577 3201 1691 denigreit: Wallblatt, Wion.
2409 1669 2525 1728 vom
2747 1652 2995 1747 4.DEZ.
2360 1714 3250 1790 ssre
2418 1777 3241 1884 Theater und Kunst
2356 1880 3243 1925 ODDOOCODDADADMDADUOOEODDDGGADDDODAOOODOGAADBUDG
2411 1916 3252 2004 Schnißzlers „Fräulein Eise“ im Theaier
2643 1987 3018 2078 in der Josefstadt.
2389 2050 3244 2129 Artur Schnitzlers seltsame Sittenschilder
2349 2108 3243 2184 der „guten Gesellschaft", die er in der Nor
2348 2152 3252 2209 „Fräulein Else“ niedergelegt hat, wurde von Dire
2348 2203 3247 2261 Ernst Lothar mit ziemlich tief einschneidet
2346 2245 3242 2314 Aenderungen und Zugaben für die Bühne bearb
2356 2307 3249 2367 und im Theater in der Josefstadt au
2345 2342 3245 2406 führt. Es war ein großer Erfolg der Darstell
2350 2395 3243 2462 die dem an das heikle Mona=Vana=Motiv gemah
2345 2445 3220 2498 den Schauspiel zuteil wurde. In erster Linie
2344 2484 3246 2543 Rose Stradner, die Darstellerin des Fräul
2341 2532 3253 2601 Else, die sich aus Liebe zum Vater, ihn aus schw
2346 2581 3242 2637 Not zu retten, opfert. Ihre lichtvolle Erscheinung,
2347 2630 3244 2684 mit voller Glaubwürdigkeit wiedergegebener See
2347 2675 3250 2728 kampf, bis sie sich aus Liebe zu den Eltern zu fei
2351 2727 3250 2778 chweren Gang entschließt, dessen Preis die Rett
2339 2768 3250 2824 des Vaters, aber gleichzeitig für sie das Schei
2347 2816 3244 2876 aus dieser Welt durch Selbstmord bedeutet, ül
2335 2863 3240 2919 tiefen Eindruck. Nicht minder wirkungsvoll war
2336 2907 3241 2969 Gegenspieler, der mit brutaler Selbstverständlich
2334 2957 3246 3007 auf sein Ziel losgehende Wüstling Dorsday, von ei
2341 3004 3245 3067 neuen Kraft, Kaspar Brandhofer, dargest
2340 3047 3252 3100 Man sagt, daß Kaspar Brandhofer geraden We
2334 3092 3249 3149 von den Tiroler Bergen auf die Bühne in der Jo
2334 3134 3252 3193 stadt gekommen sei. Seine kraftvolle Erscheinu
2340 3192 3250 3246 das blonde Haar und der echte Vollbart, der
2343 3233 3252 3285 Antlitz umrahmt, lassen seine Abstammung aus T
2331 3291 3250 3342 wohl glaubhaft erscheinen. Seine Leistung als Do
2331 3327 3242 3382 day muß aber schon als vollwertig, von Dilettan
2339 3379 3241 3434 mus weit entfernt, gewertet werden. Daß hier
2333 3423 3251 3470 neue, vielversprechende Kraft dem Theater gewon
2334 3473 3242 3531 wurde, bewies auch der stürmische Beifall, der sei
2331 3516 3244 3570 Hauptszene folgte. Eine ganz große Leistung, w
2336 3566 3227 3623 nur in einem einzigen Bild, dies aber voll
2345 3609 3231 3666 errschend, bot wieder Albert Bassermann
2344 3660 3251 3716 chuldlos schuldiger Vater. Adrienne Geßner, E
2348 3730 3250 3798 Frey, sehr sympathisch als jugendlicher Be
2361 3794 3244 3848 Elsens, Else Bassermann ihre geschwätzige Te
2363 3844 3243 3892 Lina Woiwode und Lilia Skalla schlossen
2364 3879 3244 3941 mit den Hauptdarstellern zu einem ausgezeichn
2362 3930 3246 3990 Ensemble zusammen, das dem Stück reichen Be
3199 3985 3253 4050 r.
2352 3988 2491 4040 errang.
