3296 4256
1276 179 1621 275 box 5/2
242 184 1097 271 31. Fraeulein Eise
428 384 1352 480 Neue Tögliche Rundschau, Berlin
605 671 1184 753 firthur Schnitzler=Abend.
387 740 1486 803 Arthur Schnitzler las am Sonntag im V##en mit
316 784 1479 844 Elisabeth Bergner aus seinen Werken in dem bis zum letzten
318 828 1198 903 Platz gefüllten Plenarsaal des Reichstages.
383 868 1484 936 Mit der Novelle „Fräulein Else“ machte Elisabeth
313 913 1486 974 Bergner den Anfang. Dieses in Monologform gehaltene, sehr
325 965 1482 1021 schwer wiederzugebende Werk trug sie mit einer so außerordent¬
328 1000 1482 1058 lichen Durchdringung vor, daß man von einer Sezierung des
314 1051 1489 1115 Wortes sprechen könnte, die anderen Dichte zum Nachteil ge¬
316 1089 1482 1151 reichen würde. Hier bei Schnitzler, dessen Sprachtechnik so über¬
328 1131 1481 1191 aus sein ist, fast künstlich ziseliert, war diese Verlegung eine neue
326 1173 1490 1241 Offenbarung. Elisabeth Bergner hielt die gaize Vorlesung fast
325 1213 1479 1274 auf Flüsterton gestimmt, eine sehr gute Anpassung an das rein
319 1277 1481 1321 Gedankenhafte dieser Kovelle. Nur hier und da bei dire er An¬
326 1304 1484 1361 rede, schwoll die Stimme etwas an, um dann wieder ins Un¬
327 1355 755 1407 wirkliche zurückzusinken.
409 1397 1494 1448 Arthur Schnitzler las dann selb't im zweiten Teile des
317 1442 1489 1489 Abends die Novelle „Leutnant Gust'l“, das Gegenstück zu
331 1479 1498 1537 „Fräulein Eise“. Bemerkenßwert ist die verschiedene Behandlung
324 1531 1486 1582 dieser beiden in der Idee vollkommen gleichen Novellen. Während
330 1567 1484 1629 in „Fräulein Else“ die Tragik auf den Schluß verlegt ist, nach
334 1609 1487 1668 einem heiteren Anfang, der fast kitschig anmutet in den backfisch¬
336 1653 1496 1720 albernen Monologen — die einen noch schärferen Kontraft zu dem
332 1697 1495 1757 verhängnisvallen Ende geben — ist hier die Überreizung gleich
336 1742 1488 1799 in den einleltenden Worten merkbar, der Konflikt ist nach der
325 1792 1495 1857 Mitte verlegt, und der Schluß ist eine befreiende, beinahe über¬
333 1823 1498 1889 mütige Lösung. Zwei sehr schöne Abwandlungen des gleichen
330 1881 489 1942 Themas.
417 1908 1504 1976 Elisabeth Bergner, schon leidenschaftlich begrüßt, erntete so
337 1956 1504 2024 großen Beifal., daß Arthur Schnitzler fast lörglich dabei fortkam.
336 2013 1503 2066 Allerdings ist die erste Novelle die stärkere — und da jeder
339 2045 1496 2107 Künstler seine eigenen Werke gemeinhin nicht gut liest, so lag
345 2100 1507 2152 das ganze Schwergewicht auf dem ersten Teil. Die Veranstaltung
339 2144 1335 2215 besorgte der Verband Deutscher Erzähler.
1300 2166 1465 2237 K. H. K.
1167 2252 1693 2366 Kur# e
833 2268 1107 2366 Schnißler
461 2349 1466 2440 gelesen von ihm selbst und von Elisabeth Bergner.
431 2439 1551 2492 Der Verband deutscher Erzähler hatte durch die An¬
384 2479 1556 2534 kündigung seines Arthur=Schnitzler=Abends den Plenarsaal des
375 2523 1562 2571 Reichstages nebst sämtlichen Tribünen so zu überfüllen vermocht,
384 2579 1552 2627 wie man solches nur an den großen Tagen sieht, wenn es sich um Leben
384 2618 1028 2683 oder Sterben einer Regierung handelt.
433 2654 1548 2718 Hoch auf dem Gipfel der Estrade in dem gewaltigen Stuhl, wo
391 2711 1550 2762 sonst der Präfsdent mit der Glocke thront, saß zart und zierlich
377 2763 1565 2806 Elisabeth Bergner, in weißer Seide, wie eine verwunschene.
390 2802 1552 2852 Prinzessin, vor dem völlig verdunkelten Saale, während der Schirm
381 2845 1552 2896 der einzigen Leelampe übe: ihrem Knabenkopf als eine Gloriole
381 2890 516 2943 glänzte.
432 2929 1544 2984 Sie las Schnitzlers virtuoses Meisterstück „Fräulein Else“
383 2970 1550 3024 (klug gekürzt). jene in der Form eines großen Monologs abrollende
377 3019 1555 3068 Novelle von dem feinerzogenen jungen Mädchen, das, um die
383 3058 1558 3116 Finanzen des Vaters zu reiten, sich einem reichen Lebemann nackt
389 3099 1553 3156 zeigen soll und darüber in hysterischer Verzweiflung stirbt .. las
395 3145 1559 3199 diese raffinierte seelenzerlegende Prosa ganz zart, mit hoher, ein
386 3176 1558 3242 wenig singender Stimme, und so sterbenstraurig sie mitfühlend, daß
382 3230 1551 3285 es während der traurigen Geschichte so mäuschenstill im hohen
383 3269 1557 3334 Hause ward, wie niemals sonst während der traurigsten Etatrede,
387 3312 1560 3370 und daß nicht nur die weiblichen Zuhörer, sondern, als es wieder
388 3352 1563 3418 hell wurde, auch der sonst hier herrschende Präsident Löbe, nebst
389 3412 1557 3457 vielen anderen Personen der Politik und Verwaltung, Tränen in den
383 3448 1553 3498 Augen hatten. Kein Reichskanzler hatte jemals mit einer dröhnen¬
391 3483 1556 3551 den Programmrde solchen triumphalen Erfolg, wie dies kleine
396 3534 1247 3596 Mädchen im Seidenkleid mit ihrer Seidenstimme.
446 3569 1563 3646 Alsdann trat Schnitzler selbst, sein berühmter Vollbart ist schon
390 3628 1563 3685 ergraut, bei strahlendem Licht an jenes andere Pult, von dem aus
391 3669 1559 3729 sonst die Abgeordneten sprechen, und las (klug gekürzt) in forsch¬
388 3717 1554 3771 ironischem Wienerisch, die Geschichte vom „Leutnant Gustl“,
392 3762 1561 3815 sein dreißig Ja##e altes Frühwerk, das bereits genau dieselbe mono¬
390 3798 1552 3855 logische Technik aufweist wie das Spätwerk „Fräulein Else“, aber,
393 3852 1553 3898 während diese viel klügere und edlere Heldin daran glauben muß,
388 3890 1552 3942 mit dem fröhlichen Nicht=Selbstmord des dußligen Leutnants endet.
387 3927 1553 3985 Auch Schnitzler wurde stark applaudiert. Selbst die Bänke des Reichs¬
383 3978 1561 4029 tags riefen: „Hört, hört!“, weil sie da eine ganz andere Kunde von
392 4027 1568 4085 der Seele des Volks verna###en, als sie sonst zu hören gezwungen
1403 4060 1530 4110 K. P.
413 4060 479 4138 nd.
2394 567 2814 678 Der Tag
2456 659 2748 718 Berlin SW. 68
2374 690 2838 781 Ausschnitt aus der Nummer vom:
2809 747 2882 836 ER
2137 900 2967 996 „Arthur=Schnitzler=Abend.
2228 985 2903 1055 Im Plenarsaal des Reichstages.
2168 1045 2992 1100 Durch den weiken dunklen Raum sticht das
2148 1078 2995 1132 Grünihereinzelnen Lampe. Daneben, im weißen
2137 1121 2999 1171 Kleide, #e sitzende Figur eines jungen Weibes.
2138 1162 2994 1205 Ein zalses, helles Stimmchen dringt durch den
2143 1201 3000 1248 Saal, wunderbar fein und deutlich, so daß man
2139 1236 2994 1289 selbst Geflüstertes versteht. Elisabeth Berg¬
2145 1276 2993 1321 nersitzt am Vorlesetisch und liest Arthur Schnitz¬
2147 1313 2992 1358 ers Novelle „Fräulein Else“. Jald sind
2132 1350 3003 1397 die Zuhörer ganz im Bann und werden eine
2145 1381 2997 1453 Stunde lang nicht losgelassen. Mit unerhörter
2132 1433 2991 1485 Kunst wird aufs behutsamste in das zerrissene
2144 1459 2993 1515 Seelenleben eines jungen Mädchens hinein¬
2138 1503 2992 1554 geleuchtet, eines Mädchens das schwankt zwischen
2134 1552 3001 1589 der Bewahrung ihrer jungfräulichen Ehre und
2129 1576 3005 1635 der Pflicht zur Rettäng ihres von schwerster¬
2137 1621 3003 1670 Strafe bedrohter Vaters. Sie kann ihn retten.
2137 1656 2997 1707 Die dreißig, oder auch fünfzigtausend Gulden,
2669 1695 3001 1751 die der Vater aus
2618 1707 2652 1738 „
2135 1702 2554 1754 um die es sich handelt
2133 1740 2993 1788 Leichtsinn unterschlagen hat und die ersetzt wer¬
2130 1774 3003 1824 den sollen —, will einer aufbringen, der dafür
2134 1810 3000 1860 nur ein kleines Opfer verlangt. Aber was in
2139 1846 2994 1889 seinen Augen klein ist, ist in Fräulein Elses
2144 1888 2998 1933 Augen riesengroß: nackt soll sie sich vor 'hn hin¬
2145 1927 2996 1974 tellen und sich mit Gierblicken betrachten lassen!
2138 1966 2993 2010 Sie wird darüber irre. Wund rbar wußte die
2144 1999 3005 2056 Bergner durch Stimmodulierungen, durch Ver¬
2140 2033 2999 2097 haltenheiten, Wierheiten, Pansen ausfühlen zu
2130 2077 3001 2126 lassen, wie das arme Kind allmählich die Herr¬
2142 2117 3006 2162 chaft über sich verliert. Wie sie sich an falscher
2141 2158 2999 2202 Stelle und zwecklos prostituiert, nackt vor vielen
2127 2191 3004 2244 Menschen, und schließlich in Veronal Betäubung
2526 2230 3000 2295 — ohne natürlich den
2146 2236 2505 2288 ucht und Tod findet
2130 2274 2579 2320 Vater gerettet zu haben!
2165 2292 3004 2369 Diese schneidende Ironie im Spielen mit dem
2132 2361 2995 2403 Tode durchzieht auch die zweite Novelle „Leut¬
2136 2395 3004 2445 nant Gustl“ die Schnitzler selbst zur Vor¬
2132 2432 2996 2485 lesung brachte. Diesmal war der Saal hell er¬
2932 2470 3004 2520 An
2131 2472 2927 2514 leuchtet. Man sah plötzlich wo man war.
2126 2508 2993 2559 der bekannten Stätte historischer Redeschlachten.
2118 2555 2999 2592 Nur daß diesmal, auf Einladung des Verban¬
2127 2581 3000 2636 des Deutscher Erzähler, alles friedlich
2130 2630 2997 2674 und gedämpft vor sich ging. Nur in den Seelen
2131 2663 2995 2718 der Menschen spielten sich schwere Kämpfe auf
2123 2696 2991 2745 Tod und Leben ab. Indes ganz ohne Pathos,
2131 2742 2995 2785 vielmehr mit jener melancholischen und doch leise
2135 2816 3003 2866 lers Eigenart ist. Ein Leutnant schießt sich tot,
2135 2849 2996 2902 weil er von einem mehr ungeschickten cas bös¬
2137 2889 2994 2939 willigen Rüpel an seiner Offiziersehre gekränk.
2136 2936 2991 2986 worden ist und weil es die Berufskorrektheit ver¬
2131 2968 3001 3018 langt, daß er dieses nicht überlebt. Man spürt
2137 3012 2999 3057 aus der ganzen Art dieser Erzählung die müde
2131 3044 2984 3091 und fatalistische Zeit vor dem großen Weltkriegs:
2124 3080 3004 3132 als in den Gehirnen der Intellektuellen der Wert
2135 3122 2991 3182 eincs Offiziersdaseins als et## höchst Proble¬
2130 3155 3001 3205 matisches erschien, gerade gut genug, sich für
2134 3198 2985 3248 einen Popanz von Ehrbegriff zu verbluten. Auch
2132 3236 2993 3284 hier die feinste, subtilste Analyse von Empfindun¬
2137 3279 2998 3323 gen, wenn auch sich vollziehend am denkbar un¬
2139 3313 2993 3366 ruchtbarsten Objekt. Der Dichter las schlicht und
2129 3354 2997 3398 prägnant und, ohne viel Kunst, immerhin ein¬
2138 3390 2992 3444 prägsam. Lauter Beifall, wenn auch naturgemäß
2132 3468 2993 3506 ner, legte Zeugnis ab, welch warme Sympathien
2135 3500 2997 3548 der Wiener Dichter auch im kühlen Berlin, bei
2128 3540 2996 3603 einer den weiten Saal nebst Tribünen füllenden
2846 3576 3001 3649 F. S. 4
2120 3577 2519 3646 Verehrerschar, genießt.
