3296 4224
975 130 1155 202 Else
307 123 935 195 31. Fraeulein
1345 121 1680 213 box 5/2
1562 473 2131 534 LALSAGE FRANGAISE
653 468 998 533 28 Juiliet 1929
2950 466 3036 538 655
603 564 1791 630 Thomas Mann a plutöl vu dans ce geure un moyen
618 616 1797 674 le traduire cerlaines de ses conceptions encore frag¬
617 674 1796 729 metitaires ou cerlaines de ses idées tonjours si pro¬
603 714 1111 787 Tondement originales.
651 749 1797 838 Nous en dirons presque autant des cuvres de
604 825 1791 880 Stefan Zweig, qui, comme beaucoup de productions
610 876 1803 940 epiques actuelles, tiennent le milieu entre la nouvelle
619 929 896 999 ele roman.
881 1003 1193 1097 T
2719 1486 3094 1560 (Cl. Rev. Rhénane)
2343 1521 2683 1605 Leonhard Frank
1904 1598 3093 1684 ire son amour conjugal, son bonheur et lui donnant
1908 1682 3085 1736 sür son interieur et sur sa Temme, jusqu'a des détails
1908 1722 3085 1788 de la dernière intimité; l’autre s’imprégnant entie¬
881 1708 1520 1822 Mmmamumnummanesessahhmitite
1906 1777 3088 1846 reinent de ce bonheur, le faisant à la longue presque
1425 1800 1795 1871 (Cl. Rev. Rhénane)
1912 1828 3091 1889 siell.,, Puis c’est le retour du celibataire Karl, si bien
1082 1838 1344 1912 Stefan Zweig
1910 1872 3096 1939 inilié à la vie de son camarade qu’il peut se faire
1915 1929 3096 1988 passer pour Jui, qu’il en arrive à s’illusionner Jui¬
664 1949 1805 2010 Nous ne pouvons que hommer ses meilleurs re¬
1912 1984 3087 2041 meine. D’auteur nous montre la jeune femme., dupe
621 2012 1800 2072 eueils, par cxempie: &Amok, Novellen einer Leidens¬
1920 2026 3088 2089 le la supercherie de Karl? Qui oserait T’affirmer?
608 2066 1796 2119 chafb, Ferwirrung der Gefühlen dond le recil: Pingl
1913 2080 3090 2136 mais en lout cas faisant peu à peu le jeu de Karl et
616 2117 1799 2176 qaatre heures de la vie c’ane semme (!) est une fort
1911 2138 3087 2191 reprenant avec lui son ancien amour mis en veilleuse
618 2157 1807 2227 belle nouvelle: c’est bien le moment eritique de la
1912 2185 3095 2238 depuis quatre longucs années et maintenant soudain
613 2211 1797 2263 vie d’une femnne que Tauteur nous présenle: de cette
1913 2221 3097 2287 ranimé, plus conscient, plus compréhensif. Et puis
613 2264 1801 2326 jeune veuve prise sondain d’un intèrei qui va jus¬
1911 2275 3088 2333 c’est la calastrophe: le retour du mari, le terrible
610 2305 1800 2361 gu'au sacrifice pour un joueur anx abois, qu'elle ne
1904 2330 3102 2392 combat interieur qui se livre dans ces ämes frustes,
624 2353 1807 2422 cohlhaft pas, mais qw’elle devine préi à se suieider
1912 2369 3093 2437 mais honnétes et, Finalement, l’héroique résolution
612 2411 1806 2475 apres une forte perte, quselle s’est mis en téte de
610 2466 1802 2517 sauver à tout prix, auquel elle sacrifie, en une nuil,
1948 2470 3096 2560 Tout dans celle nouvelle est finesse ei délicatesse,
615 2505 1793 2567 Fortune et honneur pour Parracher à son mal ei qui,
1916 2534 3096 2592 ei ce sonl malheureusement ccs qualités si impor¬
608 2553 1799 2620 des Taurore, se voil abandonnée. Ces deux caraclères,
1909 2588 3094 2650 tantes qu'elle perd à la scche et à l’écran; car la
614 2616 1788 2674 celui de larfemme en qui s’éveille soudain Pamour¬
1912 2635 3090 2696 nonvelle en elle-méme n’a rien de banal, rien de
616 2656 1799 2724 sacrifice, et celui du joneur invelere que rien, meme
1910 2686 3088 2742 faclice. On sent une émotion profonde, sincère dans
611 2707 1808 2757 Pamour, F’arréte sur la pente fatale, sont rendus avec
1913 2730 3100 2782 cedrame de la vie, entre individus de condition infé¬
615 2769 1803 2822 une telle puissance d’evocation, une telle finesse d’ob¬
1909 2787 3077 2851 rieure; ebcest peut-eire ce qui le rend plus impres¬
610 2808 1807 2869 servalion, qu'ils se fixent à jamais dans la mémoire
1915 2831 3096 2886 sionnant et plus poignant que bien d’autres drames
607 2858 1804 2905 et donnent à la nouvelle un sens humain et une
1898 2884 3090 2943 à grands fracas, parce que d’un bout à l’autre il
606 2907 1799 2973 portée (ir'elle m’avait pas encore eus jusqu'à present.
1906 2930 2963 3007 est vrai; e’estene chose vue, une chose vécue.
667 2959 1805 3008 La houvelle de Lconhard Frank Aurd #l dung est
1957 2990 3099 3064 Arnold Zweig, avec le talent delicat et sensible qui
609 2990 1804 3054 deja trop connne en France par Padaplation sceni¬
1902 3047 3090 3099 le caractérise, a donné à la nouvelie Novelien um
621 3054 1799 3114 que qu'en a faile J.-R. Bloch el par les reproduc¬
1914 3094 3089 3147 Glundia, Gerufeue Schatten un carackère d’intimité
606 3106 1796 3172 Hons cinemalographiques qui Tonl vulgarisée, pour
1908 3143 3095 3213 d’un charme tout particulier. Ce jue Zweig excelle à
610 3159 1805 3221 qweil soit nécessaire de nous y arrêter longtemps.
1914 3195 3086 3251 déerire, ce sonl ccs élats däme au moment d’une
617 3206 1801 3265 Celle cuvre, une des rares nouvelles inspirées par la
1909 3245 3099 3326 erise qui mel à nn le véritable carackère des individus
615 3250 1805 3318 guerre, Traite un sujet qui, à vrai dire, west pas tout
1907 3294 2656 3366 el deeide de loute une existence.
622 3308 1808 3367 a fait nouveau puisqu'il sagit d’un prisonnier de
609 3347 1805 3415 guerre, amt el compagiion de caplivilé d’un autre
1953 3348 3090 3414 Si Arnold Zweig a su exprimer dans ses nouvelles
628 3415 1797 3465 prisonnier de guerre. qui est rapatrié avant son ca¬
1904 3412 3088 3478 celle tendance dominante de notre époque à recher¬
617 3446 1800 3501 marade etqui devient Tamant de la Temme de co
1904 3450 3096 3532 cher jusque dans les plus menus détails ei dans les
616 3498 1803 3562 dernier. Celui-ci revient aussi. Dilemme. Mais il ap¬
1917 3512 3080 3562 nnances les plus delicates ccqui constilue & l’äme 9
616 3558 1790 3619 partenail à un veritable artiste et au fin psycholo¬
1910 3563 3094 3615 d’un étre humain, A. Frey a salisfail par les siennes
618 3601 1795 3663 gue qir'est L. Frank d’éliminer ce que cetheme pou¬
1900 3608 3094 3661 à ce besoin de sensalions raffinées et extraordinai¬
616 3655 1807 3707 vall avoir de mélodramatique pour en faire une
1907 3660 3094 3716 res. de mystérieux et d’excentrique qui sont le propre
616 3705 1448 3776 delicale el forte étude psychologiquc.
1907 3712 3093 3762 de notre temps. Disciple de E. A. Poe, il a pour ainsi
1903 3757 3095 3820 dire eréé la Schauernovelle moderne, la nonvelle qui
663 3756 1805 3817 Frank commence par nous présenter les deux amis
1906 3802 3080 3857 donne le frisson, en groupant dans un mème genre
610 3816 1794 3889 parlant ensemble, s’epanchant, l’un contant à Fau¬
1901 3858 3090 3919 les effets de la ballade à faniômes et les molifs des
1909 3905 3095 3970 romans policiers d’un Edgad Wallace, auxquels il
1907 3962 3081 4033 ajoute cependant certaines observations psychologi¬
649 3957 1577 4035 (1) Traduction Bournac et Hella, chez Attinger.
