3248 4256
174 135 1012 204 31. Fraeulein Else
1195 133 1565 226 box 5/2
357 184 1028 242 # ie Kin In dun dene. din den mene ee e e e e
599 1024 1081 1068 den dund dch vund iund ind dund eid wnd ued iund dn bolt wunt ud de mud wu 1
1303 1021 2082 1078 ALLLLETLLLDETLLLLTLIANAZ
572 1163 1990 1234 DUsr Nei DEs EiVALs
2041 1188 2110 1244 5
492 1264 1986 1321 LUEAALALLLTULLLLAENAADAANHUHENDEAEAETHT
486 1303 2116 1354 GS
435 1372 2128 1439 L’ESCAPADE, par Henri de Régnier (Mercure de France). — PARAV-LE¬
535 1428 2134 1489 MONIAL, par Henri de Régnier (Emile-Paul). — UENFANT PERDU, par
530 1486 1860 1555 Emile Henriot (Plon). — A propos du monologue intérieur.
457 1555 1272 1625 L’Escapade appartient à celte série que
1295 1557 2129 1625 passé et nous peint des gens vifs, actifs,
1298 1616 2128 1664 prompts aux aventures et les menant mé.
410 1607 1267 1656 beaucoup de bens esprits estiment la meil¬
411 1656 1259 1700 deure de M. Henri de Régnier, celle à la¬
1285 1659 1576 1710 ind assez bien.
408 1689 1267 1733 ouelle on doit la Double muttresse ie Bon
1328 1684 2137 1755 II sagit d’une jeune fille, enfant natu.
413 1716 1264 1773 Plaisir les Rencontres de M. de Bréot et
1289 1734 2139 1791 relle d’un homme de bonne maison, mais
411 1771 1261 1811 2a Pécheresse. Pour moi, j’aime trop le
1288 1781 2128 1832 cynique et débauché, et d’une prostituée.
1289 1820 2137 1866 A la mort de son père, qui la faisait élever
410 1835 1259 1884 komme zage, ie Pussé viraut ou le Diver¬
1284 1855 2128 1911 dans un couvent, elle est recueillie par un
411 1879 1263 1933 Assement prorincial pour vonloir établir
1295 1885 2123 1934 sien onele, assez manlaque, et cil’une liaj¬
407 1923 1258 1969 ainsi des divisions dans mon contentement.
1290 1921 2122 1970 son avec une virago autoritaire et sen¬
419 1958 1259 2000 MMais je reconnais cependant que M. de
1289 1962 2125 2011 shelle a pour jamäls guéri de l’amour,
416 1998 1266 2044 Régnier paraft plüs à l'aise et nous sem¬
1287 2010 2125 2048 Anne-Claude de Fréval chez M. de Ver¬
1287 2039 2128 2086 delot, gest un peu Julie de Mausseuil chez
409 2075 1264 2120 pettifs que dans ses romans contemnpo¬
1295 2084 2134 2149 Nicolas de Galandot, mais les événements
420 2113 1217 2159 rains. On dirait mème, si l’on voulait
1290 2119 1695 2178 tournent autrement.
420 2141 1262 2194 regarder de plus près, que ce m’est pas le
1314 2149 2127 2214 En effet, alors que Mile de Fréval, en
417 2187 1265 2229 fhème homme qui ####erit la Peur de
1290 2202 2123 2247 carrosse et seus la conduite de l’homme
413 2218 1266 2266 Pamour et qui ## #erit le Von Ploisir. On
1294 2244 2128 2286 de confiance de M. de Verdelot, se rendait
405 2263 1226 2307 le reconnait bien à son stvle, mais pas
1287 2283 2130 2323 au chatean des Espignolles, une troupe de
406 2294 1263 2345 son humeur. Ses romans modernes respi¬
1291 2322 2129 2366 brigands a attaque son équipage. Un parti
417 2335 1261 2387 rent une sorte de langueur melancolique:
1297 2358 2129 2406 de dragons, survenant fort à propos, à dé¬
412 2364 1263 2432 Jes autres sont animés par une verve
1289 2396 2127 2436 livré la belle jeune fille, mais non sans
427 2418 1252 2464 Seuse st drüg qui va jusqu'à la truen
1290 2437 2128 2479 qwelle ait en se temps-Fachnrer-lerchel
413 2445 539 2510 Jence.
1285 2471 2127 2517 des bandits, qui combattait à gisage dé¬
451 2473 1266 2542 Les héros comtemporains, inadaptés, en¬
1287 2501 2130 2552 coufert avec beaucoup d’audace et de cou¬
421 2531 1269 2579 nuyés, anzleux, trainent une existence
1292 2541 2126 2591 rage. Une fois au chäteau des Espignolles,
416 2572 1258 2616 morne et déconragée; les autres, solides,
1287 2580 2133 2625 elle ne cesse de réver à ce beau garcon,
414 2609 1266 2655 bien à leur place, conduisent leur vie Avec
1291 2618 2123 2660 dailleurs assez bien né et qui a dü quitter
412 2648 1265 2692 bonne humenr et en tirent mille avantages,
1297 2658 2138 2710 armée et se faire tire-laine à la suite d’un
419 2683 1260 2728 tant de plaisir que de vanité, II faut en
1292 2695 2132 2737 duel. Les récits qu’on lui fait exaltent son
420 2725 1256 2770 excepter bien entendu ce hon M. de Ga¬
1295 2733 2129 2773 imagination, non moins qu'une nouvelle
417 2762 1253 2802 Jandot, inais s’il traverse la Loudle mas¬
1286 2770 2124 2820 rencontre qu'elle fait avec lui, un jour on
424 2801 1260 2843 tresse de son vol hésitant de pauvre chau¬
1290 2811 2122 2855 sous un nom d’emprunt et vétu en offleier,
420 2835 1262 2894 ve-souris humaine, les gens, par contraire,
1285 2846 2125 2890 il a demandé à M. de Verdelot Thospitalité
417 2882 1258 2930 qui Tentourent, savent jeuer des coudes
1295 2886 2129 2941 pour une nuit. Et un jour, la jolie fille,
415 2903 1051 2962 et se faire leur place au soleil.
1288 2913 2136 2969 déguisée en garcon, s’échappe à cheval et
460 2941 1260 3003 Le Passé vinauf serait la eief de vonte
1289 2965 2127 3011 va rejoindre le chef de bande dans son re¬
418 2982 1265 3040 de cette ceuvre ambigué: cé roman ou
410 3027 1262 3075 nous sont peintes les aventures d’un jeune
1292 3034 2132 3080 la fill P'un homme dévoré par la débauche
408 3062 1258 3115 désenchanfé, indéris et doulourenx, à qui
1292 3074 1375 3122 6 0
1466 3074 2122 3114 courtisane.) Elle tuc le premier
423 3104 1263 3150 est révélé un joür qu’il porte l’äme d’un
1295 3111 1368 3160 g01
1432 3114 2126 3160 le la troupe qui la serre de trop
419 3144 1259 3188 de ses ancètres du xvir steele, qui essaie
1431 3152 2126 3196 Soffre tranquillement à Jean-Fran.
422 3182 1271 3232 de retrouver à travers hni un pen de la
1431 3185 2129 3238 rordal, dit le chevalier de Breges,
1286 3192 1348 3234 00
419 3221 1261 3284 vie charmante qu'il a perdue nvec son
1428 3227 2127 3285 apitaine Cent-Visages. Mais au len¬
419 3258 562 3309 temnpe.
1285 3266 1334 3312 d
1451 3260 2129 3308 de rette nuit de noces, le bandit
451 3276 1264 3350 Après nous avoir montré dans le Diver¬
1282 3305 1323 3352 1
1412 3303 2132 3352 1 avec sa maltresse ses façons de
419 3328 1259 3382 tissement prorinctal un de nos contem¬
1469 3339 2125 3390 veut la forcer à boire avec lui,
1414 3342 1458 3390 t,
413 3370 1272 3426 porains que l’abus de la solitude et une
1409 3386 2126 3428 e, la menace et finit par s’enivrer.
419 3411 1263 3457 certaine inadoptation foncière à ce monde¬
1397 3417 2129 3459 noment, les dragons cernent le chä¬
407 3445 1261 3495 ei rendent à peu près fen et visionnaire,
1403 3446 2126 3503 u se tapit l’arenturier. Mile de Fré¬
408 3484 1275 3549 M. de Régnier retourne soudain vers le
1384 3484 2124 3550 eveut pas que cet homme, qu'elle a
2158 954 3000 1023 aimné, après tout, tombe vivant entre les
2158 1008 2990 1070 mains de la justice et soit tenaillé et rom¬
2152 1056 2833 1110 pu vif; elle le poignarde et fuit.
2187 1091 2990 1140 Le lendemain soir, elle est de houveau
2155 1119 2995 1181 au chäteau cu M. de Verdelot se lainente
2156 1169 2984 1235 de son escapade et regrette la niece per¬
2146 1201 2237 1256 due
2239 1208 2287 1247 :
2187 1228 3003 1305 Au moment ou M. de Verdeiot ailait
2155 1279 2997 1329 referiner sa tabatière et s’asseoir à la
2159 1321 2991 1382 table, la porte s’ouvrit et Anne-Claude pa¬
2158 1361 2992 1405 rut. A sa vue. M. de Verdelot s’arrête, si
2160 1399 2992 1442 immobile qu’il edt paru mort depuis cent
2153 1438 2991 1488 aus, si le craquement de sa tabatière n’eut,
2161 1473 2997 1522 de son bruit sec, attesté son existence.
2160 1510 2994 1561 Lentement, Anne-Clande s’avança; arri¬
2160 1552 3002 1600 vée à la distance dusage, elle fit à M. de
2161 1589 3000 1640 Verdelot sa révérence habituelle, puis ils
2150 1621 3001 1681 s’assirent en face l’un de l’autre, et enta¬
2152 1667 3003 1714 mèrent les propos ordinaircs. Seulement,
2160 1705 3001 1750 lorsque Harquenin voulut verser du vin
2153 1742 2999 1785 dans le verre d’Anne-Claude, elle fit un
2161 1782 3000 1827 signe de refus et devint si päle qu’on edt
2161 1812 2993 1859 dit qu'elle allait s’évanouir. A cette diffé¬
2163 1856 2990 1900 rence près, elle parla et mangen comme
2152 1880 2990 1937 de coutume. Quand ils eurent fini, qu'ils
2154 1936 2995 1986 eurent passé dans la pièce de compagnie
2160 1971 2994 2022 oft Harquenin allumait les bougies, Anne¬
2151 2010 2992 2062 Clande s’approcha de la table de jei et,
2147 2035 2993 2092 sur le drap tendu, elle répandit les jon¬
2162 2080 2992 2133 chets devant M. de Verdelot, qui, stupéfait,
2151 2120 2993 2165 les yeus écarquillés, la regardait enlever
2152 2162 2992 2204 d’une main süre, un à un, délicatement et
2153 2196 3002 2245 posément, les petits bätonnets d’ivolre dont
2158 2236 3003 2276 les minces fragments semblalent, en une
2152 2276 2996 2332 minuscule allégerie, comme les os brisés
2159 2311 2712 2367 du squelette dé l’Amour. „
2186 2357 2993 2407 Cest sur cette belle image que se termine
2158 2378 2990 2439 ce beau livre. on plutôt, il ne se termine
2148 2434 2995 2474 pas leutekalan-i-dessus.Lasteur a ialt
2155 2467 2993 2509 silivre cette conclusion d’un epilogue od
2147 2502 2997 2547 Von assiste, en 1793, à la mort de Mlle de
2151 2541 2985 2593 Fréval, assassinée par les bandes révolu¬
2153 2578 2998 2622 tionnaires qui succédèrent en quelque sorte
2153 2619 2953 2680 cficiellement à celles que conduisaient
2148 2654 2987 2703 capitaine Cent-Visages, et à une visite du
2157 2690 2943 2738 narrateur aux lieug ou se serait passé
2955 2696 3004 2746 1e
2158 2728 2986 2774 drame, la pelite ville de Vernonces, l’au¬
2158 2769 2992 2812 berge de la Malassise et le chäteau des
2160 2808 2992 2856 Espignolles. Mais, pour ma part, j’eusse
2158 2845 2992 2889 mienx simé demeurer sur l’impression saj.
2154 2885 2990 2927 sissante de cette jeune fille jouant aus
2159 2922 2993 2963 jonchets de cette petite main qui vient de
2155 2963 2992 3008 tuer son amant. Les preuves, en quelque
2154 3000 2996 3040 sorte historiques, que l’auteur nous donne
2154 3035 2990 3081 de son affabulation, affalblissent plutôt
2154 3074 2988 3121 qu'elles ne renforcent cette heureuse im¬
2161 3112 2995 3160 pression de surprise et d’évasion que nous
2151 3152 2987 3190 donne T’aventure de cette Mmne de Maupin
2158 3183 2998 3232 tragique et qui emporte puissamment notre
2151 3225 2985 3267 imagination dans ces années du xviir sie¬
2151 3261 2992 3311 cle dont personne n’a parlé comme M.
2150 3300 2988 3354 Henri de Régnier, avec antant d’art et
2148 3324 2802 3385 autant de connaissance insuitive.
2190 3364 2982 3427 Mais si le ton et les personnages de T’Es¬
2153 3418 2985 3466 capade sont du regne de Louis XV, T’esprit,
2156 3458 2992 3505 mie semble-t-il, en est postérieur; et l’un
2150 3493 2995 3550 des charmes de l’Escapade provient d’a¬
3030 958 3187 1032 voir unf
3026 1023 3188 1071 aventure
3014 1060 3184 1108 au Xvilte
3177 1095 3221 1144 1
3019 1097 3180 1150 brigane
3016 1137 3216 1185 litres. Lu
3022 1174 3210 1226 eté donné
3016 1202 3220 1260 mais dan
3014 1249 3212 1303 antérieur,
3020 1287 3203 1337 sé6 ? En
3027 1318 3212 1375 gands sc
3024 1366 3229 1417 tont 1e XIX
3021 1435 3229 1492 de ressem
3022 1481 3225 1537 guille, l’i
3024 1519 3226 1571 sedes, est
3018 1558 3224 1618 damné, al
3023 1596 3197 1644 a donné
3017 1633 3215 1685 d’etres en
3022 1674 3217 1731 Peu à pei
3016 1711 3228 1764 homme in
3012 1752 3216 1807 comme 16
3027 1784 3201 1837 Melmoth,
3022 1826 3215 1889 Mais est-i
3021 1864 3193 1915 ser tres
3023 1899 3222 1954 Uimmoralt
3013 1941 3219 1997 cadio de 8
3015 1977 3216 2029 de ses Fa
3022 2018 3207 2076 terait in
3021 2050 3214 2127 pour plus
3050 2166 3215 2237 Pülsque
3014 2221 3208 2282 Régnier,
3107 2266 3221 2319 ngur
3012 2268 3090 2314 a i
3014 2301 3217 2358 villes dan
3017 2346 3215 2399 la France
3017 2382 3215 2440 doper. Bie
3012 2426 3217 2480 de Regnie
3014 2462 3207 2513 # à P
3020 2499 3216 2549 de sa mère
3017 2537 3179 2588 aveerun
3016 2573 3173 2636 Emnotion
3015 2616 3200 2673 un röle
3015 2657 3185 2709 malf de
3177 2660 3221 2706 1
3012 2693 3214 2751 peweffase
3015 2737 3229 2789 sentiment
3020 2779 3219 2831 Régnier fi#
3016 2816 3203 2871 ges. Mais
3015 2845 3231 2906 vains exc
3019 2891 3224 2952 vilie 4et-0
3020 2931 3230 2986 1 Mach
3017 2960 3216 3030 GA' 1
3009 3016 3217 3068 nombreuse
3016 3054 3232 3108 nise.? End
3021 3097 3227 3149 Régnier a
3009 3134 3227 3191 Pardy-le-M
3020 3212 3243 3265 et les Vach
3020 3255 3222 3311 jont le ca
3016 3294 3216 3350 dssi sans
3007 3332 3230 3388 Gun accen
3022 3375 3257 3429 vince, Hor
3016 3414 3234 3476 celn oxplig
3017 3453 3224 3503 de réverie
3013 3490 3234 3560 de M. Hem
