3296 4224
80 140 945 225 31. Fraeulein Else
1112 148 1452 241 box 5/4
268 194 803 253 i e e elen
860 206 945 255 —
1247 531 1737 624 Frenztote Brati
573 586 933 686 Zeltung, Presburg
1369 602 1709 677 Pressburg,
641 664 685 725 9
1124 683 1216 751 hane
1429 686 1799 773 Zeitung, esstene
318 762 856 849 Deutsches Theater
1690 767 1755 845 37
132 832 1017 905 Morgen Gastspiel des Theaters in der Josef¬
537 889 636 956 stadt.
204 915 1023 992 Das Theater in der Josefstadt, das infol¬
140 980 1026 1036 ge der Repertoiregestaltung in dieser Spiel¬
152 1028 1021 1075 zeit noch nicht gastieren konnte, wird morgen
1113 972 1949 1106 Theater und Kunst.
139 1070 1016 1122 Montag zuerst seinen überwältigenden Sai¬
151 1112 1013 1170 sonerfolg, das Schauspiel „Fräulein
1270 1092 1806 1175 Heute: Fräulein Else.
141 1152 1018 1204 Else“ zur Aufführung bringen. Ueber diese
1154 1165 1999 1224 Heute, Montag, den 4. Jänner, abends ½8
152 1191 1020 1243 Oramatisierung der Meisternovelle von Artur
1083 1212 1998 1261 Uhr, erstes diesjähriges Gastspiel des Theaters in
144 1235 1018 1303 Schnitzler, die von der Hand Ernst
1149 1255 2002 1313 Josefstadt. Zum ersten Male: „Fräulein
1074 1256 1138 1306 der
143 1275 1024 1330 Lothars stammt, schreibt die Wiener
1085 1289 1999 1347 Els.“, Schauspiel in 7 Bildern nach der gleich¬
151 1323 1025 1377 Presse, daß „das in den Niederungen der
1073 1340 2000 1391 namigen Novelle von Arthur Schnitzler. Bühnen¬
148 1367 1019 1416 Unterhaltungsstücke fortwurstelnde Wiener
1074 1378 1988 1430 bearbeitung von Ernst Lothar. Regie Hans Thi¬
145 1409 1014 1458 Theater, sich mit dieser Aufführung wieder
1074 1423 1998 1477 mig. In den Hauptrollen Hans Homma, Lilia
146 1451 1026 1509 seines Kulturwertes erinnerte!“ Die von
1073 1466 1990 1530 Skalla, Rose Stradner, Frida Richard Erik Frey,
132 1499 1018 1556 Hans Thimig inszenierte Vorstellung wird
1073 1507 2001 1562 Kaspar Brandhofer=Reuß, Maria Hilde, Lina
135 1540 869 1598 gleicherweise als Glanzabend gerühmt.
1073 1551 1990 1604 Woiwode, Maximilian Schulz, Hilde Jägermayer,
192 1570 1016 1638 Selbstverständlich bleibt die Besetzung
1474 1600 1990 1651 Im Abonnement, Serie B.
1074 1599 1361 1652 Leo F. Stöger.
142 1623 1016 1674 dieselbe, in der das Werk bis nun allabend¬
1081 1637 1998 1698 Erhöhte Preise, Theatervereinsermäßigungen gül¬
139 1669 1016 1721 lich zuerst im Josefstädter Theater, dann in
1077 1692 1138 1756 tig.
129 1713 1019 1766 den Kammerspielen derselben Bühne gespielt
136 1752 1014 1801 wurde. Die Titelrolle spielt Rose Strad¬
132 1791 1023 1854 ner, deren Leistung besonders hervorgehoben
143 1840 1016 1897 wird, ihr Partner der Kunsthändler Dorsday
138 1880 1022 1934 wird auch hier von Kaspar Brandhofer¬
135 1933 1017 1981 Reuß gespielt, der durch diese Rolle be¬
139 1960 1026 2020 rühmt wurde. Die Eltern Elses sind Lilia
142 2002 1015 2062 Skalla und Hans Homma, die Tante
133 2055 1023 2107 Emma ist eine großartige Leistung von Frie¬
130 2095 1026 2149 da Richard. Weitere Mitwirkende sind Lina
136 2140 1016 2206 Woiwode, Erik Frey, Maria Hilde,
132 2188 663 2244 Maximilian Schulz usw.
191 2222 1030 2288 Im Abonnement, Serie B). Erhöhte Prei¬
114 2278 997 2368 se die Miglieder des Deutschen Theaterver.
850 2338 998 2420 56/1
115 2349 848 2413 eines haben die übliche Ermäßigung.
903 2810 1363 2957 ERVE
267 2866 361 2972 8
542 2938 1512 3007 L. österr. behördl. konzessioniertes Unternehmen für
843 2982 1228 3039 Zeitungs-Ausschnitte
704 3013 1367 3100 WIEN, I., WOLLZEILE 11
452 3062 488 3114 45
847 3081 1222 3132 TELEPHON R 23-0-43
449 3105 496 3143 15
1124 3105 1497 3179 S
442 3195 490 3244 —2
560 3186 1495 3272 Ausschnitt aus: „NEUES WIENER JOURNAL“
388 3261 437 3322 5
304 3250 347 3337 90
263 3286 462 3376 2
455 3396 491 3447 15
557 3417 661 3480 vom:
290 3423 361 3474 de
431 3677 1520 3792 Am Stadttheater in Preßburg gelangt morgen als
284 3669 1517 3823 Ensemblegastspiel des Theaters in der Josefstadt Arthur Schnitzlers
323 3748 1522 3857 „Fräulein Else“ (in der Bearbeitung Ernst Lothars) zur Auf¬
276 3755 1509 3903 führung. In den Hauptrollen sind die Damen Hilde, Richard, Skalla,
314 3821 1515 3946 Stradner, Woiwode und die Herren Brandhofer=Reuß, Frey, Brebeck,
309 3856 1218 3967 Homa und Schulz beschäftigt. Regie: Haus Thimig.
2159 823 2959 923 GBSERVER
2249 903 2910 972 I. österr. behördl. konzessioniertes
2212 950 2933 1026 Unternehmen für Zeitungs-Ausschnitte
2288 1004 2867 1075 WIEN, I., WOLLZELLE 11
2348 1065 2794 1127 TELEPHON R-23-0-43
2156 1188 2519 1270 Ausschnitt aus:
2279 1314 2923 1442 Greazhote. Bratislata-Prenburt
2160 1419 2282 1487 vom:
2570 1530 2966 1647 6. JAN. 1937
2160 1664 2969 1775 Theater und Kunst
2969 1754 3018 1807 8
2534 1762 2568 1814 K
2398 1807 2809 1898 Fräulein Else
2212 1878 2983 1959 Gastspiel des Theaters in der Josefstadt.
2215 1931 3030 2008 Aus der Novelle Arthur Schnitzlers, die zu
2157 1977 3025 2037 den vielgelesensten und meffterlschsten“ gehörte,
2160 2026 3020 2076 viel gelesen, in einer Zeit, die sich zu der heuti¬
2156 2063 3035 2118 gen verhält, wie etwa ein Walzer zum Step, hat
2166 2104 3017 2153 Ernst Lothars bekannte Theaterhand ein Schau¬
2165 2149 3030 2199 spiel geformt, das reich an Effekten, fest im Bau
2165 2183 3029 2236 und gestrafft in der Handlung, dem Theater gibt,
2161 2229 3024 2273 was des Theaters ist, ohne dabei zuviel von der
2170 2257 3026 2311 Atmosphäre zu verlieren, die Schnitzlers „Fräu¬
2161 2298 3017 2348 lein Else“ zur Schulnovelle gemacht hat. Man
2162 2340 3022 2396 soll sich jetzt nicht fragen, was heutig, was noch
2155 2389 3020 2439 wahrhaft und real möglich an dieser Handlung
2159 2427 3030 2479 ist, ob die Tragik des Wiener Fräuleins aus der
2152 2454 3032 2508 guten Gesellschaft auch heute noch bis zur
2163 2501 3034 2543 Veronallösung führen würde und ob es
2428 2532 3031 2591 kapable Genießer gibt, wie
2164 2540 2387 2596 noch solche
2155 2578 3020 2633 diesen draufgängerischen Antiquitätenhändzer
2987 2613 3036 2657 in
2812 2619 2849 2664 900
2163 2620 2811 2668 Dorsday, der vom Kunsthandel
2161 2653 3035 2700 eine theatralische Selbstüberhebung getragen, ein
2168 2696 3031 2743 Vermögen dafür bezahlt, um sein siedendes Blut
2165 2735 3025 2778 mit dem bloßen Anblick eines nackten Mädchens
2157 2772 3016 2829 abzukühlen, (man benötigt zur Zeit für solche
2158 2813 3018 2855 Abkühlungen meist viel stärkere Mittel), man
2161 2845 3033 2902 soll die Aufführung genießen, die dramatische
2158 2889 3018 2937 Spannung die gegeben ist, und das Spiel, das
2163 2969 3026 3019 von der Josefstadt in sieben Bildern geboten
2158 3012 3021 3061 wird. Rose Stradner als Else, ein Mädchen vol¬
2166 3045 3023 3090 er Verhaltenheit und Unberührtheit, angekrän¬
2157 3086 3017 3142 keit von dem Milieu, das schon damals als
2170 3133 3018 3184 „Fräulein El'e“ in Buchform erschien, geseil¬
2166 3168 3019 3218 chaftlich ein fragmentari'ches war, steht mit
2159 3202 3029 3252 ihrem herrlichen Nervenspiel, mit ihrem herben
2166 3247 3017 3290 Mäschenzauber und Mut an der Spitze des En¬
2168 3277 3024 3333 embles. Dem Dorsday gab Brandhofer=Reuß
2155 3320 3020 3367 (der Schauspieler, den seine Bauernbartaffäre
2147 3360 3026 3414 zur Position verhalf), die eckige Gelenkigkeit
2160 3405 3008 3443 eines Kapitalssnobe, hartes, sich selber bewun
2155 3437 3024 3492 derndes Mannestum, jeder Zoll ein Kerl, der sich
2159 3478 3013 3520 übermenschlich gefällt. Frida Richards alte Tan¬
2160 3519 3017 3571 te, Erich Freys Dr. Paul, Lilian Skallas wun¬
2155 3552 3015 3601 derfeine Mütterlichkeit, Marie Hildes Eleganz
2148 3589 3017 3636 sind zu nennen, ganz besonders aber in seiner
2151 3634 3010 3684 einmarigen Szeue Hans Homma, als der Rechts¬
2157 3667 3010 3721 anwalt edler Gesinnung, den die Opferfreudig¬
2155 3711 3012 3752 keit und Menschlichkeit an dein Abgrund heran¬
2147 3748 3016 3794 treibt. Ein seltener Fall, das die Dramatisierung
2154 3789 3018 3830 eines Prosawerkes so bühnenfest und theaterstark
2146 3825 3005 3871 zu wirken vermag. Hier war er gegeben, wohl
2153 3871 3008 3915 auch durch=die glänzende Besetzung, für die sich
2156 3909 3014 3955 das volle Haus mit wiederholtem Beifall be¬
2136 3932 2271 4000 dankts.
2923 3944 2984 3998 H.
