3392 4256
305 45 1173 102 Doch ware dies ohne weiteres möglich geweseh.
311 98 1168 142 Um so mehr, als Paul Czinner ein Aufnahme¬
308 144 1178 190 techniker zur Seite stand, der, selbst schöpfe¬
306 178 1181 230 risch, wiederholt bewiesen hat, daß er das
303 225 1168 278 Vokabular der Filmbildersprache vollendet be¬
304 260 1174 315 herrscht: Karl Freund hätte mit unzähligen
310 310 1171 357 interessanten Einstellungen (die übrigens der
319 350 1175 411 Film auch in seiner vorliegenden Fassung auf¬
316 402 1170 456 weist) subjektiv =psychische Vorgange (also
317 438 1173 499 Fräulein Elses Ich=Gedanken) obar gemacht.
349 485 1169 534 Czinner schälte aus „Fräulein Elses“ Er¬
316 537 1170 579 innerungsaufzeichnungen die geradlinige Hand¬
310 566 1184 620 lung, die im Film chronologisch entwickelt
309 608 1182 658 wurde: Damit war ein Vorteil gesichert: die
309 647 1178 698 Gestalten um Fräulein Else gewannen scharfe
314 694 1186 742 Konturen. Man verfügte über Rollen, nicht
319 742 1177 792 bloß für Elisabeth Bergner (die in ihren jüng¬
313 780 1184 836 sten Filmen fast nur noch Solo spielte), son¬
323 828 1177 872 ern auch für die anderen: für Bassermann
314 866 1185 914 uno Steinruck. Die ersten Akte des Films, die
327 905 1184 955 lüchtig Fräulein Elses fröhlich=kindhaft=reines
321 953 1184 1003 Wesen zeichnen, füllt die Tragödie des mate¬
321 993 1173 1041 riell, physisch und seelisch zusammenbrechenden
314 1041 1176 1093 Vaters, des Dr. Thalhoff, die Albert Basser¬
319 1081 1182 1127 mann, ein Meister der stummen Übergange
313 1120 1186 1180 auch auf der Bühne, ergreifend gestaltet. Ihm
311 1145 1178 1215 assistiert, als stets mit=optimistisch gewesene,
315 1219 1190 1267 von Enttäuschung und Unglück nun schwer
317 1244 995 1308 mitbetroffene Gattin, Else Heller.
354 1285 1178 1339 Wenn sich der Abblendungsvorhang über
323 1337 1178 1392 diesen Abschnitt der Handlung gesenkt hat,
323 1376 1184 1425 dann erst tritt Fräulein Elses Drama in das
322 1421 1186 1471 entscheidende Stadium, dann hebt die Schick¬
322 1465 1184 1520 salstragödie des Mädchens an, das aus dem
318 1505 1182 1566 Traum harmloser Winterfreuden zu bös¬
322 1551 1181 1597 artiger Wirklichkeit erweckt und dem eine
320 1591 1189 1641 Mission übertragen wird, deren Schwere die
328 1639 1187 1697 zaxte Seele drückt und an deren ganz unvor¬
317 1680 1190 1725 hergesehenen Folgen das junge Leben zer¬
324 1717 1190 1771 bricht. Bassermann schon rückt alles Seelische
335 1770 1188 1819 ichtbar ins Filmbild. Elisabeth Bergners
329 1811 1184 1857 Antlitz jedoch ist Seelenspiegel, alles Korper¬
328 1852 1191 1899 liche an ihr wird zur Seelensubstanz, jeder
320 1901 1191 1952 Blick reflektiert tiefste Empfindung. Wenn
324 1941 1192 1986 manchmal der Verdacht des Virtuosentums in
322 1983 1186 2030 dem Beschauer aufkommen will, zerstreut ein
337 2029 1184 2087 anfter Schimmer, der Elisabeth Bergners
323 2071 1192 2122 Gesichtszüge verklärt, oder ein Lacheln, das
328 2115 1195 2165 der eben von schmerzlichen Zucken erlöste
330 2150 1196 2204 Mund gebiert, oder eine ganz ursprüngliche
329 2205 1182 2255 Bewegung des gaminhaften Leibes alle Be¬
335 2240 907 2294 denken und Verdachtsmomente.
374 2280 1186 2339 Die Bergner hat eine virtuose Seele, ein
337 2327 1184 2381 reiches Register der Gefühle —, kalte Artistik
329 2372 1188 2422 kann niemals solche Verinnerlichung vor¬
336 2410 1190 2465 täuschen. Im Film auf keinen Fall! Albert
333 2454 1185 2527 Steinrück als der genießerische Herr von
335 2492 1196 2552 Dorsday, der unmittelbar Fräulein Elses Tod
338 2540 1192 2597 verschuldet, erwacht als Schwarz=Weiß=Figur
334 2590 1187 2636 noch einmal zum Leben, zu einer Fülle von
329 2631 1193 2684 Leben und Echtheit. Adele Sandrock, eine
337 2668 1183 2726 wienerische alte Tante, wie sie im „High Life“
329 2692 1198 2762 im Buch der guten Gesellschaft verzeichnet ist.
336 2755 1197 2823 Jack Trevor in der passiven Rolle des Paul
342 2802 1198 2858 hat zumeist bloß von Reizen schweizerischer
338 2841 1202 2897 Landschaft und von den Resultaten sportlicher
338 2889 1199 2940 Leistung begeistert zu sein. Das macht er
338 2939 522 2994 scharmant.
373 2964 1200 3034 Der Regisseur Paul Czinner als Dirigent
336 3015 1199 3081 des Prominenten=Orchesters und insbesondere
391 3057 1198 3113 in den essentiellen Szenen — der Solistin
340 3102 1192 3156 Elisabeth Bergner, beweist Geschmack und
344 3144 1202 3199 sicheren Blick für alles Naturgemäße. Jede
345 3187 1199 3250 Passage hat Sinn und Inhalt und jene Bild¬
344 3227 1196 3288 folgen, in denen Fräulein Else in Angst und
344 3276 1200 3337 Bangen den Spuren des Herrn von Dorsday
333 3332 1196 3384 nachgeht, um ihm das erniedrigende Anliegen
333 3360 1192 3419 um Geld für den Vater vorzubringen, sind
337 3402 1201 3463 geistvoll aufgebaut. Der literarisch künstlerische
334 3446 1208 3503 Wert des neuen Schnitzler=Bergner=Films ist
331 3489 1191 3539 ein unbestritten hochgradiger. Das Publikum,
342 3547 1215 3600 das bei der „Concordia“=Aufführung den Vor¬
336 3578 1194 3650 gängen des Films mi Ergriffenheit folgte,
337 3623 772 3688 weiß ihn zu wurdigen.
697 3654 1159 3739 Friedrich Porgys,
1620 112 2482 181 31. Fraeulein Else
2649 114 2998 199 box 5/3
2538 759 2719 867 F 37.
1804 814 1874 882 M.
1824 880 2809 968 ARGUS SUISSE ET INTERNATIONAL
2048 946 2585 1007 DE LA PRESSE S. A.
1957 1003 2674 1052 23. rue du Rhöne — Genéve
1822 1026 2808 1100 Adr. télégr.: Coupures-Genève — Téléph. 44.005
1837 1139 2803 1205 Bureau International de coupures de journaux
1954 1180 2693 1236 Traductione de et en toutes langues
1856 1302 2797 1368 Correspondants danz toutes les grandes villes
1832 1420 2232 1500 Extrait du Jeurnal:
1844 1531 2017 1596 Adresse:
2176 1537 2215 1615 16
1844 1629 1951 1689 Date:
2260 1618 2307 1708 —
1924 1750 2793 1832 „Vrient“. Es gibt noch Erlebnisse! Was will
1888 1797 2799 1877 fe Diskussion um den stummen Film besagen,
1884 1861 2791 1913 venn Werke wie 2Das Drama von St. Moritz“
1878 1897 2803 1945 verliegen? Hier haben wir den Beweis für die er¬
1873 1931 2793 1990 habene Mission des wortlosen Films, den die
1881 1972 2792 2032 Kunst Elisabeth Bergners in Schnitzlers zFräu¬
1878 2010 2785 2069 ein Elseg belebt. Seit ihrem -Geiger voll Florenz“
1847 2039 2793 2110 Tsahen Wir sie nicht mehr auf der Leinwand, und
1853 2090 2791 2140 nnun bietet sie eine über alle Massen ergreifende,
1859 2129 2794 2176 vertiefte und lebendige Darstellung der Jjungen
1848 2170 2786 2224 Rechtsanwaltstochter, die eine Variation des
1868 2206 2778 2257 Schicksals der Lady Godiva durchmacht. Elisa¬
1874 2248 2779 2293 beth Bergner nimmt unter den Stars der Lein¬
1874 2288 2774 2325 wand insoferne ine Sonderstellung ein, als sic
1877 2323 2797 2364 überhaupt keine repräsentative Kunst -im-einne
2420 2356 2779 2399 womit sie mit Jan¬
1874 2356 2408 2408 der Schauspielerei bietet —
1872 2397 2785 2441 nings die obersten Bezirke der Filmdarstellung
2144 2432 2780 2483 sondern weil ihre Gestalt dieser
1872 2434 2138 2488 beherrscht —
1873 2473 2777 2520 Else Thalhof ein Korrelat der Seele ist, deren
1874 2509 2783 2560 feinsten Regungen auch der Beschauer mit ange¬
1867 2548 2783 2601 spannter Teilnahme nachgeht. Dieser eine deutsche
1874 2593 2791 2634 Film wiegt hinsichtlich der Erscheinung seiner
1878 2623 2781 2684 Holdin so ziemlich alles, was uns stwa seit zGe¬
1881 2660 2786 2716 brochene Blütens der Lilian Gish begegnet ist,
1869 2710 2779 2751 auf. Was aber bei der Amerikanerin doch immer
1877 2740 2783 2800 raffinierte Retouche ist, zeigt sich hier als klare,
1877 2791 2777 2834 scheinbar in einmaligem Lug gelungene Zeich¬
1868 2822 2783 2868 nung eines Charakters, der, wenn man bedenkt,
1880 2860 2784 2909 dass nur das Visuelle wirksam ist, von einer ver¬
1881 2895 2779 2946 blüffenden Genauigkeit der Wiedergabe ist. Sc
1877 2936 2793 2986 kann es nicht ausbleiben, dass man namentlich
1870 2973 2783 3020 im zweiten Teil des in St. Moritz aufgenommener
1878 3071 2795 3143 Films von dieser Kunst der Bergner, das Zer¬
1879 3140 2793 3181 brechen einer Jungmädchenseele zu offenbaren,
1881 3165 2797 3221 gebannt bleibt. In vornehmer Reserve hält sich
1880 3205 2793 3257 der inzwischen gesterbene Albert Steinrück als
1880 3241 2795 3294 Herr von Dorsday, dessen Forderung das Ende
1880 3287 2785 3333 eines jungen Lebens beschwört, und er gibt da¬
1874 3317 2798 3371 mit der Bergner für ihr Spiel volles Licht. Die
1877 3361 2800 3408 Regie Paul Czinnerskonzentriert sich auf den
1879 3394 2793 3454 dramatischen-Schlusseffekt, lässt im ersten Teil,
1882 3444 2797 3492 der den Zusammenbruch Thalhofs schildert,
1880 3475 2791 3527 etliche Längen zu, trifft aber die typisch Schnitz¬
1875 3521 2257 3591 lersche Atmosphäre.
2804 2052 2849 2102 0
