3248 4224
1131 140 1474 218 box 5/1
95 144 943 235 31. Fraeulein Bise
937 477 1240 541 assemit uur.
867 512 1321 610 Vorwärts, Berlin
611 834 1522 957 Der verhinderte dichter.
888 935 1259 1021 Von Else Kolliner.
556 1001 1659 1057 Arthur Schnitzler hat vor kurzem eine neue Novelle „Fräulein
476 1045 1665 1103 Else“ veröffentlicht. Diese Novelle ist eine vollkommen feelische
482 1089 1664 1136 Photographie, hinter der wie auf einer medialen Platte als zweite
478 1131 1533 1178 Gestalt die Züge des verhinderten Dichters sichtbar werden.
557 1171 1664 1230 Arthur Schnitzler hat sich ein Leben lang die bürgerliche, viel¬
480 1215 1663 1258 mehr die Wiener südisch=bürgerliche Welt, seine Welt und die an
489 1256 1665 1307 hrem Rande lockenden Abenteuer vorgenommen. Er litt an ihr, er
486 1296 1668 1342 rebellierte gegen sie, aber er blieb in ihr stecken. Er bekämpft den
487 1331 1662 1380 Salon mit der Mentalität des Salons — Salon als Atmosphäre, die
490 1367 1661 1414 nich das Ordinationszimmer der berühmten Aerzte, die Caféhäuser,
484 1408 1667 1454 die freie Natur parfümiert. Vielleicht erfüllte sich damit der Fluch
492 1454 1664 1497 eines Erfolges, denn hier fand Schnitzler das Publikum, das jede
485 1487 1670 1533 leifeste im Dialog versenkte Andeutung verstand, das Publikum, das
483 1526 1668 1577 ihm immer wieder Modell saß. Selbst seinen Aristokraten merkt man
479 1559 1670 1616 den Verkehr mit den gebildeten Juden an. Diese Gesellschaft, also
489 1613 1673 1650 anscheinend ohne Grenzen in andere Schichten übergehend, in die
483 1646 1672 1685 große Welt, in den Bezirk des kleinen Mannes, war in allem
492 1679 1676 1727 Dynamischen ganz eng. Es gab keine starken, keine ungebrochenen
486 1716 1671 1759 Impulse, keine unbürgerlich groß:, nur eine antibürgerliche, an ihre
491 1749 1670 1802 Antithese gebundene Leidenschaft. Da Schnitzler an dieser Welt litt
487 1793 1674 1839 und doch den Weg ins Freie nicht fand, blieb ihm nur das Aus¬
484 1838 1669 1892 weichen in eine schmerzliche Ironie — Rationalisierung und ihre
566 1894 1663 1955 Warum sich das Künstlerische, das Dichterische, die menschliche
487 1946 1672 1992 Feinheit in Schnitzler nicht bis zur reinen Dichtung steigerte, in seinen
484 1989 1669 2034 Theaterstücken nicht und nicht in seiner Epik, wird deutlich, wenn
491 2028 1673 2069 man ihn neben einem anderen Oesterreicher, neben Stifter sieht.
491 2061 1673 2109 Stifter brachte nicht wie Schnitzler das Typische einer Gesellschaft
485 2108 1664 2154 # dem ihr eigenen Maß an Menschlichkeit in Konflikt, sondern
490 2147 1674 2191 aus einer wunderbar gesammelten Tiefe drang der menschliche Ge¬
490 2174 1674 2226 halt in typische Erscheinungsformen. Der kleinbürgerlich lebende
485 2225 1673 2268 Stifter hat sein inneres Bild zu Gestalten der verschiedensten sozialen,
696 2260 1668 2304 nationalen, geographischen Lebensflächen verdichten
494 2260 696 2309 zeitlichen,
485 2293 1674 2340 konnen. Bei Schnitzler würde jeder Uebertritt über die Grenzen
492 2334 1669 2380 seiner Welt aks Kostümierung empfunden werden. Stifiers Menschen
487 2374 1679 2419 können aus der Natur, in die sie gebettet sind, nicht herausgelöst
492 2405 1680 2453 werden. Sie wachsen fast aus ihr zusammen. Bei Schnitzler ist die
493 2438 1678 2495 Umgebung Literatur und jeden Augenblick gegen eine andere Vedute
486 2481 962 2538 des Salons auswechselbar.
573 2515 1680 2574 Schnitzler kannte noch die Generation, von der authentische
492 2560 1679 2604 Aussprüche wie: Liebesheiraten sind gegen die Natur, sich in der
492 2600 1671 2649 Uieberlieferung erhalten haben. Diese Generation bestiminte auch
499 2644 1669 2690 noch das Maß der Auflehnung gegen sich selbst. Was man damals
497 2676 1685 2722 als künstlerische Lösung der Atmosphärenspannung empfand, weil
492 2714 1683 2761 diese Gesellschaft das „Geistreiche“ züchtete, um rebellische Kraft zu
489 2753 1673 2800 zerweichen, war undichterisch, weil es nur negierte und keine eigene
504 2789 1667 2836 tarke Welt entgegensetzte: Wenn Schnitzler Menschen und Situa¬
502 2835 1681 2877 tionen bildete, wurden sie nicht auf das überzeitlich Gültige bezogen,
504 2872 1680 2914 ondern das überzeitlich Gültige wurde ihnen angepaßt. Schnitzler
500 2912 1676 2958 hat sich im Grunde nie entwickelt. Seine Probleme sind nie tiefer,
498 2948 1670 2993 nie aufwühlender geworden, er hat sie nur varüiert und kombiniert.
503 2981 1679 3036 Nie hat er sich von der sentimental=sinnlichen Erotik befreien können.
493 3020 1317 3090 Eine gehaltarme Zeit, eine gehaltarme Schicht.
570 3053 1676 3118 Auf den ersten Blick könnte man glauben, Schnitzler habe, wenig
507 3112 1678 3161 hrgeizig, in „Fräulein Else“ den „Leutnant Gustel“ ein Pendant
500 3150 1679 3196 in derselben Technik geben wollen. Auch in „Fräulein Else“ muß
495 3187 1684 3241 man den Faden der Aktion, den Konflikt aus der Aufzeichwing des
499 3222 1677 3268 Denkprozesses rekonstruieren, auch hier handelt es sich um eine
501 3256 1685 3305 Handlung gegen den Ehrenkodex, diesmal gegen den weiblichen.
500 3301 1685 3347 Aber „Leutnant Gustel“ steht künstlerisch viel höher, gerade weil die
505 3334 1684 3384 Technik nicht zu der lückenlosen Totalität der Wiedergabe entwickelt
497 3379 1552 3428 ist und der Stoff dem allgemein Menschlichen näher kommt.
583 3415 1677 3471 „Fräulein Else“ ist der Typus der Wiener Jüdin, gegen die der
500 3464 1679 3516 Lokalantisemitismus die Waffen streckt. Die physischen Unterschiede
499 3501 1683 3554 sind ausgeglichen, man hat von der gemeinsamen guten Erziehung
501 3548 1679 3586 wahrscheinlich noch mehr profitiert als die arische Altersgenossin,
509 3576 1685 3623 man treibt Sport und gibt sich wie eine kleine Königin. Zu diesem
498 3617 1676 3659 Typus, dem Typus einer abgelaufenen Zeit (Schnitzler datiert die
508 3659 1679 3706 Erzählung auch 30 Jahre zurück) gehört die Ueberbetonung der Un¬
505 3689 1689 3742 nahbarkeit und des eigenen Wertes, das Entzünden der Wünsche
502 3735 1677 3782 und die eigene Kälte, die in lichten Augenblicken ihre Rigidität feind¬
514 3768 1417 3816 eiig betrachtet, ohne ihr doch entrinnen zu können.
586 3798 1689 3864 Fräulein Else also mit der unterminierten Psyche wird von
509 3845 1685 3903 ihrer Mutter in einem Expreßbrief mitgeteilt, daß ihr sehr be¬
1695 816 2880 868 wunderter Vater Mündelgelder veruntreut hat. Es bleibt, um ihn
1702 867 2884 912 vor dem Zuchthaus zu bewahren, nichts mehr übrig, als Eises Ver¬
1698 899 2877 948 mittlung bei einem Freund des Hauses, der den Sommer im selben
1705 936 2875 982 Hotel genießt wie Else und ihre Tante. Er ist bereit, die Summe
1699 977 2873 1024 rechtzeitig abzusenden, wenn e das Mädchen unbekleidet sehen darf.
1697 1013 2885 1054 In verzweifeltem Trotz wäh sie den vollbesetzten Musiksaal als
1699 1054 2874 1096 Szene und trinä im ersten Augenblick des Alleinseins das vorbereitete
1708 1093 1858 1141 Veronal.
1775 1136 2885 1187 Dieser Stoff wäre außerhalb des kleinen Kreises, in dem er sich
1706 1178 2884 1225 abspiell, so kaum denkbar. Es ist die Mentalität einer absterbenden,
1708 1212 2889 1262 vom zentralen Kräftepunkt weit entfernten Gesellschaftszelle, nicht
1708 1251 2884 1298 erschütternd, weil jedes Licht einer Erlösung in das Allgemein¬
1886 2493 1924 2554 2
2699 2523 2737 2588 *
2545 2568 2601 2618 2
1745 2554 1786 2623 *
2621 2571 2691 2625 6
1847 2707 2754 2776 Stinnes jun.: „Die verfluchte Stabilisierung!“
1718 2859 2893 2923 menschliche fehlt, nur quälend, nur drückend. Das „Sichselbst¬
1720 2913 2896 2964 bewahren“ wird ein Trieb von so ungeheuerlicher Uebertreibung,
1712 2954 2893 2995 daß er in sein Gegenteil umschlägt. Die gesellschaftliche Ueberlegen¬
1727 2991 2889 3050 heit der vielbegehrten jungen Dame bricht zusammen, weil sie keine
1716 3036 2238 3090 menschliche Ueberlegenheit ist.
1800 3054 2888 3123 Man könnte die Technik dieser Gehirnphotographie neu nennen
1722 3112 2897 3164 weil ein so lückenloses Nacheinander der Gedanken mit allen letzten
1721 3155 2896 3198 Abirrungen, mit dem Durchschimmern der unbewußten Regungen
1723 3192 2890 3244 noch nicht dagewesen ist. Es ist die Technik der psychoanalytischen,
1732 3232 2901 3279 reien Assoziation auf Grund der Freudschen Erkenntnisse. Aber
1726 3254 2898 3311 Schnitzlers musischer Takt trägt die wissenschaftlichen Forschungs¬
1720 3305 2895 3348 resultate nie dick auf. Trotzdem ist diese wissenschaftlich hochein¬
1723 3345 2887 3392 schätzbare Technik, se sehr sie sich mit dem ununterbrochenen Ablauf
1721 3380 2887 3423 deckt, die Spannung in kurzen gläazend gefügten Sätzen immer
1732 3420 2889 3466 ester und fester anzuziehen weiß, doch nur eine literatenhafte und
1723 3458 2902 3507 keine dichterische Technik. Ein physiologisch=epischer Sketsch, nicht
1725 3499 2895 3549 weil der Stoff kraß, sondern weil dieser krasse Stoff nicht dichterisch
1723 3540 2896 3583 gewendet ist. Die Psychologie entwickelt wie an einer Kette Glied
1719 3575 2890 3625 um Glied. Die dichterische Gestaltung bestrahlt aus einem seelischen
1732 3613 2896 3660 Brennpunkt die inneren Vergänge, sie arbeitet plastisch und nicht
1721 3652 2902 3701 linear. Auch die ungesunde Ichbetontheit könnte Brennpunkt sein,
1721 3688 2903 3736 wenn sie mit der gesunden Welt zusammenstoßen, gerettet oder an
1727 3717 2898 3769 ihr untergehen würde. In Fräulein Else identifiziert sich die Form
1726 3767 2902 3812 nock, mit der Ichbetontheit. Der Denkbericht ist hier nicht bloß die
1723 3803 2906 3849 aktuelle Zuspitzung der Brief= und Tagebuchnovelle; er ist die letzte
1717 3831 2928 3898 Stufe der Egozentrizität, wo Welt, Leben und Dichtung aufhören,
