3248 4384
1297 180 1650 284 box 5/4
262 184 1133 262 31. Fraeulein Else
1640 812 1730 885 65
991 814 1559 965 SSERVE!
764 914 1732 1018 L. österr. behördl. konzessioniertes Unternehmen für
1057 978 1438 1055 Zeitungs-Ausschnitte
577 991 661 1096 *
918 1014 1588 1122 WIEN, I., WOLLZEILE 11
503 1061 580 1124 8
644 1087 715 1150 33
1056 1083 1450 1176 TELEPHON K 25-0—12
782 1175 1749 1296 Ausschnitt aus: „NEUES WIENER JOURNAL“
1265 1412 1349 1536 70
1737 1660 2631 1770 Frantem=eist.
1574 1756 2779 1871 Artur Schnitzlers Meisternovelle als Drama.
1372 1837 2964 1941 Artur Schnitzlers fesselnde Novelle „Fräulein Else“ war bekanntlich ein außerordentlicher
1375 1899 2966 1978 Bucherfolg; das Werk wurde in sast alle Weltsprachen übersetzt. Nun hat Hofrat Ernst Lothar
1378 1937 2955 2019 diese psychologisch so interessante Erzählung zu einem Bühnenwerk umgestaltet, das Mittwoch
1385 1974 2968 2060 den 2. Dezember im Theater in der Josefstadt zur Uraufführung gelangt. Wir veröffentlichen
1381 2048 2969 2104 in nachstehenden die große dramatische Szene aus dem dritten Bild des Stückes. Der Schau¬
1378 2053 2969 2144 platz ist die Halle eines Dolomitenhotels. Auf der Szene stehen sich Herr Dorsday und Fräulein
1375 2096 2967 2188 Else gegenüber, die den reichen Antiquitätenhändler ur ein Darlehen für ihren Vater
2069 2156 2282 2226 gebeten hat.
1884 2188 3075 2276 wiedersehen kann oder auch nicht, die ich alfo, wenn der Papa
1400 2223 1876 2298 Dorsday (weicht zu¬
1892 2247 3079 2332 den Prozeß Erbesheimer nicht gewinnt, zum Fenster hinaus¬
1296 2281 1867 2348 rück, dann stellt er sich ihr):
2066 2293 3051 2369 Sie verlangen das um Ihrer schönen Augen willen —
1897 2312 2002 2382 werfe
1301 2330 1878 2393 Sie sehen mich an, als ob ich
1905 2323 3089 2435 gut. Und ich verlange, diese schönen Augen und — diese Schön¬
1302 2375 1829 2441 verrückt wäre. Zugegeben
1903 2384 3090 2472 heit wenigstens zu sehen. Mein Preis ist billiger. Ihrer teuer.
850 2409 1142 2495 Artur Schnitzler
1306 2422 1876 2495 zugegeben — ich bin es viel¬
1905 2431 3089 2521 Ihre Verachtung ist im Preis mitinbegriffen. Anderes verlange
686 2478 1872 2550 leicht ein wenig, denn — es geht ein Zauber von Ihnen aus,
1912 2479 3094 2568 ich nicht und — anders tue ich es nicht. Mein Zimmer liegt im
682 2520 1879 2595 Else, den Sie vielleicht selbst nicht ahnen. (Dringend.) Sie müssen
1901 2542 2437 2642 gleichen Stock wie das Ihre.
685 2572 1690 2651 fühlen, Else, daß meine Bitte keine Beleidigung ist!
2003 2586 2502 2663 Else: Sie sind verrückt!
802 2602 1880 2688 Else (zwischen den Zähnen): Ihre Bitte !... Daß Sie sich
2000 2612 3103 2704 Dorsday: Möglich, sogar wahrscheinlich. Seien Sie
688 2664 1656 2742 nicht schämen, das Wort in den Mund zu nehmen!
2003 2670 3106 2751 darüber froh! Nur ein Verruckter (Gebärde) bläst sechzig¬
1911 2687 2009 2763 doch
797 2689 1883 2788 Dorsday: Ja, ich sage „meine Bitte“! Wenn sie auch
1909 2713 3100 2805 tausend Schilling von der flachen Hand. Bringen Sie mir doch
696 2760 1890 2831 in Ihren Augen — es ist meine Gewohnheit, die Dinge nackt
2007 2769 3100 2855 zum Bewußtsein, wie verrückt ich bin! Antworten Sie mir
1909 2799 2004 2857 nicht
696 2798 1881 2882 beim Namen zu nennen — einer Erpressung ähnlich sieht. Aber ich
1999 2814 3110 2892 nicht gleich. Ueberlegen Sie. Auf eines mache ich Sie aber
1907 2847 1987 2906 jetzt
696 2847 1895 2927 bin kein Erpresser, ich bin nur ein Mensch, der seine Erfahrungen
1916 2858 3100 2944 aufmerksam. Entweder — oder. Ein Kompromiß gibt es bei mir
701 2899 1892 2974 im Leben hat — unter anderem die, daß alles auf der Welt seinen
2036 2931 2325 2993 Er will gehen.)
1916 2940 2012 2998 nicht.
704 2945 1890 3024 Preis hat, und daß einer, der sein Geld verschenkt — jawohl,
2016 2967 2706 3038 Else (klammert sich an die Wand).
699 2986 1887 3067 verschenkt, denn wer garantiert mir dafür, daß Ihr Papa seinen
2017 2987 3065 3093 Dorsday (dreht sich um): Else, Sie hassen mich jetzt -
708 3035 1890 3125 Prozeß gewinnt —, ich sage, daß einer, der sein Geld verschenkt,
1917 3045 3115 3135 Sie verachten mich. Ich erscheine Ihnen als der grauenhafteste
709 3092 1889 3169 obwohl er in der Lage ist, einen Gegenwert dafür zu erhalten,
1917 3104 3110 3181 aller Menschen. Ich weiß. Trotzdem möchte ich Ihnen eines zu
706 3138 1895 3211 ein ausgemachter Narr ist! Und was ich mir heute kaufen will,
1920 3161 3118 3231 bedenken geben: Sie werden einmal anders von mir denken. Es
708 3186 1891 3264 Else — so viel es Ihnen auch vorkommen mag —: Sie werden
1923 3198 3113 3280 spricht ein Mann zu Ihnen, der ziemlich einsam ist und der nicht
708 3232 1891 3307 nicht ärmer dadurch, daß Sie es verkausen. Und daß es ein Ge¬
1930 3246 3108 3333 besonders glücklich ist und der möglicherweise einige Nachsicht
713 3284 1895 3359 heimnis zwischen Ihnen und mir bleiben würde, das schwöre
1918 3298 3117 3372 verdient ... (Er zieht ihre Hand an die Lippen, die sie ihm völlig
708 3347 908 3413 ich Ihnen.
1933 3353 3110 3420 fassungslos einen Augenblick überläßt. Dann zieht sie die Hand
817 3361 1901 3453 Else: Das schwören Sie mir. Und Sie stehen da und
1920 3387 3120 3475 heftig an sich.) Ich gehe jetzt in den Speisesaal. Sie kommen ja
712 3415 1838 3495 reden und fühlen nicht, daß Sie das Niederträchtigste
1925 3438 3127 3517 wohl auch? Wenn ich mir noch eine letzte Bemerkung erlauben
719 3484 932 3551 daß Sie...
1933 3483 3117 3567 darf: Auch für den Fall, daß der Betrag telegraphisch angewiesen
816 3480 1904 3594 Dorsday (schneidet ihr das Wort ab): Else, Sie sind in
1926 3532 3118 3611 werden sollte, müßte ich längstens heute nacht meiner Bank die
718 3557 1902 3641 Ihren Entschlüssen absolut frei. Sie können tun und lassen, was
1936 3582 3120 3659 Anweisung geben, sonst wäre es zu spät. Auf Wiedersehen, Fräulein
721 3603 1903 3685 Sie wünschen. Beleidigung verbitte ich mir. Nur eines habe ich
1929 3628 3123 3717 Else. Sie werden im Speisesaal meinen Gruß erwidern — oder
721 3649 1909 3733 Ihnen noch zu sagen. Ich schwöre Ihnen, daß ich (Pause) von
1935 3689 2637 3760 nicht. Je nachdem. (Er geht ab, links.)
726 3702 1912 3778 der Situation keinen anderen Gebrauch machen werde als den,
2035 3744 2353 3824 Else steht starr.
724 3741 1920 3826 der in unserem Vertrag vorgesehen war — ja! Es ist ein Ver¬
2419 3773 2651 3853 Vorhang.
726 3783 1934 3895 trag! Sie verlangen Geld, sechzigtausend Schilling, die ich
