3296 4224
130 134 982 222 31. Fraeulein Else
829 199 933 241 —
328 198 371 243 —
200 548 1029 677 OBSERVER
287 648 935 722 I. österr. behördl. konzessioniertes
242 682 974 779 Unternehmen für Zeitungs-Ausschnitte
294 738 936 832 WIEN, I., WOLLZBLLE 11
383 801 832 865 TELEPHON R-23-0-43
170 924 526 1004 Ausschnitt aus:
389 1280 713 1389 70 185
662 1457 863 1555 W0
251 1539 913 1641 Böcker som döda.
183 1612 920 1691 Den bekante österrikiske författaren Ar¬
152 1669 929 1742 thur Schnitzler, som nyligen avled, utgav för
153 1731 924 1780 nägra är sedan en novell med titeln Fräu¬
153 1776 921 1841 lein Else“. Nägon tid senare sköt sig förfat¬
154 1820 921 1879 tarens 20-áriga dotter Lilly, som var gift
148 1877 919 1929 med en italiensk officer, i eitt hem 1 Venedig.
181 1922 920 1978 Den danska författarinnan Karen Stampe
146 1968 927 2017 Bendix, vilken genom mänga ár varit knuten
140 2016 927 2077 till familjen Schnitzler med vänskapsband,
156 2067 923 2121 berättar nu i Politiken, att denna novell del¬
150 2120 925 2181 vis var orsaken till dotterne självmord.
156 2169 927 2229 Denna fina själsstudie, skriver författarinnan,
158 2227 927 2272 som skildrar alla de egendomliga, halvklara
151 2264 914 2319 känslor, vilka med omutlig konsekvens kun
161 2317 929 2372 na föra en ung flicka i döden för egen hand
182 2369 920 2422 en mästerlig skildring, com nästan kan
157 2428 919 2474 uppfattas som självmordets apoteos — har
161 2468 932 2523 antagligen elagit rot i nägon dunkel vrá av
156 2513 921 2579 benncs stämhingsliv och tilisammans med den
149 2570 917 2619 förmodade kärlekskonflikten och det sä kal¬
162 2610 921 2671 ade faderskomplexet logiskt och obönhörligt
161 2661 520 2730 beseglat hennes öde.
180 2689 930 2774 Novellen är talangfullt skriven men av
158 2770 921 2826 allt att döma ekulle författarne helst ha ön¬
167 2822 930 2869 skat, att han aldrig skrivit den, fastän den
165 2863 927 2918 ökade hans berömmelse. Den danska för¬
154 2914 933 2980 fattarinnan berättar nämligen ocksä, hur
171 2966 928 3031 Arthur Schnitzler tog sin del av ansvaret för
162 3014 397 3079 detterns död:
195 3056 926 3116 Frän en gemensam vän, som just dä vis¬
159 3105 931 3180 tades i staden, vet jag, att den till yttersta
165 3161 928 3218 gräns annars sà lugne och självbehärskade
169 3206 932 3266 Arthur Schniztler för första gängen i eitt jiv
165 3260 929 3330 hemföll ät paroxysmer. Palatset, i vilket
163 3308 929 3379 hans dotter läg död, genljöd av hans jäm¬
168 3356 929 3419 merrop och förbannelser. Dagen därpä äter¬
170 3404 898 3470 vände han till Wien, stilla och förstenad
161 3453 936 3508 han hade pä ett dygn förvandlats till gubbe.
200 3505 922 3576 En norck tidning tillägger: Inte alla för¬
168 3562 939 3613 fattare, vilka med eller utan talang rota
164 3606 939 3660 själens lönnkamrar, ästadkomma verkningar
167 3653 929 3712 lika enabba och lika eynliga som här. Inte
168 3698 934 3765 alla trycka revolvern i handen pä en oba¬
167 3765 941 3826 lanserad läsare. Men böcker kunna döda pä
170 3804 386 3877 mänga sätt.
1153 127 1496 228 box 5/5
1112 483 1953 614 OBSERVER
1221 579 1861 646 I. österr. behördl. konzessioniertes
1168 614 1917 701 Unternehmen für Zeitungs-Ausschnitte
1233 670 1863 754 WIEN, I., WOLLZEILE 11
1313 728 1774 826 TELEPEON R-23-0-43
1236 919 1952 1033 aca
1631 1060 1785 1136 193
1319 1058 1469 1214 +
1326 1332 1866 1419 Böcker som döda.
1262 1487 1976 1555 Den bekante österrikiske författaren
1224 1540 1974 1605 Arthur Schnitzler, som nyligen avled, ut¬
1232 1592 1980 1645 gav för nägra är sedan en novell med
1226 1639 1979 1701 titeln'Fräulein Else“. Nägon tid se¬
1232 1688 1973 1747 nare sköt sig författarens 20-äriga dot¬
1239 1733 1967 1789 er Lilly, som var gift med en italiensk
1226 1775 1786 1844 officer, i sitt hem i Venedig.
1264 1828 1977 1883 Den danska författarinnan Karen
1240 1882 1966 1936 Stampe Bendix, vilken genom mänga är
1236 1926 1977 1980 varit knuten till familjen Schnitzler med
1241 1976 1978 2031 vänskapsband, berättar nu i Politiken att
1241 2018 1982 2077 denna novell delvis var orsaken till dot¬
1244 2074 1973 2128 terns självmord. Denna fina själsstu¬
1240 2124 1977 2169 die, skriver författarinnan, som skildrar
1234 2160 1980 2216 alla de egendomliga, halvklara känslor,
1241 2206 1981 2273 vilka med omutlig konsekvens kunna fö¬
1235 2258 1982 2311 ra en ung flicka i döden för egen hand
1299 2303 1974 2364 en mästerlig skildring, som nästan
1265 2308 1300 2366 —
1250 2349 1985 2402 an uppfattas som självmordets apoteos
1298 2394 1977 2458 har antagligen slagit rot i nägon
1237 2448 1977 2503 dunkel vrä av hennes stämningsliv och
1238 2493 1970 2556 tillsammans med den förmodade kärleks.
1240 2540 1985 2598 konflikten och det sä kallade faders¬
1241 2588 1977 2646 komplexet logiskt och obönhörligt be¬
1242 2637 1583 2698 seglat hennes öde.
1278 2682 1983 2736 Novellen är talangfullt skriven men av
1252 2725 1981 2785 allt att döma skulle författaren heist ha
1245 2777 1985 2829 önskat, att han aldrig skrivit den, fast¬
1252 2823 1995 2874 än den ökade hans berömmelse. Den
1254 2877 1999 2934 anska författarinnan berättar nämligen
1247 2923 1980 2983 ocksà, hur Arthur Snitzler tog sin de
1241 2971 1802 3032 av ansvaret fär dotterns död:
1293 3009 1994 3069 Frän en gemensam vän som just dä
1257 3064 1993 3117 istades i staden, vet jag, att den till
1255 3115 1998 3174 yttersta gräns annars sä lugne och
1252 3158 1997 3218 självbehärskade Arthur Snitzler för för¬
1249 3214 1994 3262 sta gängen i sitt liv hemföll ät paroxys¬
1255 3250 1996 3309 mer. Palatset, i vilket hans dotterrläg
1257 3298 1999 3353 död, genijöd av hans jämmerfop och
1249 3344 1985 3404 förbannelser. Dagen därpä ätervände
1248 3393 1903 3459 han till Wien, stilla och förstenad
1249 3438 1991 3503 han hade pä ett dygn förvandlats till
1249 3496 1368 3555 gubbe.
1919 3484 1998 3553 0
1287 3516 1998 3596 En norsk tidning tillägger: Inte alla
1263 3585 1991 3640 örfattare, vilka med eller utan talang
1257 3634 1986 3698 rota i själens lönnkamrar, ästadkomma
1264 3684 1998 3732 erkningar lika snabba och lika synliga
1258 3738 1993 3780 som här. Inte alla trycka revolvern i
1265 3772 1999 3829 landen pä en obalanserad läsare. Men
1254 3827 1907 3899 böcker kunna döda pä mänga sätt.
2261 3942 2292 3984 1
2927 127 3015 218 20
2195 139 2784 260 OBSERV
2281 221 2920 301 I. österr. behördl. konzessioniertes
2235 246 2968 339 Unternehmen für Zeitungs-Ausschnitte
2292 326 2923 402 WIEN, I., WOLLZEILE 11
2387 378 2837 453 TELEPHON R-23-0-43
2071 527 3124 675 Auu vehunrenn
2518 708 2819 832 # 183
2256 819 3017 890 motverka gen politiska terrorn, frän
2258 876 2846 928 vilket hall den än komme.
2753 964 2818 1069 L
2339 1092 2923 1181 bocker som doda
2299 1253 3014 1326 Den österrikiske författaren Arthur
2260 1311 3009 1374 Schnitzler, som nyligen avled, utgaw
2277 1366 3009 1424 ör nägra är sedan en novell mer
2272 1408 2990 1486 titeln Fräulem Else. Nägon itid st
2271 1467 2971 1531 nare skôt sig författarens 20-äri
2278 1507 3003 1583 dotter Lilly, som var gift med e
2279 1564 2985 1636 italiensk officer, i sitt hem j Ven
2273 1615 2360 1685 dig.
2323 1659 3008 1731 Den danska författarinnan Karet
2280 1712 2951 1772 Stample Bendix, vilken mänga
2282 1772 2941 1824 varit knuten till familjen Schnit
2275 1813 2817 1881 med vänskapsband, ber
2280 1859 2938 1933 denna novell delvis var orsaker
2940 1907 2976 1967 fi
2288 1910 2903 1975 lotterns självmord. Denna
2280 1963 2814 2028 själsstudie, skriver förf
2287 2005 2798 2072 som skildrar alla de e
2281 2065 2803 2126 halvklara känslor, vilka m
2282 2113 2863 2162 konsekvens kunna föra en un
2287 2157 2751 2226 döden för egen hand
2284 2202 2880 2273 lig skildring, som nästan ka
2278 2259 2937 2312 fattas som självmordets apoteo
2288 2301 2993 2359 har antagligen slagit rot i näge
2284 2349 2875 2417 dunkel vrä av hennes stäm
2289 2403 2919 2465 och tillsammans med den förme
2289 2453 2970 2507 kärlekskonflikten och det sà kalle
2276 2498 2976 2557 faderskomplexet logiskt och obi
2288 2553 2887 2621 hörligt beseglat hennes öde.
2331 2583 2935 2669 Novellen är talangfullt''skr
2293 2645 3005 2715 men av allt att döma skulle förfa
2295 2707 3018 2763 aren heist ha önskat, att han aldrig
2292 2755 3041 2810 skrivit den, fastän den ökade hans
2289 2800 3024 2857 berömmelse. Den danska författa
2284 2850 3032 2899 innan berättar nämligen ocksä, hur
2285 2898 3032 2957 Arthur Schnitzler tog sin del av an¬
2288 2945 2788 3006 svaret för dotterns död.
2333 2993 3038 3073 Frän en gemensam vän, som just
2288 3055 3035 3121 dä vistades i staden, vet jag, skriver
2286 3100 3043 3153 hon, att den till yttersta gräns an¬
2301 3159 3038 3221 lars sà lugna och själybehärskade
2296 3197 3038 3256 Arthur Schnitzler för första gängen
2291 3247 3031 3305 i sitt liv hemföll ät paroxysmer. Pa¬
2296 3303 3047 3358 latset, i vilket hans dotter läg död,
2296 3346 3050 3405 genljöd av hans jämmerrop och
2292 3392 3041 3449 förbannelser. Dagen därpä äter¬
2296 3442 3050 3502 vände han till Wien, stilla och för¬
2297 3489 3037 3561 stenad — han hade pä ett dygn för¬
2302 3540 2761 3604 vandlats tili en gubbe.
2342 3588 3049 3650 En tidnmg tillägger: Inte alla för¬
2299 3639 3036 3700 fattare, vilka med eller utan talang
2291 3689 3042 3740 rota i själens lönnkamrar, ästad¬
2298 3733 3046 3806 komma verkningar lika snabba och
2298 3783 3040 3844 lika synliga som här. Inte alla tryc¬
2299 3830 3040 3897 ka revolvern i handen pä en obalan¬
2300 3873 3054 3958 serad läsare. Men böcker kunnd
2299 3926 2743 3994 döda pä mänga sätt.
2351 3971 2974 4025 Och författare ha sitt ansvary
