3392 4256
892 180 1087 249 Else
240 183 854 261 31. Fraeulein
1269 173 1601 260 box 5/3
1887 1116 2150 1188 Ne A
1136 1153 1767 1219 M.RRRREARERERERE
1168 1208 2134 1311 ARGUS SUISSE ET INTERNATIONAL
1379 1270 1921 1339 DE LA PRESSE S. A.
1293 1317 2008 1392 23, rue du Rhöne — Genéve
1771 1345 2147 1415 — Telégh. 44.005
1162 1361 1769 1439 Adr. télégr.: Coupures-Geneue
1176 1458 2148 1544 Bureau International de coupures de journaux
1288 1504 2029 1570 Traductions de et en toutes langues
1193 1615 2139 1703 Correspondants dans toutes les grandes villes
1185 1749 1579 1840 Estratt du Journat:
1779 1746 2003 1846 WETIer
1376 1831 1779 1965 G enkiStARIOR
1183 1870 1355 1939 Adresse:
1584 1880 1912 2002 26 DEC. 1829
1183 1975 1303 2051 Date:
1122 2106 1974 2186 Konzerte und Vorstellungen
1123 2176 2022 2249 Wetzikon. „Fräulein Else“, dem Film, der
1068 2236 2007 2282 gegenwärtig im Cinema Palace läuft, spürt man
1070 2272 2008 2319 die dichterische Idee Arthur Schnitzlers an, es weist
1070 2311 2011 2359 tiefgründige Züge des ewigen Pröblems Mann und
1081 2352 2018 2400 Frau auf. Die vom gleichförmig Lebenden niemals
1083 2387 2016 2442 zu erfassende große begensätzlichkeit zwischen frei
1084 2431 2008 2471 beschwingtem Glück“ es frohen, verwöhnten Mäd¬
1234 2472 2011 2512 ##dem Opfergang, den dieses schließlich für
1115 2470 1186 2503 ous
1075 2480 2015 2551 thre durch Unglück jäh in Not geratenen Eltern vor
1081 2527 2010 2585 einem rücksichtslosen Herrenmenschen zu gehen hat;
1070 2559 2013 2620 lenzhelle Sonne dort, todschattende Preisgabe des
1078 2606 2009 2670 „Ich“ vor des Lebens zwingender Banalität hier,
1074 2639 2018 2700 das ist der Sinn des Films. Ein Thema, das zwar
1068 2683 2009 2741 nicht zum erstenmal filmisch behandelt worden ist,
1073 2714 2017 2785 in „Fräulein Else“ aber durch das szenarische Fak¬
1074 2756 2010 2818 tum und durch die Darsteller zu einer wirklich hoch¬
1073 2796 2015 2847 ragenden Besonderheit erhoben wird. Das Werk
1082 2832 2014 2896 pielt größtenteils im winterlichen St. Moritz,
1076 2872 2015 2937 essen Sport und Hotelfestlichkeit in die Handlung
1068 2906 2000 2971 interessant einbezogen werden. Dazu kommt ein
1068 2946 2017 3011 Trio der führenden Rollen, das ein Dreigestirn
1065 2983 2013 3049 wahrhaft ernster Größe bedentet. Denn nicht allein
1070 3022 2007 3079 Bassermann, ein Künstler von feinst differen¬
1061 3062 2011 3114 zierter Charakterdarstellung, oder der leider allzu
1062 3101 2000 3168 früh verstorbene Albert Steinrück, den wir oft
1069 3146 2005 3202 und gern als Gast am Zürcher Schauspielhaus be¬
1060 3183 1997 3244 grüßt haben, kennzeichnen die künstlerische Höhe des
1067 3215 2009 3273 Films, sondern vor allem auch Elisabeth
1070 3254 2002 3310 Bergner, die als größte zeitgenössische Tragödin
1066 3292 2004 3354 ilt und die hier die Titelrolle gibt. Was diese Drei
1065 3338 2009 3394 aus ihrer Aufgabe gestalten, wird keinem Beschauer
1057 3370 2003 3428 vergessen gehen; es ist ein einzigartiges Zusam¬
1069 3411 2010 3472 nenströmen von meisterlichem Konnen, von geist¬
1064 3447 1922 3509 vollem, innerlich gefestigtem Künstlertum. —
1924 3461 1994 3507 Ein
1053 3484 2005 3554 äußerst vergnügliches Lustspiel ergänzt das gedie¬
1054 3528 1348 3577 Nank u42
