3296 4256
58 155 202 267 31.
260 157 922 245 Fraeulein Else
1100 167 1454 261 box 5/4
292 179 933 293 Taunaung Eise
576 872 1390 992 „OBSERVER
663 962 1339 1035 I. österr. behördl. konzessioniertes
638 1016 1373 1093 Unternehmen für Zeitungs-Ausschnitte
700 1060 1299 1147 WIEN, I., WOLLZEILE 11
771 1127 1230 1216 TELEPHON R-23-0-43
410 1265 1683 1363 Aus: Deutsche Fresse, Prag, 13.12.1935
414 1306 1733 1403 * „ „„„„„„ „
1786 1360 2252 1469 Theater
1296 1382 1693 1489 fiener
406 1392 1021 1504 Dr. Hugo Wazlarik:
477 1442 2589 1569 Die Novelie VFräulein Eise“ von Artnur Schnitzler nat bei inren
412 1526 2566 1626 Erscheinen durch die artistisch überaus virtuns ausgeführte Form
417 1577 2510 1681 des Selbstgespräches Aufsehen erregt. Das sich in knappen Zeit¬
420 1645 2502 1729 raun von 24 Stunden absbi-lende seitsane Erlebnis der Titelhel¬
404 1689 2460 1782 den, über das sie in der Novelle nur einen Monolo, führt, wird
423 1710 2522 1835 trotzden in ürden Einzelneiten Tebendig. Der Filn nat sich cald
409 1806 2423 1886 der Handlung bemächtigt und man konnte Elisabeth Bergner als
417 1868 2467 1955 Fräulein Else bewundern. Nun hat der Direktor des Theaters in
421 1950 2373 2013 der Josefsstadt ein wirksanes Theaterstück geschaffen, das
414 1956 2424 2058 unter Spielleitung von Hans Thirig einen grossen Publikunser¬
423 2005 2506 2111 Tolg erzienen konnte. Fräulein Eise, das für ihren Vater plötz¬
424 2059 2520 2167 Lich eine hohe Summe beschaffen muss, um inn vor der Verhaftung
431 2122 2532 2220 zu erretten, bittet im Auftrage ihrer nutter einen alten Freund
423 2179 2528 2277 der Fanilie, das Darlehen zu gewähren. Aber dieser hilft nur un¬
432 2232 2443 2330 ter der Bedingung, dass sich das schöne junge lädchen ahm un¬
427 2283 2461 2383 verhüllt zeige. Und dies tut Fräulein Else, nicht ohne vorher
426 2360 2449 2433 eine tödriche Dosie Veronal genomnen zu haben. Ein Thena, un¬
438 2395 2518 2489 delikat, quälerisch in seiner Durchführung bis zun Aeussersten.
424 2454 2473 2553 Dr. Ernst Lothar hat nichts gemäldert; selbst die Sterbeszene
434 2512 2441 2601 ist ganz breit ausgeffhrt. und mnan erlebt schaudernd die Lei¬
429 2558 2495 2654 den des jungen, keuschen Geschöpfes und wird mit dem Geschenen
434 2619 2493 2710 auch nicht durch eine eingeschobene Szene versönnt, in welcher
436 2672 2412 2768 Elsee Vater nicht als gewissenloser Defraudant, sondern als
433 2727 2411 2819 edler denschenfreund geschildert wird. Die Auf fünrung stand
440 2818 2429 2877 im Zeichen der Sensation der VEntdeckungl eines neuen Schäu¬
440 2803 2536 2929 spielers. Sein Name war Kaspar Brandnofer und in VFräulein Eise
445 2887 2498 2985 trat er in der Rolle des egolstischen Geldgebere mit ausseror¬
432 2958 2475 3039 dentlichen Erfolge auf. Kaspar Brändhofer entpuppte sich, wie
439 3008 2515 3100 aier bereits berichter, als der ehemalige Darsteller des Berli¬
438 3056 2430 3153 ner Stadttneaters Leo heuss, datte der Berliner Schauspieler
438 3101 2525 3209 Agnes Straub. Die Titelrolle spielt Hose Stradner, unwahrschein¬
433 3165 2511 3273 Tich schön durch die Gesel.Ischaft vandernd, schauspieler, noch
445 3215 2442 3312 etvas unfertig, aber in Laufe des Stückes von steigender Vir¬
441 3243 2577 3371 kung, Albert Basseraann gibt in der kurzen Szene, in welcher der
444 3327 2492 3427 Vater seine Bewegarfinde enchülht und der erlösende Telephonan¬
432 3385 2361 3483 ruf der Tochter kommt, dass der Freund das Geld beistellt.
464 3433 2571 3533 Schauspielkunst unwahrscheinlicher Grösse und hinreissender Men¬
479 3518 992 3613 chengestalt ung
