3296 4256
711 166 939 245 Else
1137 165 1487 259 box 5/4
122 154 969 277 31. Fraeulein
299 228 473 275 —
328 978 1135 1082 „OBSERVER'
402 1076 1073 1131 I. österr. behördl. konzessioniertes
375 1120 1112 1172 Unternehmen für Zeitungs-Ausschnitte
447 1165 1040 1245 WIEN, I., WOLLZEILE 11
516 1230 967 1285 TELEPHON R-23-0-43
315 1345 678 1443 Ausschnitt aus:
784 1392 1244 1505 sie Zeitung. innsbruck
706 1511 960 1628 1.DEZ.
329 1586 455 1653 vom:
602 1708 1151 1811 Wiener Theater.
294 1807 1448 1874 Ueber der Sensation, daß der Routinier Leo Reuß als große
259 1864 1440 1912 Fleißaufgabe den Bauernspieler Kaspar Brandhofer mimte,
264 1912 1436 1956 hat man es im allgemeinen übersehen, oder auch unterlassen, der
264 1939 1449 1994 Aufführung des „Fräulein Eise“ im Josefstädter Theater
263 1984 1433 2035 jene Aufmerksamkeit zu schenken, die ihr gebührt hätte. Zunächst be¬
255 2032 1449 2081 glüst er nach längerer, allzu langer Pause wieder einmal einen
421 2059 1444 2115 ## auf der Bühne zu sehen, wenn auch indirekt, einen
346 2065 1447 2150 anisierten Schnitzler. „Fräulein Else“ ist eine Novelle, wie wir
267 2142 1433 2191 ihr in glelcher Eigenart kaum eine andere an die Seite zu stellen
253 2173 1432 2228 haben eine bewußte, eine typische Novelle, und es ist wohl auch
264 2222 1448 2269 ouf fümische Einflüsse zurückzuführen, daß man sich nun zur Drama¬
255 2259 1446 2309 tisierung (durch Ernst Lothar effelivoll besorgt) entschloß. Ob mit
253 2296 1434 2351 Recht? Jedenfalls mit Erfolg. Wenn auch anzunehmen ist, daß
267 2335 1441 2384 Schnitzler, dieser große Dramatiker, den Stoff in eine Novelle goß,
260 2384 1432 2427 weil er ihn rein episch empfand, in seiner psychischen Extravaganz
261 2421 1433 2469 für die Bühne wohl allzu gewagt hielt. So ging es leider nicht
243 2463 1432 2529 ohne schwere Eingriffe ab: der Vater wurde aus einem Abenteurer
238 2520 1431 2606 und Spekulanten ein Verbrecher aus Menschlichkeit (von Albers
238 2585 1422 2649 Bassermann erschütternd menschlich gestaltet), aber auch die
241 2622 1419 2690 Tante, Herrn Dorsday und Else selbst hat man seelisch weit positiver
245 2664 1423 2731 ausgestaltet. Wir aber bekennen uns zu Schnitzler, wenn wir uns
259 2707 1423 2763 u seiner Novelle bekennen und zu dieser Aufführung, die in jeder
240 2742 1429 2805 Hinsicht höchstes Lob verdient. Von der Else Rose Stradners,
240 2781 1423 2843 wahrhaft mädchenhaft, wahrhaft dramatisch (unvergeßlich die chopin¬
240 2818 1424 2880 begleitete Szene, da sie, schon das Gift im Leib, in engelhaft über¬
247 2859 1429 2924 höhendem Pelz die Hotelkreppe herabsteigt), von Reuß' Dorsday,
244 2900 1432 2958 der höchste schauspielerische Qualitäten offenbarte — ein schweres, ein
244 2935 1425 2999 lastendes Spiel voll tragischer Hintergründe, gleichsam ruckweise
246 2981 1433 3039 dynamisierend — bis zu all den mittleren und kleinen Rollen, die
239 3024 1430 3082 wieder beispielhaft gelöst und erfüllt waren. Bühnenbilder und Regie
246 3057 1433 3125 (Hans Thimig) vollendet in dem Zusammenklang wie im einzel¬
252 3094 1433 3155 nen bis in die Halbtöne hinein. — Wir hoffen in diesem Rahmen
242 3136 1434 3205 bald wieder einen Schnitzler, freilich aus erster Hand, vorgesetzt zu
248 3191 446 3252 bekommen.
1913 282 2672 462 Badgastem
1914 522 2319 620 Heilkräftigste
1913 600 2681 695 Radiumiherme der Well!
2143 726 2682 808 Verlangen Sie Prospekte
2140 784 2669 865 von der Kurkommission
2144 961 2629 1070 „OBSERVER
2143 1056 2669 1138 Erstes österreichisches be¬
2142 1122 2680 1190 hördlich konzessioniertes
2138 1171 2450 1239 Unternehmen
2141 1213 2680 1292 für Zeitungsausschnitte
1909 1261 2137 1344 WIEN,
1899 1320 2678 1430 Wollzeile 11 : Telephon R 23-0-43
1895 1460 2626 1564 Ausschnitt aus Der Oaien. Eich
2298 1574 2639 1701 DEZ. 1936
1910 1617 2031 1683 vom
1711 1754 2286 1830 Theater in der Joselstadt.
1762 1803 2888 1894 „Fränlein Else: Schauspiel nach Arthur
1714 1870 2886 1939 Schnitzler. Bühnenbearbeitung von Ernst Lothar. Es
1705 1941 2879 2004 ist Lothar ganz wunderbar gelungen. Schnitzlers be¬
1712 1990 2893 2073 rühmnte Novelle mit allen Feinheiten ihrer Stimmun¬
1711 2057 2892 2124 gen und verborgensten seelischen Schwankungen. mit
1715 2119 2886 2168 der ganzen unerbittlichen Entschleierung gesellschaft¬
1713 2170 2876 2226 lichen Lebens auf die Bühne zu bringen,. deren drama¬
1709 2225 2875 2290 tische Gesetze sie. dank ihrer eigenartigen dichte¬
1715 2286 2883 2344 rischen Anlage. vollkommen erfüllt. Unter der kulti¬
1720 2349 2898 2403 ierten Regie Hlans Thimigs gestaltete das Ensemble
1708 2403 2896 2477 des Theaters in der Josefstadt diesen Abend zu einer
1710 2465 2895 2525 liebevollen Huldigung Schnitzler'schen Geistes. Hose
1719 2530 2888 2595 Stradner ist durch die Schönheit ihrer Erscheinung
1713 2580 2895 2649 und die vornehme Steigerung ihres Spiels, das alle
1722 2644 2888 2718 Nuancen einer wissenden. heimlich keuschen Mädchen¬
1712 2711 2903 2778 scele erlaßt, eine glaubhafte. ergreifende Eise. Eine
1713 2757 2892 2824 grandiose Leistung der Rechtsanwalt Bassermanns, in¬
1717 2820 2888 2876 teressant und mitreißend der Hlerr v. Dorsday Kaspar
1717 2877 2893 2936 Brandhofers. Adrienne Geßner. Else Bassermann. Eric
1713 2938 2886 3009 Frev. Lina Woiwode und Lillia Skalla fügen sich aus¬
1720 3001 2893 3059 gezeichnet in dieses Kammerspiel der Gefühle, denen
1720 3049 2892 3119 Niedlermoser einen elegant-mondänen Rahmen gab.
1713 3132 2239 3221 Deutsches Volkstheater.
1754 3202 2889 3271 „In der kleinen Seitengasse“ von Andreas
1718 3253 2893 3321 Thom. Ein ausgezeiehneres theaterfestes Volksstück.
1720 3316 2886 3386 essen einzelne Figuren der Autor ganz vortrefflich
1711 3381 2887 3441 geschildert hat. Den Sattlermeister Ellinger, die große
1719 3467 2894 3516 tragende Rolle. gibt Karl Ehmann in gewohnter Mei¬
1717 3520 2885 3596 sterschaft. Man ist erfrent. Fran Markus wieder ein¬
1715 3589 2896 3643 mal in einer größeren Rolle zu sehen. Die Kinder
1721 3641 2891 3707 ler beiden sind die reizende Paula Plinger und der
1716 3707 2886 3769 stolze Ilerr Brix. Hans Olden ein fescher noncha¬
1717 3765 2883 3821 lanier Fußsballmatador. Eine sehr gut geschene Epi¬
1711 3832 2893 3890 sode der Lokomotirführer des Herrn Homma. schr
1714 3887 2888 3949 gut Herr Rehberger als gerissener Winkeladvokat.
1703 3940 2879 4000 Kurt v. Lessen als Buki“. Theodor Grieg als Chauf¬
1701 4007 2890 4057 feur. Die treilli he Regis besorgt Ieinrich Schnitzles.
