3296 4224
242 162 392 244 31.
1284 157 1621 241 box 5/2
432 159 1096 233 Fraeulein Else
436 364 536 423 len
570 396 1690 472 stoph mit dem Präsidenten Dr. Mittermann
570 466 1685 520 umsprang, zeigte, wie die parlamentarischen Sitten
432 479 538 561 nte.
572 510 1687 558 entartet sind. Auch das Pultdeckelkonzert,
562 553 1677 607 das später einsetzte, war nicht ohne und berühmter
420 607 496 683 en
873 654 1386 741 Kleine Chronik.
656 714 1696 795 [Das Wetter.] Vorhersage: In der Niederung
424 745 529 823 land
560 775 1690 825 heiter, stellenweise nebelig, in den, Nordalpen¬
568 822 1690 868 tälern Föhn, in freien Lagen kräftige Süd¬
420 852 496 929 ber.
576 860 1691 925 winde, mild. In den Südalpen trüb, später
575 905 744 963 Regen.
436 914 528 974 Lira
655 950 1691 1017 [Erinnerung an Ignaz Brüll.] Der Bürger¬
409 961 528 1027 ösische
561 996 1685 1055 meister von Unterach am Attersee, Herr Josef Wipp¬
423 1015 522 1080 April
567 1042 1682 1102 linger, schreibt uns: „Am 7. d. war der 80. Geburtstag
426 1066 530 1122 sogar
568 1092 1673 1143 Ignaz Brülls. Bilder vergangener Tage leben in unseren
398 1104 523 1172 der die
571 1132 1680 1175 Innern auf, ziehen an uns vorüber, als wäre es jüngst Er¬
395 1154 521 1223 Frank¬
563 1163 1683 1224 lebtes! Lange ist es her, daß Ignaz Brüll, der Schöpfer vieler
398 1208 522 1261 emand
563 1214 1685 1263 Meisterwerke edelster Tuuckunst, in unserem stillen Dörschen all¬
578 1258 1684 1300 ährlich den Sommer verbrachte, hier Erholung suchte, neue Kraft
385 1253 531 1319 in. Die
565 1291 1674 1351 schöpfte zu hohem Schaffen. 1888 kam Ignaz Brüll zum ersten¬
467 1303 531 1365 des
564 1340 1675 1392 mal nach Unterach. Wie viel Gutes, wie viel Wohltaten, die er
385 1328 459 1405 ri
469 1353 530 1400 er
564 1379 1683 1430 erwiesen, leben noch in dankbarem Erinnern weiter. Im Jahre
379 1397 519 1460 nappen
569 1420 1686 1469 1907 reiste er für eine Woche nach Wien, kehrte aber nicht mehr
390 1441 531 1504 zösische
568 1466 1676 1514 in seine Villa am Berghof zurück. Am 17. September, nach
391 1488 515 1548 s ge¬
572 1502 1679 1560 zehntägiger Krankheit, entriß ihn der Tod seiner Familie. Nicht
392 1535 530 1602 250 in
564 1548 1687 1602 nur von seiner Gattin und Kindern wird er tief betrauert,
563 1589 1676 1649 sondern von allen, die ihn als Mensch und Künstler hoch
571 1632 1678 1676 schätzten. Frau Marie Brüll, die Gattin des Künstlers, ver¬
409 1644 526 1705 auf¬
571 1674 1680 1728 bringt den Sommer alljährlich in größter Zurückgezogenheit am
412 1694 526 1746 einem
563 1717 1692 1765 Berghof, wo er so viel Schönes schuf, wo noch alles unverändert
407 1740 521 1806 eßlich
571 1754 1682 1814 ist, als brauchte er nur wieder zu kommen. Dankbaren Herzens
423 1792 521 1849 fort.
565 1799 1341 1866 weihen wir dem Künstler treues Gedenken!“
421 1827 521 1896 esent¬
649 1831 1691 1913 [Vorlesung von Schnitzlers „Fräulein
432 1877 538 1942 etwa
565 1895 1681 1942 Else durch Lisa Michalek.] Lisa Michaleß, die
564 1936 1691 2000 junge Wienerin, eine eigenartig reizvolle Bühnenkünstlerin, las
569 1988 1690 2038 im vollbesetzten Klubsaale der „Urania“ mit großer Wirkung Artur
441 1965 512 2044 ags.
564 2022 1694 2072 Schnitzlers Meisternovelle „Fräulein Else“. Frau Michaleks
447 2034 500 2083 ⅛
561 2066 1691 2119 künstlerische Art und persönliche Erscheinung ist unserem theater¬
438 2066 536 2122 2.20
566 2108 1689 2155 interessierten Publikum aus ihrer Tätigkeit an der Neuen Wiener
431 2117 532 2172 40),
571 2152 1683 2204 Bühne in der angenehmsten Erinnerung geblieben; man hat
439 2159 525 2211 solm
569 2191 1690 2251 schon oft bedauert, ein so scharmantes, so graziös=inniges Talent
451 2201 531 2260 7½
576 2240 1688 2292 em Wiener, an solchen Begabungen wahrlich nicht reichen
571 2277 1689 2337 Theater, schon seit geraumer Zeit entfremdet zu sehen. Eine
459 2284 522 2341 ¼),
567 2332 1692 2376 gewisse Niaiserie in Verbindung mit seelischer Finesse, eine gewisse
475 2327 519 2380 est
573 2368 1682 2427 Spitzbübigkeit, die — in Pariser Komödien — selbst Gewagtes
466 2367 531 2422 ien
555 2409 1704 2477 mit mädchenhaft unbefangener Anmut sprach und spielte, das
998 2472 1258 2630 7¾
1396 2510 1610 2674 2
2227 359 2851 436 lungen, die der Präsident der
1726 407 2850 477 Nationalbank in der letzten Sitzung gemacht hatte. Präsident
1725 465 2840 523 Dr. Reisch war nicht erschienen und Finanzminister
1723 506 2840 567 Dr. Kienböck entschuldigte seine Abwesenheit mit einer
1722 552 2140 623 Familienangelegenheit.
1715 654 2844 711 gewisse Cachet, wie man in den Grsellschaftskreisen jener
1732 703 2844 752 Komödien sagt, umgab jede ihrer Gestalten. Nun sucht Lisa
1732 744 2854 804 Michalek, da sie mit ihrem Willen oder unter dem Zwung der
1720 785 2855 839 gegenwärtigen Berhältnisse, auch dem Theater, der Bühne,
1729 834 2854 879 wohl ihrem eigentlichen Element, fern bleihen muß, für uns
1731 865 2846 931 erfreulicherweise Ersatz im Vortragssaal. Diesem Umstand ist
1718 909 2846 971 ihre Schnitzler=Vorlesung zu danken, die, um es vorweg zu sagen,
1723 958 2856 1006 der Sprecherin, fast hätten wir gesagt, der Darstellerin, vollen
1724 997 2847 1046 Erfolg brachte. Schnitzlers Novelle, dieses im ganzen Umkreis
1734 1044 2850 1088 modernen Schrifttums fast beispiellose Kunst= und Meisterstück
1731 1083 2840 1138 psychologischer Analyse, dieses atembeklemmend spannende und
1724 1124 2845 1178 zugleich mit schärfsten Sonden in feelisches Geheimnisland
1731 1173 2845 1228 dringende Werk muß, um gleicherweise auch im Vortragssaale
1721 1214 2839 1260 zu wirken, mit überlegener Sprechtechnik, mit psychologischem
1726 1252 2857 1303 Verstehen und mit dramatischer Verve gelesen werden. Lisa
1733 1294 2854 1346 Michalek erfüllt diese dreifachen Voraussetzungen. Sie beherrscht
1723 1339 2779 1398 das Sprachtechnische, akzentuiert auf das einprägsamste, hebt
1719 1381 2768 1441 pfychologischen Momente zart hervor und weiß zugleich —
2790 1381 2842 1428 die
1729 1420 2856 1477 Schauspielerin — die Geschehnisse auf das dramatisch=lebendigste
1730 1475 2823 1523 aufzubauen. Die Personen der Gesellschaft, die Vorgänge, di
1732 1511 2850 1555 Landschaftliche sogar hob sich plastisch ab — ein erzähltes Drame
1739 1551 2850 1604 chien sich zu entwickeln. Das distingvierte, angeregte Publikum
1737 1593 2860 1650 olgte, lebhaft gespannt, der Vorlesung und bedachte Frau
1724 1638 2810 1705 Michalek zum Schluß mit lautem, herzlichem Beifall. P. W.
1798 1674 2867 1761 [Oesterreichische Politische Gesellschaft!
1724 1822 1762 1868 ü
1721 1904 1770 1972 K
1726 1968 1774 2010 v
1730 2093 1776 2142 11
1722 2142 1771 2196 ge
1722 2227 1785 2272 wi
1719 2265 1767 2306 na
2597 2267 2836 2367 ich: Berlin
1723 2300 1775 2346 Pe
1730 2329 1781 2381 et
1727 2375 1776 2423 W
1719 2413 1767 2480 B
2513 2426 2584 2521 6
2517 2503 3017 2584 hatte seinen fünften Abend
1905 2531 2508 2585 Der Verband deutscher Erzähler
2529 2565 2632 2616 Eli
2632 2565 3012 2620 abeth Bergner
1819 2569 2489 2640 Artbux Schnitzler gewidmet.
1841 2607 3011 2653 las des Dichters Rövelle „Fräulein Else“. Es ist selbstverständ¬
1828 2646 3011 2700 lich, daß die Künstlerin dieses Mädchenschicksal, dieses Schicksal
1840 2688 3022 2730 einer hauchzarten, kränkelnden, mit dem Leben wie mit dem
1838 2726 3017 2774 Sterben spielenden Seele ergreifend und bildhaft nachzubilden
1843 2756 3022 2814 vermochte. Aber sie tat am Ende doch des Guten ein wenig
1844 2812 3022 2851 zu viel. Sie dehnte, dämpfte, umdunkelte ins Unabsehbare, und
1843 2838 3026 2885 ihre Stimme. die man oftmals eine negative Stimme nennen
1841 2878 3019 2930 möchte, verschwebte bisweilen ins Unvernehmbare und er¬
1843 2919 3012 2965 müdete durch Eintönigkeit. Sie blieb den Hörern auch den ver¬
1842 2955 3005 2999 söhnenden, tiefinnerlicher Humor, diesen Schnitzlerschen Humor
1837 2991 3010 3036 mit der melancholischen Umflorung schuldig. Trotzdem ward
2623 3022 3013 3085 Schnitzler selbst
1852 3016 2616 3078 sie mit rauschendem Beifall überschüttet.
1831 3064 3035 3123 las das Gegenstück zu „Fräulein Else“, sein anderes „Mona¬
1830 3155 2998 3219 drama“ „Leutnant Gustl“. Einfach, ungeküstelt, beinahe derb.
1834 3205 2942 3255 Ganz schmucklos. Und seine Wirkung war nicht minder stark.
1840 3232 3000 3294 Der Abend war eine bedeutsame Kundgebung für die deutsche
1839 3282 3001 3334 Zuneigung zum Oesterreichertum. Denn der große Saal des
1830 3306 3002 3372 Reichstags war überfüllt, während der Besuch der vorhergehen¬
1834 3345 2999 3412 den Abende allerlei zu wünschen übrig gelassen hatte. Das gibt
1838 3382 2994 3449 zu denken. Diese Abende sollen doch der Persönlichkeit und dem
2810 3422 3004 3471 ... die
1845 3424 2811 3487 Werke der Dichter dienen. Das „Drum und Dran'
1844 3467 2994 3530 Vortragenden, die mehr oder minder erlauchten Gäste und dies
1841 3500 3006 3564 und das ... sollten Nebensache sein. Sie entwerten. Sie ver¬
1843 3537 2998 3604 schieben die Perspektive. Sie lenken ab von dem guten und
2835 3575 2993 3648 M. F.
1836 3587 2340 3658 hohen Ziel des Verbandes.
