3296 4256
1371 116 1712 208 box 5/3
517 121 1190 194 Fraeulein Else
337 125 1189 238 31   nnen e e e e
1254 628 1618 721 nuesee
1903 984 2223 1074 a. Il. 1929
788 1044 1721 1158 Aerat
866 1233 1668 1324 Der verfilmte Schnitzler:
877 1329 1891 1503 Eisabeth Berqner
1312 1509 2305 1633 aes Keautein ase
1275 1622 1919 1725 Uraufführung im Capitol
1594 1717 2304 1805 keit, sich diesen Wunsch zu erfüllen,
920 1743 1470 1824 Violinen, Violinen, Violinen.
1622 1771 2298 1839 konkret wird —— wie er es ihr sagt
928 1798 1569 1880 Lieber Gott, schütze mich vor Super¬
1614 1820 2308 1893 und wie sie es begreist —— Herrgott,
892 1850 1028 1917 lativen.
1611 1860 2229 1942 Herrgott, — keine Superlativel!!
925 1867 1567 1954 Dieses Geschöpf ist die höchste Voll¬
1659 1878 2311 1973 Dann ist da ein Moment, wo der
894 1923 1580 1991 endung, ist dem lieben Gott (und sich
1627 1939 2300 2015 Vater dieser Tochter Else, dieser
897 1967 1570 2046 selbst) geglückt wie keines seiner Werke
1619 1991 2303 2057 lachende Glücksmensch, Spieler und
890 2022 1580 2099 auf diesem Gebiet. Nicht an mir ist
1622 2034 2305 2097 Hasardeur, Albert Bassermann,
899 2058 1582 2124 es, dieses vollkommen schöne Auge,
1631 2077 2308 2143 sich einen Schal um den Hals legt wie
899 2109 1573 2180 diesen vollendeten Vorfrühlingskörper,
1624 2124 2301 2188 der Selbstmörder den Strick; da ist ein
897 2146 1585 2206 der Ausdruck in jeder Fiber ist, in
1633 2173 2301 2230 Gang nach Canossa nach dem anderen,
900 2195 1580 2253 Worten abzuschildern, — diesen Kin¬
1631 2196 2314 2268 und nach jedem sinkt der Zuversichtliche,
902 2242 1574 2296 dernacken, diesen edelsten Haaransatz,
1634 2252 2319 2317 Strahlende immer mehr zusammen, das
899 2281 1574 2337 dieses lebendige Haar — dieses ganze
1639 2291 2301 2359 Licht erlischt; — bis zu dem grandios
900 2321 1579 2394 schöne, gottgesegnete Geschöpf. Dazu
1639 2338 2324 2399 gespielten Herzkrampf — eine Wonne
907 2358 1570 2435 müßte Peter Altenberg auferstehen —
1636 2386 2309 2444 für die, die das Handwerk verstehen.
910 2399 1584 2474 und weiß Gott, es würde sich lohnen.
1671 2411 2321 2488 Man freute sich Adele Sandrock
912 2451 1586 2509 Der Ausdruck mit dem sie, hinsterbend,
1641 2460 2316 2525 in einer ihrer würdigen Aufgabe zu
906 2499 1583 2557 den Mantel von dem makellosen Kör¬
1631 2505 2311 2571 sehen; bis auf die kleinsten Rollen, bis
910 2535 1588 2604 per riß (die Kamera, jede fragwürdige
1636 2545 2313 2612 auf den Notar Fiala, auf die bürger¬
908 2584 1589 2642 Wirkung mit höchster Delikatesse mei¬
1635 2590 2318 2654 lich=wohlhabenden Gäste des Hauses,
906 2628 1596 2695 dend, zeigt nur das Gesicht, in dem
1646 2634 2316 2697 Rechtsanwaltsgattinnen und Bridge¬
904 2672 1590 2736 der Tod steht — und dann ein Stück¬
1637 2686 2330 2750 Spieler, hatte Czinner alles mit
919 2708 1587 2778 chen schmalen Rücken, — beides allzu¬
1643 2723 2151 2796 sicherem Gefühl abgestimmt.
925 2764 1588 2825 chnell, nur sehr geübten Augen er¬
1679 2739 2314 2822 Ob das noch viel mit Arthur
1638 2808 2314 2869 Schnitzlers Novelle zu tun hat? Ich
907 2814 1071 2872 kennbar.
957 2813 1598 2901 Aer wer es gesehen hat, wirk¬
1641 2856 2314 2922 weiß es nicht. Aber es war wun¬
918 2887 1593 2962 lich gesehen — wie könnte er es
1640 2907 1766 2964 derbar.
921 2921 1599 2996 je vergessen? Ihre kindliche unver¬
1674 2916 2322 3001 Das Publikum fiel durch. Die
919 2973 1594 3038 schminkte Heiterkeit, ihre unbeschwerte
1646 2971 2319 3038 Leute können lachen, wenn das gepei¬
922 3015 1593 3079 Seligkeit in den Schneehöhen von
1645 3028 2319 3078 nigte Kind die gefährliche Bestie suchen
931 3058 1597 3128 St. Moritz, ihr scheues instinktives Zu¬
1649 3069 2325 3123 muß — und instinktiv immer wieder
921 3098 1602 3168 rückweichen vor der Bestie, das Mäd¬
1650 3112 2326 3170 flieht. Ja, Sie Fräulein, hinter mir,
928 3150 1598 3210 chenkind vor dem Mann — hat man je
1645 3153 2321 3211 es gibt solche, die fliehen, wenn Sie
921 3192 1597 3257 so etwas zur Liebe Geschaffenes — und
1651 3190 2330 3268 sich auch so was nicht vorstellen kön¬
933 3227 1611 3296 so ganz und gar nicht von der Liebe
1655 3239 2294 3319 nen in Ihrem kessen Strohköpschen.
925 3274 1601 3342 Gestreiftes gesehen? Nie hat ein Strahl
937 3322 1603 3383 von diesem Licht sie gestreift, sie,
1688 3313 2333 3406 Zum Schluß wurde geklatscht. Auf
928 3359 1613 3438 gerade sie — und schon taucht sie
1650 3378 2336 3441 dem Platz von Elisabeth Bergner
935 3416 1142 3477 ins Dunkel.
1656 3424 2336 3493 türmte sich ein Berg Peilchen. Aber
971 3428 1498 3520 Violinen, Violinen, Violinen.
1661 3461 2342 3521 sie kam nicht. Niemand kam. „Da
960 3482 1617 3554 Die andere Erschütterung des Abends
1656 3507 2346 3564 Steinrück fehlt, da die Darsteller nicht
942 3529 1627 3600 wa Albert Steinrück, leben¬
1658 3551 2345 3608 vollzählig erscheinen können, ver¬
931 3572 1611 3637 strozender als alles um ihn, der Er¬
1662 3592 2346 3660 sagen sie es sich, vor Ihnen zu er¬
930 3617 1623 3681 folgreiche, der skrupellose Genießer,
1672 3647 2150 3708 cheinen“, wurde verkündet.
938 3663 1625 3721 der Mann der großen Welt. Wie der
1696 3681 2167 3750 So versandete der Beifall.
934 3709 1615 3763 Wunsch nach diesem kleinen Körper
2112 3727 2315 3802 v. Jacobi.
939 3746 1621 3827 sich kristallisiert, wie die Möglich¬
