3296 4320
58 192 912 272 31. Fraeulein Else
1072 193 1426 280 box 5/4
843 259 877 305 —
279 257 379 297 —
196 446 965 570 „OBSERVER
280 544 933 626 I. österr. behördl. konzessioniertes
242 594 966 679 Unternehmen für Zeitungs-Ausschnitte
311 651 895 732 WIEN, I., WOLLZELLE 11
383 717 832 782 TELEPHON R-23-0-43
190 842 553 932 Ausschnitt aus:
181 922 793 1013 Jüdische kundschau
561 987 774 1053 Berlin
198 1079 319 1154 vom:
357 1084 787 1178 15.13.1938
430 1292 935 1384 Eine Premiere
251 1375 1119 1465 und eine Ueberraschung
244 1466 1125 1549 „Fräulein Pise“ im Theater der Josefstadt
379 1533 970 1633 6Wunserem Berichterstatter
731 1601 1271 1672 J.R. Wien, im Dezember
182 1652 1267 1714 Wepigg' Wochen nach dem fünften Todestage Arthur
116 1694 1269 1758 Sehntzlerswird das Andenken des Dichters durch die
119 1730 1269 1812 Uraufführung eines seiner Spätlingswerke, der Novelle „Fräu¬
120 1772 1264 1830 ein Else“, gechrt. Ernst Lothar, der Direktor des
115 1814 1264 1872 Reinhardt-Theaters in der Josefstadt, der die Schnitzlersche
110 1848 1265 1912 Novelle dramatisierte, hat den Monolog in sieben starke,
108 1885 1265 1954 bühnenwirksame Bilder aufgelöst. Dies bedeutete natürlich
116 1931 1266 1990 ein recht schwieriges Problem, dessen Lösung durch Lothar
123 1963 1270 2035 als durchaus gelungen zu bezeichnen ist. Der in Dialoge
115 2010 1273 2065 aufgelöste Monolog wird in wirksamer Weise von den Dar¬
119 2053 815 2116 stellern oft nur telephonisch geführt.
178 2081 1270 2159 Die Aufführung brachte einen eindruckstiefen Theater¬
116 2122 1280 2188 abend. Die Regie Hans Thimigs, unterstützt von den
115 2160 1273 2228 fein abgestimmten Bühnenbiidern Otto Niedermosers,
126 2199 1273 2271 ist auch in der Kleinmalerei stets um die Wahrung Schnitz¬
121 2237 1278 2303 lerscher Atmosphäre bemüht, Die von Lothar umgedichtete
119 2272 1283 2343 und stark idcalisierte Gestalt des Vaters zeigt Albert Bas¬
118 2312 1280 2382 sermann in einer einzigen großen Szene auf der Höhe
115 2357 1282 2417 seiner Meisterschaft. Rosa Strzdner ist in den letzten
122 2390 1276 2456 Szenen von stärkster Wirkung. Ganz ausgezeichnet auch
130 2428 1278 2495 Else Bassermann. Die große Ueberraschung des Abends
126 2466 1279 2533 aber war Kaspar Brandhofer als Herr von Dors¬
132 2504 1281 2572 day, von dem es vor der Premiere hieß, daß er ein
136 2538 1276 2609 Tiroler Landwirt sei, der in diesem Sommer vom
128 2579 1289 2649 Ehepaar Reinhardt-Thimig für das Theater entdeckt wurde.
127 2618 1285 2688 In der Tat präsentiert sich hier ein prachtvoller Schau¬
125 2682 266 2742 spieler.
208 2683 1281 2777 Dieser Kaspar Brandhofer blieb auch nach seinem
123 2749 1288 2817 großen „Debütauten“-Erfolg die Sensation. Wie aus einer
128 2790 1284 2856 offiziellen Mitteilung der Direktion des Josefstädter Theaters
133 2823 1289 2888 nach den ersten Aufführungen hervorgeht, ist Kaspar Brand¬
133 2860 1293 2930 hofer mit dem Schauspieler Lco Reuß identisch, der,
138 2901 1289 2966 ein geborener Wiener, seine schauspielerische Laufbahn am
140 2937 1290 3002 hiesigen Theater begonnen hat und dann an Bühnen in
142 2972 1296 3044 Deutschland, zuletzt am Berliner Staafstheater tätig gewesen
145 3014 1296 3087 st. In den letzten drei Jahren konnte der Künstler wie er
148 3050 1292 3116 etzt in einem Brief an den Präsidenten der österreichischen
139 3089 1289 3160 Bühnenkünstler ausführt, kein Engagement finden, so daß
146 3126 1292 3198 er sich zu dieser etwas ungewöhnlichen Verwandlung ent¬
130 3163 1290 3243 schloß: er ließ sich einen Bart wachsen, um auch äußerlich
149 3206 1291 3277 unerkannt zu bleiben, lebte eine Zeitlang von Menschen ab¬
139 3248 1301 3305 geschieden und gab sich dann als der Tiroler Bauer Kaspar
143 3282 1294 3354 Brandhofer aus. Tatsächlich wurde Reuß infolge seiner unge¬
143 3321 1305 3391 wöhnlichen Willenskraft, unerkannt zu bleiben, sogar von
148 3360 1289 3425 vielen Kollegen und Direktoren, mit denen er jahrzehntelang
148 3403 1303 3483 in Deutschland zusammen gearheitet hat. nicht erkannt. Erst
1312 1237 2486 1319 die Eigenart seines Spleis verriet schließlich den Schauspieler
1314 1283 2475 1356 Leo Reuß. Diese gelungene Schauspieler-Köpenikiade, die
1326 1320 2479 1405 großes Aufsehen erregte, entbehrt nicht der besonders mensch¬
1320 1351 2472 1431 lich-tragischen Seite. Dieser Seite will auch das Josefstädter
1318 1397 2480 1477 Theater Rechnung tragen, indem es in seiner Mitteilung
1317 1440 2472 1528 gleichzeitig erklärt, „aus menschlichen und künstlerischen
1327 1472 2477 1547 Gründen keinerlei Disziolinarkonsequenzen zu ziehen“. Direktor
1328 1509 2482 1585 Lothar, der den Künstler Brandhofer über Empfehlung Rein¬
1321 1549 2475 1627 hardts engagiert hat, erklärt nach wie vor, daß es sich hier
1328 1586 2480 1662 um ein „anteilnahmewürdiges menschliches Schicksal handele,
1328 1630 2387 1710 dem beizustehen er auch weiterhin allen Anlaß habe“.
1397 1679 2478 1746 Es wäre nock zu erwähnen, daß gerade der Teil der
1321 1715 2478 1795 Presse, der sonst dem Schnitzierschen Werk grundsätzlich
1325 1752 2480 1830 nicht gerade positiv gegenübersicht, die Gestalt Brandhofers
1329 1790 2478 1865 als einen Mann der... „mit kraftvollen, wuchtigen Schritten
1331 1833 2489 1901 unmittelbar aus den Tiroler oder Salzburger Bergen auf die
1335 1867 2482 1940 Bühne kommt, ein Bauer, dem inbrünstig eigenes Ringer
1331 1909 2477 1977 so viel Können verschafft hat, wie nur wenigen anderer
1339 1942 2490 2017 Künstlern die besten Schulen“... „wenn er auch freilich
1330 1980 2492 2054 in dieser, seiner ersten Rolle, nichts von seinen Heimatbergen
1334 2021 2373 2112 zitbringen kann“, besonders herausgestrichen hat.
2134 2348 2362 2446 u e. Ue
2346 2520 2427 2600 2
2058 2529 2304 2627 5DEZ.
1740 2669 2610 2744 Hans Homma in der Bassermann¬
2106 2744 2255 2834 Rolle
1770 2826 2608 2888 Bei der Ubersiedlung des Schauspiels
1740 2874 2613 2942 „Fräulein Else“ in die Kammerspiele
1746 2932 2603 2982 des Theaters i. d.=asefefädt, die
1742 2975 2627 3034 Dienstag den 22. d. vor sich gehen wird, wird
1742 3015 2607 3089 die Rolle des Vaters neu besetzt werden. Die
1821 3072 1960 3149 M
1845 3138 2510 3443 „secte
2363 3273 2435 3335 #
2152 3326 2535 3397 KRAWATTEN
1895 3405 2183 3481 oan
1806 3424 2560 3518 AM OPEANRINO 525O .
2006 3502 2105 3563 A
1744 3567 2600 3613 große Szene, die bisher Albert Bassermann
1744 3602 2597 3664 gespielt hat, wird nun Hans Homma dar¬
1744 3649 2613 3708 stellen. Bassermann spielt bekanntlich eine
1745 3700 2610 3764 Hauptrolle in der Weihnachtsnovität des
1741 3747 2593 3812 Deutschen Volkstheaters, dem Lustspiel „Jean“
1738 3794 2606 3848 von Ladislaus Bus-Fekete. Die Rolle der
1743 3841 2621 3916 Frau Else Bassermann in „Fräulein Else“ spielt
1738 3889 2092 3964 Frieda Richard.
