3248 4384
234 180 1059 281 31. Fraeulein Else
920 229 1162 294 BUTYAPT
995 642 1132 746 Sia
838 806 1084 902 28.110
660 830 744 954 3
652 985 1492 1060 — Schnitzlees „Fräulein Else“ als Schauspiel.
613 1062 1489 1112 Wien, 27. d. Im Theiter in der Josefstadt ge¬
623 1088 1496 1141 langt als nöchste Premiere die von Hofrat
621 1134 1494 1180 Lothar besorgte Dramatisierung der berühmten
753 1167 1491 1226 „Fräulein Else“ von Schnitzler zur
625 1167 755 1223 Novelle
614 1208 1492 1256 Uraufführung. Roie Stradner spielt die Titel¬
620 1250 1486 1298 rolle. In der männlichen Hauptrolle tritt Kaspar
618 1289 1489 1329 Brandhofer, ein neuer Schauspieler, sein Enga¬
617 1324 1486 1374 gement an. Er war bisher Landwirt in Tirol
939 1350 971 1380 1.
622 1369 1491 1410 und hat im diesjahrigen Sommer Pros. Rein¬
612 1406 1486 1454 hardt in Salzburg mit solchem Erfolg vorge¬
617 1436 1494 1485 sprochen, daß dieser ihn ans Josefstädter Theaker
997 1471 1496 1526 Lothar hat außerdem ein
623 1477 713 1522 wies.
795 1480 992 1531 Direktor
708 1483 788 1532 —
622 1512 1494 1564 zweites aufsehenerregendes Engagement astätigt:
618 1558 1485 1600 er verpflichtete die 15jährige Schauspielerin Ge¬
619 1582 1495 1640 raldine Katt, die aus dem Reinhardtsseminar
615 1628 1493 1679 kommt und als Trägerin der Hauptrolle in dem
614 1666 1429 1710 Mädchen Irene"=Film vollen Ersol, erzielte.
1363 1700 1488 1754 Fodors
608 1705 1315 1749 Als Weihnachtsnovität bringt Lothar
1358 1744 1484 1814 Thimig
624 1747 1309 1798 Matur:“ mit Hilde Krahl, Edthofer,
1387 1785 1455 1827 der.
616 1779 943 1843 und Jane Tilden.
926 1863 1462 1942 Verlangen Sie Prospekte
906 1930 1460 1993 von der Kurkommission!
918 2082 1408 2210 „OBSERVER
920 2209 1455 2273 Erstes österreichisches be¬
921 2262 1460 2317 hördlich konzessioniertes
921 2309 1227 2371 Unternehmen
921 2354 1457 2430 für Zeitungsausschnitte
696 2414 955 2495 WIEN, I.,
685 2488 1472 2542 Wollzeile 11 4 Telephon R 23-0-43
690 2616 1023 2693 Ausschnitt aus
687 2699 969 2846 G A1S
1049 2746 1244 2859 29.1.
664 2905 1528 2985 Schnitzler=Uraufführung in der Josef¬
1048 2964 1169 3036 stadt
712 3014 1530 3103 * Im Theater in der Josefstadt findet Mitt¬
667 3085 1528 3141 woch den 2. Dezember die Uraufführung des
668 3128 1534 3188 Schauspiels in sieben Bildern „Fräulein
673 3176 1528 3222 Else“ nach der gleichnamigen Novelle von
665 3214 1526 3274 Artur Schnitzler, für die Bühne bearbeitet
672 3262 1529 3314 von Ernst Lothar, statt. Die Hauptrollen
665 3306 1525 3364 sind wie folgt besetzt: Dr. T., Rechtsanwalt
716 3342 1454 3395 Albert Bassermann, Seine Frau
661 3388 1524 3467 Lilia Skalla, Else, beider Tochter — Rose
684 3491 1012 3556 Stradner,
1009 3493 1534 3565 Tante Emma, Schwester
680 3542 1533 3612 Dr. T.s — Else Bassermann, Dr. Paul,
679 3585 1533 3639 Elses Vetter — Erik Frey, Herr v. Dors¬
677 3627 1541 3694 day, Antiquitätenhändler — Kaspar Brand¬
681 3675 1537 3737 hofer, Frau Cissy Mohr — Adrienne
677 3717 1539 3780 Geßner, Frau Winawer — Lina Woi¬
680 3761 1538 3814 wode, Portier — Max Brebeck, Stuben¬
681 3811 1388 3861 mädchen — Daisy Solms, Empire
1388 3813 1536 3865 — Leo
681 3846 1535 3911 F. Stöger, Kellner — Fritz Gamberti,
679 3892 1531 3955 Regie: Hans Thimig, Bühnenbilder: Otto
674 3931 1530 4012 Niedermoser, technische Einrichtung:
666 3972 1033 4044 Karl Dworsky.
1465 172 1578 276 54
2115 121 2883 208 Wollzeile 11: lelephon 43-0-47
2110 248 2520 344 Ausschnitt arss
2513 375 2747 484 9. HOV
2127 422 2250 495 vom
2146 534 3119 616 Bassermann telephoniert mit
2393 603 2870 698 Fräulein Else.
2113 661 3222 744 Man betritt den halbdunkeln Zuschauerraum des Theaters
2035 731 3222 784 in der Josefstadt. Probe unter der Regie Hans Thimigs.
2036 783 3223 844 Auf der Bühne: „Fräulein Else“. Sie selbst ist nicht an¬
2034 834 3225 888 wesend — sie spricht jetzt nur durch das Telephon, aus ihrem
2034 877 3225 934 Hotelzimmer in San Mactino di Castrozza, mit der Wohnung
2045 928 3218 983 ihrer Eltern in Wien. Es ist die einzige Szene des Stückes,
2032 972 3226 1027 die in Wien spielt (alle andern gehen im Hotel in San Mar¬
2036 1023 3224 1090 tino vor sich). Es ist die einzige Szene Albert Basser¬
2043 1079 3228 1138 manns, der den Rechtsanwalt Dr. 2., Fräulein Elses Vater,
2042 1116 3224 1172 spielt. Dr. T. braucht eine große Gumme, und seine Gattin
2028 1167 3225 1221 (die von Lilian Skalla dargestellt wird) schrieb an die
2035 1210 3229 1268 Tochter, oh es ihr nicht, da alle andern Möglichkeiten versagt
2040 1265 3229 1329 hätten, möglich wäre, diesen Kunsthändler Dorsday, den sie
2040 1305 3218 1366 doch in San Martino kennengelernt habe, um das Geld zu
2036 1357 3228 1416 bitten. Und nun warten Rechtsanwalt Dr. T. und Gemahlin
2041 1412 3226 1467 auf den telephonischen Anruf der Tochter, jeden Augenblick
2034 1460 3228 1523 wird der Apparat läuten und die Entscheidung bringen. Das
2028 1516 3218 1571 Telephon läutet, und Bassermann fragt angstvoll: „Else..,
2029 1552 2322 1621 bist du es...?“
2110 1601 3215 1668 Seine Frau: „Laß mich doch mit ihr sprechen..., also, was
2035 1647 3227 1706 sagt sie denn um Himmels willen?“ Aber Bassermann läßt
2038 1704 3217 1764 sie nicht sprechen, er hält den Hörer fest, auch wenn für
2037 1739 3227 1805 Sekunden, obwohl gerade. als Else das entscheidende Wort
2036 1787 3227 1863 sprechen wollte, die Leitung unterbrochen wird. Dann ist die
3149 1840 3218 1889 —,
2038 1838 3150 1892 Tochter wieber zu vernehmen — und Bassermann steht auf
2024 1887 3218 1946 und dann weiß man, daß Else gesagt hat: „Er gibt das Geld!“
2027 1927 3221 1991 Denn Bassermann hält erschöpft inne, er fällt fast in den Stuhl
2025 1991 3227 2044 zurück, er streichelt ein bißchen den Hörer. „Er gibt es,“ sagt
2038 2026 3223 2085 er zu seiner Frau — dann faßt er sich wieder: „Else... För
2032 2081 3220 2136 einmal . .., bist du noch da? Also, sage mir doch, was für Be¬
2033 2122 3230 2186 dingungen er stellte?" Er hört die Antwort der Tochter, er
2033 2166 3228 2231 ist erstaunt, er kann es nicht fassen: „Ganz ohne Be¬
2027 2214 3218 2271 dingungen..., Else, ich frage dich jetzt..., und ich bitte dich,
2031 2266 3218 2326 antworie mir aufrichtig — ganz ohne Bedingungen?“ Und
2031 2302 3225 2370 dann leuchtet die nächste Szene auf, und sie beginnt damit,
2035 2355 3223 2408 daß Fräulein Else, Rose Stradner, in ihrem Hotelzimmer
2031 2402 3222 2461 den Hörer auflegt, das Gespräch mit ihrem Vater beendet hat.
2106 2508 3229 2593 Man sieht sich um im Zuschauerraum und erblickt Otto
2028 2580 3228 2635 Niedermoser, der das szenische Gewand für die von Ernst
2033 2627 3224 2683 Lothar dramatisierte Novelle geschaffen hat. Niedermoser
2028 2680 3228 2737 sagt, daß es seine Aufgabe war, eine realistische Welt zu
2036 2723 3229 2778 schaffen, mit einem Hauch von Irrcalität, der vom Zuschauer
2025 2778 3225 2827 gleichsam nur unbewußt empfunden werden dürfe. Die im
2038 2814 3225 2870 Laufe eines Tages abrollende Handlung, die Umwelt der
2034 2864 3235 2920 Berge und des Hotels, die Else bedrückt, müsse wohl halb
2038 2905 3226 2970 traumhaft erscheinen. Niedermoser war bestrebt, trotz den
2040 2969 3222 3023 realen Geschehnissen, alles ein wenig in Unwirklichkeit zu
2027 3006 3224 3072 tauchen. Die Dolomiten werden — wenn auch nicht allzu
2040 3045 3235 3113 deutlich wahrnehmbar — den Hintergrund bilden, das H. el
2036 3099 3227 3173 selbst wird jedoch nicht alpin, sondern ganz neutral ein¬
2036 3147 3215 3201 gerichtet sein. Im übrigen war Niedermoser, wie er sagt. be¬
2028 3186 3227 3263 strebt, das im Dekorativen zu geben, was Schnitzler in seinem
2036 3240 2747 3301 Werk gab: die Vielfalt des Lebens.
2112 3338 3226 3413 Die Hauptrollen des am Mittwoch, den 2. Dezember, im
2032 3393 3215 3454 Theater in der Josefstadt zur Uraufführung gelangenden
2036 3450 3227 3511 Schauspieles in sieben Bildern „Fräulein Else“ nach
2034 3495 3228 3562 der gleichnamigen Novelle von Arthunschnitzlex, für die
2028 3550 3216 3608 Bühne bearbeitet von Ernst Lothar sind wie folgt besetzt:
2036 3603 3177 3664 Dr. T., Rechtsanwalt — Albert Bassermann; Seine Frau
2032 3642 3208 3710 Skalla; Else, beider Tochter — Stradner; Tante Emma,
2032 3696 3221 3764 Schwester Dr. Ts—Else Bassermann; Dr. Paul, Elses
2033 3751 3200 3809 Vetter — Frey; Herr v. Dorsday, Antiquitätenhändler —
2031 3791 3181 3855 Brandhofer; Frau Cissy Mohr — Geßner; Frau Winawer¬
2031 3844 3219 3903 Woiwode; Portier — Brebeck; Stubenmädchen —Solms;
2032 3887 3217 3949 Empire — Stöger; Kellner — Gamberti. Regie Hans
2035 3939 3213 4008 Thimig. Bühnenbilder Otto Niedermoser. Technische
2038 3993 2643 4074 Einrichtung Karl Dworsky.
