3392 4256
1235 158 1573 262 box 5/3
195 164 1055 240 31. Fraeulein Else
627 233 1035 276 E
1392 1804 1454 1911 2
666 1996 1508 2070 Albert Steinrück als Herr von Dorsday in dem Film
956 2056 1217 2121 „Fräulein Else“
861 2102 1315 2167 Zeichnung von B. F. Dolbin
610 2188 1558 2273 Aber der Eindruck erneuerte sich, wenn auch in anderer Art,
615 2263 1556 2311 da man Steinrück, den noch eben Bestatteten, in dem Film
616 2301 1567 2360 „Fräulein Else“ wiedersah, und eine eigene Mystik schien die
625 2348 1566 2399 estakt zu umschweben. Man kannte Steinrück aus harten
606 2394 1560 2449 Männerverkörperungen, man daihte noch eben seines Alba,
612 2440 1566 2493 und nun stand er hier, in der unnichähmlichen Ausdruckskraft
616 2474 1557 2530 eines Spiels, als der gealterte Lüstling. Als schmatzten seine
616 2521 1566 2575 Lippen bei dem Gedanken in diesen entblößten, unberührten
605 2571 1567 2634 Mädchenleib, als führte er das Sektglas an den Mund, irgend¬
616 2609 1200 2673 vie einen Vorgeschmack zu erproben.
618 2654 1558 2704 Und der Gedanke war da und war unabweisbar geworden.
616 2702 1562 2753 Er prostet dem Tod Wie anders kann ihm, dem Genießer,
612 2745 1570 2795 der Tod erscheinen, als in Gestalt der jede Wollust Auf¬
609 2796 1566 2845 reizenden? Noch weicht sie ihm aus, noch scheint ihn ihr
602 2835 1568 2880 Anblick zu erschrecken, aber sehr bald schon suchen ihn ihre
608 2876 1561 2933 Augen, schon schleicht sie ihm nach — sie steht vor ihm,
610 2923 1561 2979 wirft den Mantel ab, bricht selber tot zusammen — sein Tod,
602 2962 1174 3012 mit dem er sich wollüstig vermählt.
608 3012 1560 3065 Es sind mystische Schauer um das Bild des Toten, den man
610 3055 1564 3111 ins Leben zurückzwingt. Es zuckt um seine Lippen, als wolle
614 3096 1013 3155 er Verbotenes verraten..
608 3142 1552 3196 Novalis glaubte zu wissen, daß höchste Wollust um das
602 3183 802 3242 Sterben sei.
1430 3187 1524 3257 E. H.
761 3278 1406 3370 Graphologie im Film
598 3345 1559 3438 Arthur Schnitzlers Novelle „Fräulein Else“ ist bekanntlich
598 3423 1559 3464 Ein einztger Mohskog der Heldin — ein einziges Sprechen
602 3464 1548 3525 Denken, Empfiden, Hin= und Hergeworfenwerden, zu dem
609 3509 1553 3567 die Partner nur die Stichworte geben, die mit Recht im
602 3550 1547 3604 Buch durch anderen Druck hervorgehoben werden (wie die
602 3592 1517 3651 szenische Anweisung vor dem Dialog bei einem Drama)
610 3649 1547 3700 und an einer Stelle dient ihr die Musik, durch abstrakte Noten¬
602 3683 1555 3740 schrift wiedergegeben, als Stichwort. Der Einklang mit der
609 3738 1553 3793 naturalistischen Zeit, in der sich die Geschehnisse dieser No¬
1498 3791 1660 3863 S 437 2
2633 127 2808 181 ejourns
2398 130 2502 180 goup
1928 126 2218 180 ireau Internan
2006 167 2741 216 Tradurtiens de ei en toutes languss
1889 273 2850 355 Correspondants dans touten les grandes villes
1888 403 2262 496 Extraft du Journg
2282 412 2673 506 #14teratur
2291 493 2597 569 37 UrTGART
1882 497 2060 574 Adresse:
2444 536 2739 627 Ma4 1999
1882 595 1991 661 Date
1632 937 2571 1019 velle abspielen, wird täuschend geschaffen, jede Nuance des
1626 1011 2574 1061 Wortwerdens eines Gedankens ist festgehalten, in sechs Stun¬
1622 1055 2579 1115 den durchrast Fräulein Else alle Gefühle, ihre Hemmungen
1632 1100 2574 1145 zu überwinden: die Konyention der Gesellschaft, die Unfrei¬
1631 1146 2299 1196 heit der Tat, den Ekel vor dem Erpresser.
1634 1181 2572 1236 Der Film verwendet Schnitzlers Motive in geschmackvoller
1625 1232 2571 1280 Weise. Ein guter Film (Manuskript und Regie: Paul
1636 1276 2578 1336 Lzinner), der sogar, wo er ändert, einmal dichterisch ist:
1622 1316 2573 1379 Fräulein Else hat bereits das Verenal genommen, um ster¬
1633 1369 2582 1414 bend die Bedingung zu erfüllen, die den geliehten Vater von
1628 1409 2569 1460 der Verhaftung befreien soll, da fällt ihr ein, daß ihre Bade¬
1624 1459 2574 1508 wanne überläuft, sie will umkehren und erinnert sich daran,
1626 1493 2574 1547 daß sie sich diesen Aufschub nicht mehr leisten kann, wenn sie
1635 1536 2570 1589 ich Herrn von Dorsday hüllenlos zeigen will. (Man möchte
1633 1593 2582 1645 innehmen, daß diese Wendung von der Darstellerin der
1619 1622 2584 1680 Hauptrolle seiber stammt, in der Elisabeth Bergner eine
1625 1674 2575 1730 ihrer stärlsten Leistungen bietet. Neben solchen Höhepunkten
1619 1728 2574 1788 wirkt die billige Landschaftsymbolik, Abgrund und Wolken,
1626 1755 1881 1819 besonders blaß.)
1627 1801 2576 1852 Schnitzlers Novelle spielt in der Seele der Heldin, noch die
1619 1847 2569 1906 reale Voraussetzung ihrer fraulichen Konstitution, ihr Un¬
1625 1891 2570 1954 wohlsein, dient dazu, den psychischen Zustand Fräulein Elses
1620 1932 2576 1993 zu durchleuchten. Das Geschehen des Films spielt in den
1630 1976 2572 2027 renken Räumen von Wien und St. Moritz — und das Da¬
1617 2035 2579 2082 gewesene, Kolportagehafte der Prämisse drängt sich vor, um
1637 2077 2574 2132 o mehr als das seelchenhafte Etwas der Bergnerschen Erotik
1634 2116 2330 2166 etwas Voyeur=Wünsche Entwaffnendes hat.
1618 2155 2573 2212 Mehr als im Schauspiel, wo dem Dichter das Wort zur Ver¬
1621 2200 2576 2255 fügung steht, ist im Film der Darsteller selbst als drama¬
1623 2249 2571 2301 tische Kraft eingesetzt. Die Art der Bergner läßt es unwahr¬
1635 2289 2567 2341 cheinlich erscheinen, daß man ihr die Bedingung stellt, ihre
1623 2336 2573 2387 Reize zu offenbaren, aber sie macht es glaubhaft, daß sie
1619 2379 2574 2428 diese Bedingung nicht erfüllen kann, ohne zu zerbrechen.
1625 2419 2572 2477 Lbense kann Steirücks Gianzleistung wohl die Neigung
1613 2465 2572 2521 Dorsdays erklären, nicht aber, daß er vor diesem Fräulein
1616 2506 2575 2557 Else seine Wünsche äußert.) Auf der anderen Seite fügt sich
2280 3491 2396 3583 De
1784 3677 2380 3743 Elisabeth Bergner als „Fräulein Eise“.
1849 3729 2323 3806 Zeichnung von B. F. Dolbin
