3296 4256
267 135 410 214 31.
1292 132 1642 222 box 5/3
440 136 1118 206 Fraeulein Else
446 183 1106 247 Ka —   I  ehete eeteneneeennen.
433 702 1374 763 Arlen konnten die Deutsche.„Schaupten,
566 834 1356 918 Der neue Bergner=Film.
576 895 1337 969 „Fräulein Else“ im Capitol.
444 958 1562 1023 Schnitzlers Novelle „Fräulein Else“ geht gleichsam in ein
359 1019 1558 1056 paar tiefen Atemzügen dahin. Und in ihnen ist Trieb und
371 1051 1562 1100 chicksal, Pein und Lösung des Fräulein Else und auch der mit
370 1091 1548 1133 ihnen verketteten Menschen enthalten. Wie Elisabeth
362 1129 1551 1182 Bergner vor wenigen Jahren diese Novelle vorlas, ist noch
368 1168 1551 1221 in vieler Gedächtnis. Sie offenbarte bei dieser sprecherischen
369 1207 1562 1261 Interpretation schon derartig starke mimische Gesichte, daß man
369 1246 1080 1307 sagte: sie hat Fräulein Else gespiel
1080 1252 1114 1295 t.
448 1276 1551 1338 Aber dieser Stoff wäre für die Bühne zu fern, zu sein und
361 1323 1552 1377 zu weit. Auch der Film der nun den Stoff ausgenommen hat,
365 1359 1550 1415 ist in seiner Herrschaft über Raum und Zeit vielleicht weit genug,
368 1405 1544 1449 aber nicht sein, nicht fern genug: seine Nähe wird hier fast zur
367 1442 1545 1488 Grobheit. Immerhin, er ist taktvoll gemacht, dieser neue
367 1476 1547 1524 Bergner=Film, und selbst die wirkungssicheren Bergsportbilder in
368 1517 1552 1581 St. Moritz sind den wichtigen Geschehnissen, wenn auch nicht
364 1553 1546 1607 untergeordnet, so doch eingeordnet und künstlerisch gesehen.
370 1599 1552 1647 Elisabeth Bergner also — keine ander konnte die Else
376 1637 1546 1680 ein! Das lachende, kindlich dankbare Mädchen, das ahnende
359 1676 1550 1725 Weib, die erschrocken Schauende, die Kämpfende und die sich
367 1714 1548 1758 lleberwindende — jede dieser Phasen wurde vor uns ergreifendes
370 1753 1551 1808 Leben, und wahre Wunder sind die Verbindungslinien zwischen
366 1789 770 1837 ben einzelnen Phasen.
441 1829 1552 1884 Eines muß allerdings beschämend festgestellt werden: das
1274 1870 1554 1917 — ein Bericht
730 1867 1107 1931 — veraltet. Es ist
1108 1872 1274 1918 — leider
358 1865 729 1925 „Problem“ ist heute
1468 1909 1547 1956 und
368 1905 1460 1958 aus vergangener Zeit, wo ein Weib seine Preisgabe —
363 1941 1548 1994 sollte der Zweck ein noch so ehrlicher und hoher sein — mit dem
363 1987 1555 2029 Tode sühnen zu müssen glaubte. Aber die Kunst der Bergner
353 2025 1552 2071 macht die Vergangenheit zur Gegenwart Vor allem auch, weil
368 2058 1559 2105 der Vater, für dessen geschäftliche und menschliche Rettung Else
369 2100 1545 2153 ich opfert, von Albert Bassermann dargestellt wurde,
359 2142 1557 2189 der wirklich glaubhaft ein gental angelegter Lebensspieler war,
361 2178 1551 2222 dazu ein herzlicher Vater und endlich ein Erschütterter, Gestürzter.
355 2219 1552 2264 In der vielsagenden Kraft jeder Bewegung standen er und die
366 2249 1469 2303 Bergner auf gleicher Stufe, er allerdings männlich bewußt.
441 2300 1562 2346 Eine besondere Weise erhielt die Vorstellung dadurch, daß
362 2328 1546 2379 der jüngst verstorbene Albert Steinrück hier (in der Rolle
367 2380 1557 2423 des Herrn von Dorsday) noch einmal vor den Zuschauern er¬
363 2417 1547 2464 schien, die er von der Sprechbühne herab so oft vom Werk echter
362 2451 1553 2498 Menschendarstellung überzeugt hat. Um ihren toten Kollegen zu
370 2496 1546 2543 ehren erschienen Frau Bergner und Herr Bassermann nicht, wie
365 2528 1558 2584 dies sonst wehl üblich ist, um persönlich für den starken Beifall
364 2569 1552 2631 zu danken. Sie ließen den Dank von einem Vertreter ausrichten
361 2606 894 2674 und hielten sich selbst zurück.
433 2690 1545 2746 In den Kammerspielen findet in der kommenden Woche die Erstaus¬
360 2719 1549 2781 führung von Leonhard Franks Schauspiel „Die Ursache“ statt. Die
369 2765 1548 2816 Hauptrollen liegen in den Händen der Damen Frida Richard. Gertrud
353 2805 1546 2844 Eysoldt Blandine Ebinzer und der Herren Ernst Deutsch, Carl Göt, Her¬
351 2843 1563 2894 mann Ballentin, Walter Gynt. Erich Walter, Carl Jönsson, Camille
361 2871 1305 2937 Kossuth; Regie: Hans Deppe, Bühnenbild: Ernst Schütte.
391 3034 1417 3131 bcgarn aechgerwatte
735 3153 1162 3290 §. ü. 20
2229 974 2560 1056 Neue Filme.
2211 1047 2606 1139 Fräulein Else.
2314 1124 2504 1187 Capitol.
1961 1179 2923 1240 Unzweifelhaft haben die Hersteller dieses Films nicht
1885 1228 2928 1270 an das Geschäft gedacht, das ist zunächst einmal eine er¬
1880 1267 2926 1317 freuliche Feststellung. Man wollte aber nun auch nicht so
1894 1304 2930 1349 unbedingt einen Kunstfilm (trotzdem es einer geworden
1880 1337 2927 1386 ist), am Anfang und am Ende dieses Werkes steht Elisa¬
1886 1381 2926 1433 beth Bergner; ein Starfilm sollte es werden, aber
1883 1419 2924 1466 keiner der gewöhnlichen Art, nicht so aufdringlich und statt
1895 1460 2920 1506 dessen mehr gekonnt, kurz ein Werk, das der Besonderheit,
1886 1499 2932 1545 fast möchte man sagen Einzigartigkeit der Bergner gerecht
1892 1531 2931 1580 wird. Und dieses Ziel ist denn auch weitgehendst erreicht.
1883 1570 2926 1616 Die Bergner als „Fräulein Else“ (nach der Novelle von
1890 1608 2939 1655 Arthur Schnitzler) entzückt wieder durch die Musikalität
1896 1648 2932 1692 hres Wesens, durch das wunderbar Natürliche und zu¬
1893 1685 2934 1733 gleich Verhaltene ihres Spiels, kurz durch jene mimosen¬
1893 1730 2930 1778 haft zartbesaitete Note ihrer Persönlichkeit, die sie zum
1889 1766 2929 1812 Liebling von ganz Berlin gemacht hat. Ueberdies ist sie
1890 1809 2931 1849 uns im Film noch nicht so vertraut, daß gewisse Wieder¬
1893 1838 2927 1888 holungen stören könnten, der Filmbesucher wird auch nicht
1899 1876 2942 1925 jene leise Maniriertheit bemerken, die dem Theaterbesucher
1897 1917 2937 1963 jedenfalls langsam auffällt, der die Bergner in den meisten
1888 1956 2941 2003 ihrer Rollen sah. Kurz, es bleibt wieder ein ungetrühter
1896 1996 2942 2043 Genuß, dieses grazile, fast ein wenig ätherische Persönchen
1888 2036 2938 2082 mit dem wundervollen Rhythmus ihrer Bewegungen zu
1897 2065 2935 2120 sehen. Man hat ihr ausgezeichnete Gegenspieler gegeben.
1895 2109 2939 2151 Albert Bassermann gibt mit der ganzen Wucht seiner
1897 2150 2932 2194 Persönlichkeit den Vater, Albert Steinrück sieht man
1990 2187 2937 2236 seiner vielleicht reifsten Filmleistung als den
1900 2191 1992 2232 in
1902 2224 2943 2287 Freund des Hauses, der an Fräulein Else
1899 2263 2944 2308 das unwürdige Verlangen stellt, Steinrück umreißt
1905 2293 2938 2344 mnit einer geradezu unheimlichen Sicherheit und
1898 2339 2938 2393 Prägnanz den Typ des ältlichen Genießers, ganz einzig¬
1897 2377 2931 2425 irtig, wie er die kultivierte Brutalität auszudrücken weiß.
1889 2416 2944 2459 Recht farblos bleiben daneben Grit Hegesa, die man
1894 2450 2935 2504 seit einer Reihe von Jahren wieder im Film sieht und Jack
1892 2491 2938 2542 Trevor. Paul Cziener besorgte die Inszenierung
1904 2569 2934 2619 ängstlich um den Rhythmus einer jeden Szene bemüht und
1891 2605 2929 2651 manchmal hat man das Gefühl, daß da eine beinahe
1896 2648 2940 2696 übertriebene Sensibilität waltete. Einen inneren Bruch
1895 2682 2940 2727 muß man allerdings bei diesem Film feststellen, und das
1896 2722 2943 2771 ist der dramatische Konflikt, die Tatsache, daß dieses
1902 2798 2949 2852 Ansinnen an sie stellt, sich ihm hüllenlos zu zeigen. Eine
1899 2844 2945 2889 moderne Frau, mit der ich nach der Premiere darüber
1900 2876 2945 2923 sprach, meinte, diesen Typ gäbe es unter unserer heutigen
1896 2921 2948 2969 Jugend nicht mehr, darüber sei diese längst hinaus. Dieses
1898 2953 2937 3002 Gefühl des Zeitfremden bekommt man auch in der Tat bei
1902 2991 2949 3037 dem Film, aber der Genuß, die Bergner zwei Stunden
1902 3033 2942 3080 lang zu sehen, hilft einem darüber hinweg. Ueberdies
1898 3070 2944 3131 wußte Czinner das Leben und Treiben in St. Moritz
2587 3108 2885 3168 Fritz Olimsky.
1879 3100 2359 3179 faszinierend zu schildern.
1978 3207 2112 3247 —0—
