3248 4256
1114 166 1417 253 box 5/
74 167 924 256 31. Fraculein Else
818 231 914 267 ur!
742 228 772 262 —
437 613 1036 690 Dr. Max Goldschmiet
439 675 1031 732 Büro für Zeitungsausschnitte
251 701 521 778 BERLIN N 4
807 716 1213 780 Telefont Norden 3051
580 792 884 851 Ausschnitt sus:
384 827 1076 908 8 Uhr Abensblatt, Berlin
755 1055 1137 1140 31 März 1925
421 1178 1144 1283 Arthar Schnißler: „Fräulein Ese“.
410 1260 1198 1338 Diese Novelle Schnitzlers (im Paul Zsol¬
365 1311 1192 1369 nay=Verlag. Min blendendes
359 1343 1188 1420 Virtuosenstück jener pfychologischen Erzählungs¬
361 1388 1197 1466 kunst. von der eine jüngere Generation nichts
356 1430 1189 1501 mehr wissen will, und leider auch nicht viel
358 1482 1191 1542 weiß. Schnitzler, der reise Meister, nimmt hier
358 1518 1190 1586 noch einmal die Techrik seiner Jugendnovelle
352 1560 1189 1640 „Leutnant Gustl“ auf: die ganze Geschichte,
347 1603 1190 1672 130 Seiten, spielt an einem einzigen Abend, in
358 1649 1192 1719 wenigen Stunden, und ist als ununterbrochener
344 1691 1184 1755 Monolog der Heldin in Ich=Erzählung hingelegt.
397 1744 1180 1800 Die Schilderung der Vorgänge, die Seelen¬
338 1779 1186 1849 zerklaubung, wird nicht objektiv=analytisch vor¬
348 1822 1190 1885 genommen, sondern das Draußen und Drinnen
351 1865 1182 1928 muß sich der Leser erdichten aus dem Selbst¬
348 1906 1185 1959 gespräch der Heldin. einer schonen, jungen, ele¬
343 1946 1191 2018 ganten Dame in Mactino di Castrozza, die für
347 1989 1191 2061 ihren bankrotten Vater einen reichen Herrn um
343 2037 1191 2101 ein Darlehn bitten soll; worauf dieser den
339 2074 1184 2152 nackten Anblick des Fräuleins fordert, das trotz
344 2114 1182 2187 ihrer zeitgemäßen feellschen Struktur ob dieser
342 2156 1181 2233 Forderung aus den Fugen birst und sich in
341 2200 1105 2270 hysterischem Anfall mit Veronal umbringt.
396 2249 1184 2316 Wie das Innere dieses Mädchens bloßgelegt
330 2283 1181 2360 ist, wie ein Dutzend Personen gespenstisch und
339 2328 1176 2391 doch klar sichtbar werden, wie sich das Hotel des
335 2370 1182 2440 Kurorts und die Familie im sernen Wien mit
344 2413 1181 2480 ein par Strichen und Tupfen greifbar aus¬
331 2451 1176 2535 breiten, wie die Heldin im Irrsinnstrubel sich
342 2498 1180 2566 selbst hinpeitscht zur Exhibition, plötzlich nackt
336 2544 1170 2613 vor den Hotelgästen zu stehen, — da ist gar keine
336 2580 1166 2652 Kritik erforderlich, weil hier letzte Möglichkeiten
333 2623 1165 2690 der in sprachliche Darstellungskunst verwandel¬
328 2666 1166 2740 ten Seelenkenntnis erreicht sind . . . wobei nicht
333 2708 1176 2786 gefragt werden soll, ob es Technik oder Dichtung
340 2755 1171 2831 ist, wodurch dies Bewunderungsgefühl in uns
323 2796 589 2867 erweckt wird.
797 2805 1121 2869 Kurt Pinthus.
2010 574 2601 667 Dr. Max Goldschmiet
2005 638 2594 718 Büro für Zeitungsausschnitte
1824 669 2089 743 BERLIN N 4
2367 700 2783 769 Telefon: Norden 3051
2131 760 2450 837 Russchnift aus:
1817 789 2784 903 Essener Allgemeine Seitung, Essen
2423 1030 2757 1130 4 Ans 4028
2169 1119 2513 1227 Zücherschau.
2228 1215 2438 1303 Novellen.
1916 1275 2846 1349 Fräulein Else von Arthur Schnitler. Verlag
1843 1340 2842 1393 Paul Zsolnay, Berlin. — S#la#ist Mie###und die
1844 1367 2844 1424 wienerische Athmosphäre, das Müde einer sterbenden Kul¬
1849 1409 2852 1471 tur, die spielerische Melancholie gaben seinen früheren Wer¬
1848 1450 2850 1506 en die bestimmende Klangfarbe. Seine naturalistische Kunst
1851 1501 2847 1547 vermochte Stimmung einz##angen und ließ eine lesse ge¬
1851 1529 2844 1582 dämpfte Musik der Seele mie im „Anatol“, in der „Liebe¬
1851 1569 2844 1623 lei“ erklingen. — Aber wohin haben die Zeiten diesen
1855 1610 2843 1670 liebenswürdigen Leichtsinn, die müde Skepfis, dieses Ge¬
1845 1643 2845 1699 bilde von Traum und Spiel verweht? — Das Schicksahl
1848 1681 2850 1741 ging über die Menschen dahin und hat sie ernster und
1849 1737 2845 1783 härter gemacht. Das wirhelnde, hetzende Tempo eines
1848 1763 2840 1821 neuen Lebens hat auch ein neues Lebensgefühl geformt.
1900 1804 2844 1861 Etwas von dieser schicksalhaften Wandlung ist auch in
1852 1846 2853 1901 Schnitzlers neuem Werk zu spüren, das die Herkunft von
1847 1884 2850 1935 Naturalismus und die Schnitzler eigene Selbstreflexion,
1851 1923 2843 1974 oft auch noch das Spielerische nicht verleugnen kann. Aber
1857 1966 2842 2010 eine Gestrafftheit in Form und Sprache, ein eilendes unt
1846 2003 2845 2052 zwingendes Tempo machen sich geltend, wie wir es an
1849 2048 2844 2090 Schnittersonst-nicht gewöhnwar Die Begepesher
1847 2081 2848 2129 ist kurz erzählt. Fräulein Else, Tochter eines Wiener An
1847 2119 2852 2186 walts, dessen Siun für Ehrlichkeit nicht stark ausgepräg
1849 2155 2838 2207 ist, hält sich in einem südlichen Kurort auf. Um Ver¬
1855 2203 2840 2249 untreuungen ihres Vaters zu decken und ihn zu reiten
1850 2235 2843 2287 muß sie einen im Hotel weilenden Bekannten um eine hoh
1861 2270 2795 2320 Geldsumme bitten, die dieser ihr gewähren will, wenn
2794 2276 2833 2329 si
1852 2317 2840 2368 sich ihm nackt zeigt, denn „alles auf der Welt hat seinel
1862 2354 2843 2405 Preis. In ihrer Verzreeiflung und allzu frühen und
1860 2392 2831 2440 bitteren Menschenerkenntns und um sich an Dorsdays un
1861 2442 2841 2484 geheuerlicher Zumutung zu rächen, erfüllt sie seine Ford¬
1860 2472 2835 2518 rung auf ihre Art. Hüllenlos zeigt sie sich ihm vor aller
1866 2505 2833 2552 Menschen in der Hotelhalle, bricht zusammen und nimm
1850 2523 2854 2603 Veronal, das sie von allen Drangsalen des irdische
1854 2591 2840 2637 Lebens erlöst. — Die Handlung wäre sensationell un
1845 2631 2854 2679 nichts weiter, venn der Dichter sie nicht vom Menschliche
1833 2663 2840 2728 her durchleuchtete und der Novelle eine neuartige Forn
1854 2706 2853 2746 und damit eine unerhörte Konzentration verliehen hätte¬
1858 2745 2844 2794 Die Novelle ist fast ein ununterbrochenes Selbstgespräck
1852 2786 2840 2828 von Fräulein Else. Ihre Gedanken vom beendeten nach
1850 2820 2849 2877 mittäglichen Tennisspiel bis zum abendlichen Tod, die er#
1841 2864 2863 2913 bunt und lustig durcheinandergehen, bis sie immer gehetz'
1834 2985 2846 3043 ter, immer verzweifelter zum unabänderlichen, letzten Aus¬
1839 3027 2842 3079 weg führen, geben das erschütternde Bild ihres Lebens,
1836 3067 2834 3115 ihrer Umgebung, ihrer kleinen Abenteuer ihrer enttäusch¬
1836 3105 2836 3153 ten Erfahrungen. Die durch die monologische Form er¬
1837 3144 2837 3201 reichte Einheit hat der Navelle derart viel an Innerlich¬
1838 3183 2836 3235 keit, psychologischer Feinheit, an Spannkraft verliehen,
1832 3222 2837 3262 daß ihre Lesung zu einem Ereignis wird. Das hohnvolle
1841 3263 2844 3314 „Adresse bleib: Fiala“ (die Adresse, an die das erbetene
1844 3304 2838 3348 Geld geschickt werden soll) klingt wie das unerbittliche
1845 3343 2837 3389 Pochen des Schicksals immer wieder auf. — Daß an
1846 3382 2831 3427 Menschliches, Inneres gerührt wird, darf man bei einem
1841 3418 2839 3470 dichter vom Range Schnitzlers erwarten. Besinnliches,
1840 3461 2834 3508 Stimmungshaftes läßt zwar die monologische Begeben¬
1838 3497 2839 3546 heit in ihrem unerbittlichen Ablauf kaum zu, desto stärker
1849 3539 2832 3581 wvirkt dann etwa solch eine Stelle, an der das kleine
1843 3576 2837 3619 Fräulein Else in ihrer Verzweiftung bekennt: „Es gibt
1845 3617 2839 3667 Telegramme und Hotels und Berge und Bahnhöfe und
1845 3656 2845 3705 Wälder, aber Menschen gibt es nicht. Die träumen wir
2028 3694 2844 3740 Schnitzlers Novelistik hat in dieser Dichtung
1845 3693 1918 3738 nur.
1851 3720 2842 3774 icherlich einen Höhepunkt erreicht und sein Werk, wird der
1842 3769 2855 3826 mneren Form nach auch für die kommende Kunst von Be¬,
1846 3809 2076 3879 deutung sein.
2562 3801 2785 3878 Dr. M.=Sch.
1907 3852 2168 3912 Cinown.
