3296 4224
272 156 1106 228 31. Fraeulein EIse
1035 218 1127 263 —
654 220 733 257 —
479 207 508 251 1
360 1363 1090 1494 ho. 4 G. S###
722 1471 1047 1598 F. f. 26.
364 1586 1253 1719 Die Beraner liest Schnitzler
427 1714 1252 1777 Gestern, Dichterabend des Verbandes
367 1767 1241 1836 Deutscher Erzähler, riß das Ingenkum
370 1826 1247 1885 Elisabeth Bergner Epik hinauf ins
371 1859 1246 1929 Drama. Freilich mit Schnitzler, der bei allem
381 1921 1240 1979 Hang ins Seelendetail immer theaterverwandt
372 1960 1238 2035 bleibt, auch als Erzähler. Ueberdies ist „Frau¬
376 2011 1240 2071 lein Else“, in der Einheitlichkeit und Knapp¬
378 2062 1243 2138 heit des inneren, der Schlagkraft des äußeren Ge¬
374 2115 1236 2179 schehens, und durch die di gische Form geradezu
379 2167 1249 2224 eine dramatische Novelle. Bergner spricht mit
889 2208 1241 2285 das Wiener junge
371 2213 801 2283 drei Stimmen: Fräulet.
373 2270 1243 2331 Mädchen, das sich als P## die Rettung ihres
376 2309 1241 2366 Defraudentenpapas einem Roue nackt zeigen muß
373 2366 1239 2419 und dann, im Nervenzusammenbruch, Gift nimmt)
387 2414 1252 2477 — Fräukein Else mit sich, Fräulein Eise mit den
378 2461 1246 2523 andern, die andern Es wird großes, stilles, be¬
375 2521 1251 2573 klemmendes Drama, Schnitzlers gescheiter Psycho¬
381 2561 1240 2617 logismus verläßt, von der immer verschleierten
384 2611 1243 2663 immer zurückgehaltenen, immer dunkel gespaniten
379 2652 1236 2715 Kraft dieses Schauspielerwesens getragen, den
381 2719 1246 2767 Einzelfall. Der Saaf ist dunkel; im schmalen Licht¬
383 2759 1241 2816 kegel hat die dramatische Müse ihr Gesicht aus dem
373 2807 1254 2871 Imposanten ins Geängstete gewandelt, die Kraft
386 2865 1245 2910 dieser Frau braucht für die stärkste Wirkung
388 2917 1253 2970 gegenwärtiger ###orkunst das schmalste Vo¬
391 2947 1244 3012 umen, die ger Lungenkraft, den geringlten
389 3001 1253 3062 Aufwand. Hier, wo nichts mithilft, keine Kulisse,
386 3058 1249 3111 leine Folie, keine technische Illusion, wird dieses
392 3097 1254 3165 verschüchterten Dämons Gabe, zu bluten und zu
390 3144 1248 3207 werben, vollends ein Wunder. Nachher liest
391 3197 1241 3268 Schnitzler selbst. „Leutnant Gustl“; einfach
385 3248 1249 3321 ohne Kunst, sehr klar, wienerisch. Sein Haupt
379 3307 821 3382 ist grau geworden ...
882 3351 1224 3418 Walter Steinthal.
1314 148 1650 243 box 5/2
1257 638 2222 726 Deutsche Allgemeine Zeltung, Serlin
1846 758 2034 846 —„
1311 831 2212 931 Arthur Schnitzler und Elisadeth Bergner
1579 897 1909 990 im Reichstag.
1380 974 2203 1025 Diese beiden Namen machten, daß der
1324 999 2186 1075 große Reichstag voll war bis zum fernsten Em¬
1324 1055 2186 1115 porensitz; so besetzt wie wohl kaum sonst je, wenn
1321 1095 2200 1152 auch amtlichster Ernst die bequemen Ledersessel
1324 1125 2181 1185 drückt. Dafür ist aber auch „Dichterabend des Ver¬
1320 1164 2182 1227 bandes deutscher Erzähler“, und Georg Engel,
1324 1204 2185 1261 der Vorsitzende, findet in seinen Begrüßungs¬
1327 1247 2193 1306 vorten die Formel für der Seelen Zwiespalt, als
1326 1283 2179 1347 er etwa sagt, dies Haus sei gewiß ein hohes, aber
1314 1321 2187 1378 heute sei es das Hohe Haus des Geistes. Darauf¬
1322 1366 2191 1423 hin klatschte jemand, was aber auffielweil er der
1321 1405 2189 1454 einzige war, er hatte da offenbar etwes als guten
1318 1434 2151 1491 Witz verstanden, was gar nicht so gemeint war.
1374 1479 2175 1530 Danauf las Fräulein Bergner die Novelle
1325 1507 2179 1575 „Fraulein Else“. Wenn ich dem Präsidentenstuhl,
1311 1556 2176 1614 der an diesem Abend ausnahmsweise phonetischer
1313 1591 2178 1651 Mittelpunkt war, näher gewesen ware, würde ich
1320 1628 2186 1691 sicher sagen dürfen, der Vortrag sei sehr gut ge¬
1321 1676 2174 1717 wesen; würde vielleicht sogar behauptet haben.
1323 1710 2170 1767 man hätte beinahe das Gefühl gehabt, daf
1319 1743 2173 1806 Schnitzler „Fräulein Else“ zum Vortrag durch
1316 1783 2174 1837 Fraulein Bergner geschrieben habe. So aber
1322 1829 2180 1879 pitzte ich die Ohren durch lange Partien — und
1323 1868 2175 1923 s sind sehr lange darin — vergeblich und möchte
1314 1902 2178 1962 wahrhaftig die Ohren der Leutchen auf den
1314 1936 2173 1996 Tribünen haben, die hernach wie rasend klatschten.
1366 1977 2175 2044 Damit ist der elementare Mangel umschrieben,
1315 2022 2169 2075 an dem der Abend litt: Rezitation ist schließlich
1317 2060 2179 2109 doch Wirkung der Stimme im Raum. Und wenn
1313 2098 2165 2149 der Raum zu groß oder die Stimme zu klein ist
1312 2132 2171 2183 dann ist es eben nicht mehr Rezitation, sondern
1314 2176 2166 2216 eine Familienveranstaltung, für den engeren
1314 2206 2175 2268 Kreis der zunächst Sitzenden. So etwas kann auch
1315 2247 2173 2309 sehr fein und von künstlerischer Wirkung sein;
1311 2292 2176 2347 aber wenn man das Platzpech hat, nicht zur Fa¬
1309 2330 2175 2387 milie zu gehören, dann kann man eben über die
1308 2362 2179 2410 Wirkung nichts aussagen, noch darf man gar dar¬
1304 2398 1555 2454 über schreiben.
1364 2430 2185 2503 Fur die nächste Elisabeth Bergner=Ver¬
1314 2482 2162 2533 instaltung im Reichstag — denn als solche ekwies
1306 2517 2164 2587 sich dieser Schnitzler=Abend — bringo ich mir ein
1312 2556 2168 2615 eiserne Ausrüstung mit: entweder en wohl¬
1306 2596 2168 2645 gewölbten Hörtrichter aus Blech oder ein Prismen¬
1300 2638 2156 2694 binocle. Gerechtigkeit aber gebietet, noch dieses
1303 2688 2149 2739 nitzuteilen: Als „Fräulein Else“, die für ihren
1305 2727 2169 2768 traffälligen Vater 30 000 Gulden von einem lebe¬
1297 2767 2143 2819 tüchtigen Vicomte=Greis dadurch ergattaen muß
1291 2799 2158 2860 daß sie sich ihm ohne alle Hülle zeigt, zum Schluß
1296 2839 2154 2897 Veronal nimmt und lallend stirbt — da brauchte
1290 2880 2150 2944 man keine Worte verstehen, Elisabeth Bergner
1300 2917 1854 2962 virkte ohne dies und wirkte gut.
1342 2953 2150 3011 Im Anschluß daran las Arthur Schnitzler
1294 2996 2162 3042 selbst seine Novelle „Leutnant Gustl“ Mit.seinem
1294 3032 2157 3084 teils leicht, teils schwieriger weanerisch gefärbter
1291 3071 2154 3125 Organ stand er tapfer und mit Innerlichkeit
1295 3110 2150 3161 inter seinem Leutnant, den ein Bäckermeister
1290 3150 2143 3195 abends im Konzert einen dummen Bub gescholten
1284 3187 2147 3240 hat, und der sich im Verlaufe einer Nacht derart
1295 3232 2148 3280 n seinen Ehrbegriffen verheddert, daß einzig der
1290 3263 2155 3308 Schlaganfall des Insultanten ihm das Leben
1287 3301 1473 3352 wiedergibt.
1347 3342 2165 3398 Der Beifall war aber nicht so groß wie bei
1281 3368 1623 3439 Elisabeth Bergner.
1945 3386 2123 3454 Maxim.
2207 2502 2262 2553 —
2249 3247 2282 3295 4
2321 1164 3117 1250 Neue Berliner 12 Uhr-Zeitung
2330 1494 3222 1601 Die Veraner lieft Schnitz er
2393 1584 3227 1678 Gestern, Dichterabend des Verbandes
2340 1648 3222 1715 Deutscher Erzähler, riß das Ingenium
2343 1702 3216 1767 Elisabeth Bergner Epik hinauf ins
2344 1745 3222 1821 Drama. Freilich mit Schnitzler, der bei aller
2343 1801 3217 1862 Hang ins Seelendetail immer theaterverwandt
2348 1847 3212 1913 bleibt, auch als Erzähler. Ueberdies ist „Fräu¬
2340 1889 3205 1964 lein Else“ in der Cinheitlichkeit und Knapp¬
2338 1947 3200 2009 heit des inneren, der Schlagkraft des äußeren Ge¬
2354 2006 3200 2058 chehens, und durch die dialggische Form geradezu
2348 2047 3202 2103 eine dramatische Nooelle. Die Bergner spricht mit
2340 2098 3200 2157 drei Stimmen: Fräulein Else (das Wiener junge
2349 2152 3214 2207 Mädchen, das sich als Preis für die Rettung ihres
2339 2193 3211 2263 Defraudantenpapas einem Roue nackt zeigen muß
2337 2253 3198 2312 und dann, im Nervenzusammenbruch, Gift nimmt)
2405 2296 3217 2366 Fräulein Else mit sich. Fräulein Ese mit den
2339 2348 3215 2400 andern, die andern Es wird großes, stilles. be¬
2344 2399 3214 2453 kleinmendes Drama, Schnitzlers gescheiter Psycho¬
2345 2439 3211 2503 logismus verläßt, von der immer verschleierten,
2342 2503 3207 2554 immer zurückgehaltenen, nmer dunkel gespannten
2342 2538 3211 2592 Kraft dieses Schauspielerwesens getragen, den
2352 2585 3202 2653 Einzelfall. Der Saa' ist dunkel; im schmalen Licht¬
2343 2638 3199 2693 legel hat die dramatische Muse ihr Gesicht aus dem
2341 2689 3217 2741 Imposanten ins Geängstete gewandelt die Kraft
2344 2741 3222 2804 dieser Frau braucht für die stärkste Wirkung
2721 2783 3209 2851 rkunst das schmalste Vo¬
2340 2782 2716 2865 gegenwärtiger
2724 2833 3207 2895 Lungenkraft, den geringsten
2360 2836 2622 2902 umen, die ger
2347 2887 3212 2949 Aufwand. Hier, wo nichts mithilft, keine Kulisse,
2355 2932 3210 2990 eine Folie, keine technische Illusion, wird dieses
2353 2983 3216 3054 erschüchterten Dämons Gabe. zu bluten und zu
2344 3029 3212 3089 werben, vollends ein Wunder. Nachher liest
2349 3074 3207 3138 Schnitzler selbst „Leutnant Gustl“; einfach,
2351 3133 3205 3203 ohne Kunst, sehr klar, wienerisch. Sein Haupt
2352 3181 2788 3262 ist grau geworden ...
2844 3228 3174 3296 Walter Steinthal.
