3296 4256
909 56 1127 106 Prren
1765 122 2629 203 31. Fraeulein Else
1959 182 2375 226 iVTTT•
670 175 1040 251 Ausschnitt aus:
684 237 721 299 1
972 276 1352 391 Die Stande, Wieg
687 405 807 456 vom:
972 379 1392 488 3.NOV. 1935
774 458 1078 618 KETN
1298 535 1938 643 lKsles
1091 597 1167 647 S
1000 1936 1703 2007 Paul Czinner und Elisabeth Bergner
1349 2031 2128 2105 auf. Dann kam Klabunds „Kreidekreis
498 2037 1338 2103 Zwei Wiener — und nun ein weltberühm¬
1355 2102 2209 2143 und nun war sie ggemacht“. Sie konnte hier
472 2092 1323 2159 tes Paar. Uber beide, besonders aber über
1353 2142 2216 2197 alle ihre Begabung, ihr ganzes Wesen voll
496 2139 1324 2197 Sie“ kann man kaum viel Neues sagen
1369 2179 2223 2232 ind ganz mitspielen lassen — und gewann,
477 2167 1338 2241 enthüllen“ „verraten“ zu aufmerksam und
1362 2223 2230 2277 auf eine Weise, wie in Berlin lange nicht
469 2225 1324 2274 herzlich hät man ihren Weg verfolgt. Elisa¬
1368 2267 2222 2313 ine Schauspielerin gewann. Es kam ihr un¬
468 2268 1334 2317 beth Bergner fiel in Wien zum erstenmal
1364 2308 2227 2354 vergessenes „Fräulein Julie“, schließlich
470 2310 1320 2365 in einem Ritualmordstück von Arnold Zweig
1359 2354 2218 2398 ihre auch die Gegner bezwingende Rosalinde
472 2362 1336 2409 auf; sie spielte einen Knaben. Bis es dazu
1368 2395 2227 2456 n „Wie es eucn gefällt“, ihre „Heilige
481 2413 1324 2455 kam, bis Elisabeth Bergner zum erstenma
1373 2444 2214 2498 Johanna“ unter Reinhardts Regie, es kamen
467 2438 1334 2494 auffiel — mußte sie an sich glauben, und
1362 2483 2213 2537 traurige und heitere Rollen ohne Zahl,
475 2486 1327 2539 dieser Glaube an sich selbst wurde durch
1371 2521 2225 2581 eichtes und Schwereres — und schließlich
470 2521 1325 2587 den Glauben, den andere ihr schenkten, ge¬
1365 2576 2225 2625 schuf sie auch im Film (damals noch in der
486 2568 1334 2635 nährt und gestärkt. Eine Gruppe junger
1365 2614 2225 2672 Stummfilmzeit) Gestalten voller Poesie, wie
482 2619 1326 2670 Leute hielt zu ihr, förderte sie gedanklich
1368 2656 2222 2714 sie, besonders im deutschen Film, ganz un¬
474 2657 1343 2718 und ideelich, vor allem der Lyriker Albert
1365 2702 2218 2758 gewohnt waren: „Geiger von Florenz“
477 2712 1336 2777 Ehrenstein setzte sich für sie ein — und das
1378 2741 2221 2793 Donna Junna“ und „Fräulein Else“ (nach
481 2739 1341 2799 zarte, schmächtige Mädchen setzte sich
1361 2788 2217 2844 Schnitzler) waren Kunstwerke, besonders
482 2782 1336 2846 durch. Ja, gerade ihre wunderbare Zartheit
1363 2816 2225 2884 der Film „Fräulein Else“ war eine der
482 2832 1339 2908 verlieh ihr den Reiz des AuBergewöhnlichen,
1371 2872 2220 2931 Schnitzlerschen Novelle kongeniale Schöp¬
471 2881 865 2945 das aufmerken ließ.
1366 2919 2182 2970 ügenegien führte hier Paul Czinner.
538 2895 1333 2982 on Wien ging Elisabeth Bergner nach
1402 2961 2216 3014 Er war in Wien Schauspieler und Regis¬
470 2957 1340 3020 Zürich, kehrte noch einmal nach Wien an
1364 3006 2222 3056 seur, kam dann nach Berlin. „Fräulein Else“.
481 3007 1331 3066 die „Neue Wiener Bühne“ zurück, kam dann
1380 3042 2228 3099 var seine erste Gemeinschaftsarbeit mit
480 3063 1342 3104 nach München und schließlich nach Berlin.
1367 3099 2228 3150 Elisabeth Bergner — sie fand einen derart
477 3095 1342 3149 In Berlin spfelte sie zum erstenmal in „Des
1370 3139 2224 3186 tiefgehenden Erfolg, daß beide künstlerisch
488 3139 1338 3191 Esels Schattan“ von Ludwig Fulda am
1365 3180 2234 3232 und auch menschlich zusammenblieben. Es
467 3183 1341 3246 Deutschen Theater — sie fiel noch nicht
1381 3265 2241 3336 folgten die Filme „Ariane“ und „Der träu¬
1386 3319 2233 3384 nende Mund“ die beide Paul Czinner in¬
1378 3367 2241 3419 szenierte. Dann, nach dem Umsturz in
1376 3405 2235 3477 Deutschland gingen Elisabeth Bergner und
1378 3446 2239 3505 Paul Czinner nach London — und auch hier
1378 3491 2237 3560 iegte diese energische, verträumte Zart¬
1375 3533 2241 3593 heit: Elisabeth Bergner wurde — mit dem
1373 3577 2231 3643 Stück „Escape me never“ — die berühm¬
1377 3620 2233 3694 este Schauspielerin englischer Sprache, sie
1378 3656 2232 3733 vurde ganz einfach eine englische Schau¬
1371 3707 2220 3769 spielerin. Auch ihre beiden bisher erschie¬
1368 3756 2223 3808 nenen englischen Filme: „Katharina die
1368 3792 2230 3863 Große“ und „Escape me never“. („Verlaß
1368 3838 2229 3903 ich nie“) inszenierte Paul Czinner — und
1370 3882 2128 3942 m vergangenen Jahr heirateten beide.
2803 117 3170 200 box 5/5
