3296 4224
302 130 1147 211 31. Fraeulein Else
1342 134 1684 221 box 5/2
494 192 1159 244 „
1519 490 2000 586 00 M
2400 439 2639 622 2
1218 599 2284 668 ##. Uniquement au service de l’intèret general ))
629 591 1123 684 Tagl 1299. — 1929.
2519 614 2869 677 N 530. — 25.
2306 650 2519 719 —.—
1414 898 2071 986 EES LIRLS
1232 972 2394 1134 OUI FONT PENSER PE
1061 1270 1285 1344 GUBBIAH
2025 1264 2550 1371 „MADEMOISELLE ELSE
992 1344 1351 1423 par Jean MARTEL
2073 1338 2541 1437 par Arthur SCHSTTZLER
754 1423 1584 1492 (Albin Michel, éditeur; prix): 42 francs)
1969 1423 2653 1494 (Librairie Stock; prix: 12 franes)
634 1472 1720 1541 TRAN MakrEt. a débuté par un maitre roman, Marion des
1782 1510 2849 1561 ERTAINs auteurs de langue allemande, qui jouissent
677 1538 1711 1599 Weiges, analysé ici mème et qui, si mes souvenirs
1851 1550 2864 1617 dans leur pays d’une solide renommée, sont encore
618 1591 1708 1648 sont exacts, compta parmi les favoris du Prix Goncourt.
1769 1602 2849 1657 presque inconnus en France. Et inversement. C’est que
662 1624 1712 1694 Gubbich, son deuxième livre, se déroule dans les
1779 1646 2856 1697 e choix des traductions est encore fort arbitraire. Un
620 1671 1707 1734 mèmes décors que le premier, c’est-à-dire autour
1776 1676 2855 1752 scandale, une mode fugitive, une vague de snobisme, en
623 1726 1715 1771 d’Aklansas, dans ie Nord américain, au pays des soli¬
1770 1721 2856 1787 déeident souvent. Je crois qu'un e rapprochement franco¬
631 1768 1711 1820 ludes glacées ei des forêts sans fin, des trappeurs et des
1764 1778 2851 1849 allemand P entre éditeurs permettrail de découvrir et
1773 1807 2340 1876 de combler bien des lacunes.
627 1812 1714 1887 Indiens. Mais, sur ce fond pittoresque, se détache une
623 1861 1195 1921 tres forle élude de caräctère.
1819 1849 2846 1936 Précisémenl parce quelce choix est#cncore assez fan¬
668 1908 1705 1967 Gubbiah Quiltsgaard a trente, ans. C’est. un réveur,
1767 1915 2849 1983 taisiste, on doit se féliciter de le voir se porter sur des
625 1957 1706 2006 un velleitaire, un maladroit, un inadapté. Sa vie niest
1777 1964 2849 2029 ouvrages comme ceux d’Arlhun Schnitzler auteur jus¬
627 2002 1707 2042 qu'une suite de mésaventures. En voici un exemple.
1769 2004 2865 2075 lement célehre en Aütriche et en Allemagne. Je liens
624 2039 1709 2092 Contraint à des métiers d’homme de peine pour nourrir
1776 2041 2852 2123 son, livre Mademoiselle Else pour une manière de chef¬
624 2083 1708 2137 sa femme et son enfant, il est sans cesse renvové pour
1764 2085 1938 2156 deuvre.
634 2136 1712 2185 g incapacité, stupidité, insolence v. Enfin, il entre à
1815 2136 2855 2212 Mile Else est la fille d’un avocat viennois, célehre,
632 2172 1723 2233 ’écaillage dans une usine de conserves de poissons. Au
1766 2187 2864 2252 mais prodigue et léger. Elle accompagne sa tante dans
631 2222 1713 2283 bout d’une semaine, eroisant an seuil une grande fllle
1772 2233 2862 2291 un palace de montagne, à San Martino. Elle F reçoit de
625 2262 1715 2313 blonde, il Jui dit que ses veux verls et rapprochés lui
1766 2279 2859 2341 sa mère une lettre par exprès: son père a disposé de
626 2305 1712 2380 font une téie de renard. C’est la fille du pairon, II est
1769 2319 2859 2373 biens de mineurs; il lui faut trente mille florins avant le
624 2337 1088 2414 cohgédié sur-le-champ.
1769 2370 2864 2427 suriendemain midi; sinon c’est l’arrestation, le suieide;
666 2381 1718 2464 Autre exemple. Près de mourir, le père de Gubbiah,
1764 2400 2856 2472 leur ami M. de Dorsday séjourne dans le meme palace, à
622 2451 1718 2511 un vienx trappeur, fait appeler son fils et lui legue une
1771 2447 2861 2527 San Martino; Else ne pourrait-elle pas lui demander
1763 2489 2047 2554 celte somme?
632 2496 1706 2543 mart ingale pour la roulette, Veillant au coin de l’ätre,
628 2537 1711 2592 Gubbiah allume distrailement sa pipe avec ce papier.
1801 2540 2861 2609 M. de Dorsday, riche antiquaire sur le retour, admire
625 2590 1724 2645 Affolé, il l’avoue au moribond, qui trépasse de fureuren
1766 2588 2852 2650 fort Mlle Else, II lui prétera les trente mille francs à la
620 2619 986 2691 Je traitant d’idiot.
1769 2632 2849 2698 condition qu'elle lui apparaisse sans volles. Rien de
1773 2683 2860 2743 plus, rien de moins. Elle est prise dans l’allernative,
672 2674 1717 2735 Les gestes de Gubbiah sont déplorables, mème lors¬
1766 2731 2850 2793 ou- d’accepter l’odienx marché, ou de laisser son père se
627 2730 1714 2784 qu'il est animé des meilleures intentions. Bücheron dahs
631 2772 1715 2827 les forêts de l’Ouest, il s’est allaché à ses compagnons.
624 2813 1723 2866 Par une froide nuit ou ils sont à la ville voisine, il les
1810 2820 2859 2881 Après le diner, elle descend dans la salle de musique,
628 2864 1714 2924 attend au gile commun, II entretient une belle flambée
1764 2857 2847 2921 laisse tomber son unique vétement et s’évanouit. Ainsi
624 2903 1711 2950 afin qu'ils se réchauffent au retour. II met le fen à la
1777 2908 2855 2961 M. de Dorsday devra payer les trente mille florins:
633 2943 1034 3007 naison et à la forét.
1774 2947 2852 3002 Transportée dans sa chambre, Mlle Else, qui a repris
1769 2994 2852 3064 conscience, profite du premier instant de solilude poun
663 2990 1716 3050 Gubbiah porte malheur méme à ceux qui s’attachent
1765 3035 2366 3096 s’empoisonner avec du véronal.
624 3044 1711 3096 à Jui. II lui reste à la jambe une mauvaise brülure,
629 3091 1712 3140 après l’incendie de la feréi, II est soigné, guéri, par dés
1805 3084 2856 3157 Presque en mème temps que Mademoiselle Eise,
632 3134 1712 3195 Indiens. Mais Pluie-du-Soir, la fille du chef, s’éprend de
1774 3132 2852 3204 paraissait une fraduction d’un autre ouvrage du mème
624 3180 1713 3238 Gubbiah. F# lorsqu’il doil la quiller pour rejoindre
1772 3182 2846 3250 anteur, Madame Beute et son fils (1). Là encore, les
626 3214 1351 3281 son foyer, elle resie frappée de folie.
1775 3216 2853 3288 leux prineipaux personnages courent à une morl, con¬
1776 3274 2858 3323 sentie. Mais Mademoiselté Eisé me parait bien plus
670 3272 1722 3330 Cependant un viell Indien a initié Gubbiah à l’art de
1774 3309 2364 3381 pathétique et plus angoissanl.
633 3319 1709 3381 sculpter le bois ei la pierre. Sa vocation se révele. 1l est
628 3363 1717 3401 né sculpteur, Sera-cesle salut? Non. Lä encore, Taven¬
1805 3359 2855 3433 C’est que la forme de ce roman est irès particulière,
627 3404 1713 3465 ture tourne tragiquement. Chargé d’exécuter pour une
1767 3405 2846 3473 II convient d’y insister. Entre le moment ou Mlle Else
622 3432 1709 3502 eglise la staluelte d’une sainte, il prend pour modèle
1777 3446 2860 3527 egoit la lettre de sa mère et celui ou elle s’empoisonne,
625 3488 1717 3543 la bohémienne Trinidad, II quille lout pour elle, la suit,
1773 3492 2859 3574 trois heures seulement s’écoulent. Or, pendant ces trois
622 3537 1718 3590 tue dans un duel au couteau son rival Pepe, s’enfuit
1763 3534 2855 3609 heures, T’auteur enregistre sans commentaires toutes les
630 3578 1709 3641 pour échapper à la vindicte des bohemiens et périt de
1769 3589 2842 3640 pensées de la jeune fille. Toutes, Le livreese compose
633 3623 1099 3671 froid avec sa maitresse.
1778 3632 2839 3691 iquement de cette suite de pensées, on rculent péle¬
1768 3665 2849 3737 mele de tragiques débats, de fines malices, des révoltes,
668 3668 1719 3727 Ainsi finit l’inapte Gubbiah, à qui la loi du travail
1776 3705 2855 3780 des sonvenirs, des obsessions, des traits mondains, et
629 3709 1710 3773 élait insupportable et qui jugeait ele monde trop pelit
1766 3756 2855 3827 loute une agonie. C’est un film mental pour ainsi dire
624 3754 1671 3822 pour lui v. La vie, qu’il a méconnue, se yenge de Jui.
1767 3793 2067 3872 sans précédent.
676 3808 1718 3872 Jean Martel, sur un fond de décors exceptionnels, a
2425 3835 2816 3925 MICHEL CORDAY.
622 3866 1724 3933 peint une figure de tous les temps et de tous les pays:
624 3908 1585 3966 une toile nouvelle au Musée des types humains.
1783 3912 2307 3998 (1) Editione Victor Attinger.
2851 809 3115 1040 Ger
