3248 4224
1083 170 1411 258 box 5/1
67 172 904 253 31. Fraeulein Else
837 232 903 282 —
430 1471 1305 1627 Peipriger Neueste Nachrichten
998 1620 1107 1727 925
286 1736 1521 1829 Arthur Schnitzler: Fräulein Else. Novelle (im Verlage von Paul
183 1781 1518 1873 Zsolnan, Wien). Das äußere Geschehen ist simpel. Fräulein Eise,
227 1819 1508 1907 junge Dame aus Wiener Advokatensamilie, weilt auf Kosten ihrer Tante
220 1861 1506 1954 in einem eleganten Hotel in San Martino. Sie ist schön. jung. reizvoll,
221 1896 1507 1988 arm. Männer umstreichen sie. Ihr Herz ist still, ihre Sinne verlangen.
218 1936 1512 2017 Irgendeinen. Der reich ist. Oder ein Filen. Führer oder Verführer.
230 1974 1512 2070 Einer ist ihr besonders nahe und besonders unangenehm. Ein reicher
216 2012 1505 2107 Kunsthändler, Vicomte de Dorsday. Ein Expreßbrief der Mutter: der
216 2051 1504 2143 Papa, von jeher verschuldet und hochstapterisch, hat Mündelgelder ver¬
216 2093 1505 2183 untreut. 30000 Gulden. Entweder wird bis übermorgen gezahlt, oder
212 2129 1499 2215 der Papa, hervorragender Advokat, wird verhaftet. Zujammenbruch,
218 2169 1500 2268 Schande, Skandal drohen. Einer kann nur helfen: Dorsday. Else soll
212 2207 1360 2285 ihn, der mit der Familie befreundet ist, um die Summe bitten.
280 2243 1492 2335 Else tuts. Dorsday sagt ja, verlangt aber, daß sie sich ihm nackt
213 2273 1494 2368 zeige. Sie gerät in einen zerrüttenden Kouflikt. Ein Telegramm der
200 2326 1495 2405 Mutter: nicht 30 000, sondern 50000 Gulden sind notwendig. Else bricht
201 2363 1488 2450 zusammen. In pathologischer Verwirrung geht sie nackt, nur mit einem
208 2403 1492 2486 Mantel bekleidet, in den Speisesaal, bricht vor allen Gästen zusammen.
203 2440 1491 2529 In einem absonderlichen Geisteszustand, einer Art wacher Bewußtlosig¬
199 2482 1481 2554 keit, verfolgt sie die Vorgänge um sich. In einem unbewachten Augen¬
192 2517 1024 2602 blick nimmt sie das schon früher bereiteie Gist.
274 2558 1483 2644 Wie gesagt: simpel. Nicht neu. Das Keuschheitsopfer. Monng
193 2587 1479 2682 Vanna, Lady Godiva blicken über die Seiten. Und dennoch das Wun¬
189 2631 1478 2713 dervollste mit, was der wundervolle Novellist Schnitzler geschaffen hat.
195 2673 1474 2757 Die Süßigkeit der Dämmerung zwischen Eros und Thanathos, das
187 2712 1475 2798 immer wiederkehrende Thema des Dichters, ist hier mit einer Zartheit,
189 2755 1470 2832 einer überzeugenden Schlichtheit, einer erschütternden Klangsarbe be¬
184 2787 1465 2872 handeit, die unnachahmlich, unerreichbar scheint. Manches in der
183 2827 1462 2912 Pfychologie des Mädchens erinnert wie der Titel an Fräulein Julie.
186 2868 1465 2949 Der Frauenarzt Schnitzler hat den Poeten Schnitzler beraten. Und das
175 2909 1472 2989 ist der große innere Reiz des Büchleins: daß, was im Geschehen karg
180 2945 1462 3028 ist, in der Motivierung von verschwenderischem Reichtum getragen wird.
252 2987 1457 3069 Die Technik ist, wie immer, die des ganz großen Könners. Wir
194 3002 1460 3104 rleben die zuckenden Gedankenreflexe, die Spannungen und Entspan¬
191 3064 1449 3145 ungen unmittelbar. Das Ganze mutet an wie ein langes Selbst¬
207 3101 1455 3179 spräch und ist Seelenspiegel ohne jeden Schatten. In dem knappen,
202 3144 1460 3235 arsamen, oft gesucht einsachen Stil dopvelt erschütternd. Ein großes,
203 3183 1013 3267 ines Werk, ein ergreifendes Largo santastico.
1332 3211 1484 3285 28—
1768 815 2674 899 Sozialistische Nonatshofte,
1726 879 2391 964 Berl in. d. 18, 4, 1925.
1882 1041 2642 1107 Erzählungen Die neue Novelle Arthur
2136 1093 2640 1158 Schnitzlers Fräulein Else
2134 1138 2643 1202 Wien, Faur-ZeMy er¬
1895 1170 2636 1226 zählt von äußerlich wenig bewegten Din¬
1895 1217 2640 1269 gen. Die Pointe der Geschichte ist, daß
1904 1252 2639 1304 ein gut erzogenes junges Mädchen es
1897 1297 2632 1346 nicht über sich gewinnt ihren sehr schö¬
1892 1340 2644 1387 nen Körper zur Rettung des gefährdeten
1905 1371 2643 1423 Glücks ihrer Eltern zu verkaufen. Aber
1902 1416 2644 1459 deshalb eben, weil etwas Alltägliches
1905 1458 2640 1501 außerordentlich erlesen beseelt wird, ge¬
1902 1486 2637 1538 lang dem Dichter wiederum ein vollende¬
1898 1528 2633 1582 tes Werk. Und die Form (die Schnitzler
1907 1578 2639 1616 schon in Leutnant Gustl angewandt hatte):
1906 1606 2641 1661 daß sich das Innere eines Menschen
1904 1643 2646 1687 kinematographisch abrellt, ist nicht
1908 1686 2640 1729 Willkür sondern Erfordernis der Sache.
1903 1724 2641 1767 Schnitzlers pointillierender Stil, der sich
1904 1762 2631 1810 immer vor der allzu explosiven Ent¬
1908 1801 2635 1848 adung hütet und trotzdem zu den ge¬
1897 1838 2643 1884 heimsten Regungen vordringt, hat in die¬
1896 1878 2633 1938 sem Werk noch reinere Reife erlangt.
1906 1921 2648 1964 Schnitzler ist auch satirisch. Allerdings
1905 1957 2644 2008 ganz leise. Er nimmt nie den Mund sehr
1907 2003 2644 2049 voll, er redet nie sehr laut. Um so er¬
1904 2039 2647 2088 schütternder wirkt dann das Ende, dieser
1909 2070 2646 2124 unaufdringliche Selbsttod des Mädchens,
1909 2111 2647 2157 das bis zum letzten Augenblick noch
1900 2149 2644 2196 nicht weiß, daß es ihm Ernst ist, obgleich
1909 2191 2511 2232 es längst in ihm beschlossen ist.
1910 2216 2643 2274 Uber die Schöpfungsdinge und ihre kos¬
1900 2266 2645 2317 mischen Zusammenhänge versteht Adolf
1908 2310 2650 2358 Koelsch, scheinbar als liebenswürdiger
1908 2342 2648 2391 Erzähler, in Wahrheit als tiefbohrend
1908 2389 2651 2432 um Erkenntnis Ringender, Wesentliches
1905 2430 2639 2471 zu sagen. Koelsch, der Chronist der
1909 2453 2650 2513 Mikroben, der Blumen, der Pflanzen und
1909 2501 2646 2551 der Schmetterlinge, sammelte sich zu
1909 2540 2646 2592 einem Weltanschauungsroman, genannt
1907 2576 2647 2627 Der Mann im Mond (Leipzig, Grethlein
1902 2622 2642 2670 & Co.]. Er beginnt in behäbiger, an¬
1907 2657 2654 2701 schaulicher und heiterer Manier, wie
1908 2694 2641 2747 der selige Gottfried Keller, indem er
1906 2744 2649 2782 allerhand schrullige Menschlein vor den
1906 2772 2650 2819 Leser führt. Der See und die Bäume und
1902 2812 2649 2856 die Schifflein und die Landhäuser und
1906 2851 2648 2895 die Mädchen, von denen er erzählt, sind
1917 2893 2655 2943 wohl auch in Zürcher Nachbarschaft be¬
1906 2923 2648 2971 heimatet. Auch darin ist Koelsch ein
1908 2970 2655 3018 Enkel des klassischen Zürichers, daß er
1908 3005 2650 3050 es nicht bei der Idylle beläßt. Der Mann
1910 3044 2652 3092 im Mond, von dem er zu berichten weiß,
1903 3081 2653 3136 möchte als Einsiedler den Süßigkeiten
1910 3116 2640 3178 und den Sanftheiten der Natur nahe¬
1908 3160 2645 3211 kommen. Doch es gelingt ihm nicht voll¬
1913 3199 2653 3248 kommen, weil er auch in seiner para¬
1909 3237 2649 3283 diesischen Stille von Nebenmenschen ge¬
1909 3274 2646 3319 troffen und aufgescheucht wird. Schließ.
1918 3312 2645 3363 lich bleiben ein Mann und eine Frau
1909 3357 2641 3402 ratlos auf dem Weg ihres Daseins stehen,
1916 3403 2649 3445 und der Dichter ist viel zu gütig, als
1910 3432 2650 3473 daß er diese seine Geschöpfe zu einem
1907 3466 2517 3531 lärmenden Untergang verurteilte.
