3248 4224
41 88 902 179 31. Fraeulein Else
207 131 903 195 1. k. 6 u in . Kn en eln  en aen .
1069 91 1408 185 box 5/1
963 733 1084 826 336
1451 744 1992 839 GERMAN LETTER
970 828 2417 949 metamorphosis of individual destiny into the tragedy of the times¬
971 917 2458 1014 and simultancously with the transition of the novel from pro¬
974 993 2462 1063 vincial intimacy into subjects broadly European—the heightened
971 1058 2467 1131 pathos and heightened artistic instrumentation, are magnificent. I
967 1113 2462 1193 regret that I have not space in which to give a real analysis and
971 1170 2464 1280 description of this extraordinary book; but I do truly hope that an
968 1237 2455 1330 interest in it need not be restricted to the country of its origin.
965 1289 2464 1400 The most accomplisbed thing in it is the story of the friendship
961 1380 2460 1460 of two men whose interlocking destinies are infected with the
952 1441 2452 1515 melancholy of contradictory ideas and of human shortcomings.
951 1492 2459 1578 A few brilliant scenes are devoted to William II himself—in
966 1563 2451 1650 which the hysteria and perilous half-genius of this puffed-up and
952 1624 2459 1700 lamentable sovereign are perfectly depicted. They take place in
950 1694 2450 1774 the house of Prince Lana, a character which, based mere or less
951 1764 2457 1852 upon Prince von Bülow, becomes the most significant figure of the
947 1807 2443 1902 book, partly by reason of his shrewdness and hard-headedness,
949 1886 2450 1963 partly by reason of a flaccid concessiveness which makes him in
945 1944 2249 2038 the last analysis unable really, to come to grips with evil.
1002 1997 2446 2102 Whatever one may think in the abstract of an aesthetic hierarchy,
946 2061 2437 2169 the novel is that literary art-form in which the plastic and the
944 2130 2444 2228 critical, the imaginative and the practical, the 'naive' and the
947 2194 2446 2296 “sentimental“ elements interpenetrate each other in the easiest and
935 2253 2441 2362 happiest manner. No wonder that in these times of turbulence
937 2332 2435 2423 and spiritual impoverishment the prose epic has become the really
938 2400 2427 2491 modern, prevailing form of literary self-expression—even in Ger¬
934 2453 2434 2554 many, where theoretically and thanks to the propaganda of two
936 2521 2434 2621 imposing and triumphant theatrical geniuses (Schiller and Wag¬
932 2596 2434 2684 ner) the drama had passed until recently for the leading literary
931 2663 2432 2738 art. As a result of all the mental upheavals, all the social and
926 2717 2424 2810 moral reverses to which we have been exposed, the novelist can
927 2784 2425 2879 now occupy among us, a position which until a short time ago,
933 2852 2423 2927 was ieserved for the dramatist alone. When, before the war, I
923 2915 2409 2988 anticipated and described in Death in Venice, national great¬
921 2979 2424 3069 ness on the part of a prose writer, it was pointed out to me that
922 3047 2422 3124 my concept was not plausible, since in Germany the novelist, the
942 3101 2411 3203 poet’s half-brother'’ as Schiller puts it, could never enjoy a posi¬
925 3162 2416 3260 tion of honour such as I have ascribed to Gustav von Aschenbach.
918 3218 2413 3308 To-day this possibility has become a reality—the concomitant of
935 3308 2126 3408 Published in Tur Diar in March, April, and May, 1924.
