<?xml version="1.0" encoding="UTF-8" standalone="yes"?>
<PcGts xmlns="http://schema.primaresearch.org/PAGE/gts/pagecontent/2013-07-15" xmlns:xsi="http://www.w3.org/2001/XMLSchema-instance" xsi:schemaLocation="http://schema.primaresearch.org/PAGE/gts/pagecontent/2013-07-15 http://schema.primaresearch.org/PAGE/gts/pagecontent/2013-07-15/pagecontent.xsd">
    <Metadata>
        <Creator>prov=University of Rostock/Institute of Mathematics/CITlab/Gundram Leifert/gundram.leifert@uni-rostock.de:name=ONB_Newseye_GT_M1+(htr_id=10810)::::v=2.4.2
prov=University of Rostock/Institute of Mathematics/CITlab/Tobias Gruening/tobias.gruening@uni-rostock.de:name=de.uros.citlab.module.baseline2polygon.B2PSeamMultiOriented:v=2.4.2
prov=University of Rostock/Institute of Mathematics/CITlab/Tobias Gruening/tobias.gruening@uni-rostock.de:name=/net_tf/LA73_249_0mod360.pb:de.uros.citlab.segmentation.CITlab_LA_ML:v=2.4.2
Transkribus</Creator>
        <Created>2019-10-07T10:24:00.726+02:00</Created>
        <LastChange>2019-10-07T14:38:25.644+02:00</LastChange>
        <TranskribusMetadata docId="223890" pageId="9492036" pageNr="205" tsid="16380196" status="IN_PROGRESS" userId="40391" imgUrl="https://files.transkribus.eu/Get?id=QIIGGNZKTFMEBCDXBMRPTEZE&amp;fileType=view" xmlUrl="https://files.transkribus.eu/Get?id=CTFKSGNXYHBHKCWMDPZYJNSL" imageId="6182324"/>
    </Metadata>
    <Page imageFilename="223890_0205.jpeg" imageWidth="3248" imageHeight="4384">
        <ReadingOrder>
            <OrderedGroup id="ro_1711446094831" caption="Regions reading order">
                <RegionRefIndexed index="0" regionRef="r1"/>
                <RegionRefIndexed index="1" regionRef="r2"/>
                <RegionRefIndexed index="2" regionRef="r3"/>
            </OrderedGroup>
        </ReadingOrder>
        <TextRegion orientation="0.0" id="r1" custom="readingOrder {index:0;}">
            <Coords points="256,226 256,3527 1160,3527 1160,226"/>
            <TextLine id="r1l1" custom="readingOrder {index:0;}">
                <Coords points="251,252 1108,250 1081,208 957,189 871,211 697,182 571,220 431,178 251,194"/>
                <Baseline points="256,247 298,248 340,248 382,249 425,249 467,249 509,249 552,248 594,248 636,248 679,247 721,247 763,246 805,246 848,246 890,246 932,246 975,247 1017,247 1059,248 1102,249"/>
                <TextEquiv>
                    <Unicode>31. Fraeulein Else</Unicode>
                </TextEquiv>
            </TextLine>
            <TextLine id="r1l2" custom="readingOrder {index:1;}">
                <Coords points="587,282 615,292 625,288 684,291 699,301 746,280 743,249 587,250"/>
                <Baseline points="592,265 621,266 651,267 680,268 710,267 740,265"/>
                <TextEquiv>
                    <Unicode>—</Unicode>
                </TextEquiv>
            </TextLine>
            <TextLine id="r1l3" custom="readingOrder {index:2;}">
                <Coords points="768,288 882,287 901,278 937,301 955,291 991,302 1032,284 1055,290 1055,251 1047,249 768,251"/>
                <Baseline points="773,267 798,267 823,267 848,267 873,267 898,268 923,268 948,269 973,269 998,269 1023,268 1049,267"/>
                <TextEquiv>
                    <Unicode>—</Unicode>
                </TextEquiv>
            </TextLine>
            <TextLine id="r1l4" custom="readingOrder {index:3;}">
                <Coords points="304,720 1011,715 1061,740 1140,728 1141,654 304,644"/>
                <Baseline points="309,704 350,704 391,704 432,704 474,704 515,705 556,705 598,706 639,706 680,706 722,707 763,707 804,708 845,708 887,709 928,709 969,709 1011,710 1052,710 1093,710 1135,710"/>
                <TextEquiv>
                    <Unicode>CASINOS IN OSTERREICH</Unicode>
                </TextEquiv>
            </TextLine>
            <TextLine id="r1l5" custom="readingOrder {index:4;}">
                <Coords points="416,769 1019,777 1045,770 1046,738 816,718 733,737 565,719 538,735 417,714"/>
                <Baseline points="422,756 452,757 483,758 514,759 545,760 576,760 607,761 638,761 669,761 700,761 731,761 761,761 792,761 823,761 854,762 885,762 916,763 947,763 978,764 1009,766 1040,767"/>
                <TextEquiv>
                    <Unicode>Baden SalzburgSemmering</Unicode>
                </TextEquiv>
            </TextLine>
            <TextLine id="r1l6" custom="readingOrder {index:5;}">
                <Coords points="302,814 501,819 551,793 669,822 1136,821 1137,766 833,766 792,789 302,763"/>
                <Baseline points="307,800 348,801 389,801 430,802 471,803 513,803 554,804 595,804 636,805 677,805 719,805 760,806 801,806 842,806 883,807 925,807 966,808 1007,808 1048,808 1089,809 1131,810"/>
                <TextEquiv>
                    <Unicode>Roulette — Baccara — Chemin de fer</Unicode>
                </TextEquiv>
            </TextLine>
            <TextLine id="r1l7" custom="readingOrder {index:6;}">
                <Coords points="306,869 408,891 1136,882 1136,842 1105,837 1073,863 1031,841 306,834"/>
                <Baseline points="311,868 352,868 393,869 434,870 475,870 516,871 557,871 598,872 639,872 680,873 721,873 762,874 803,874 844,874 885,875 926,875 967,876 1008,877 1049,877 1090,878 1131,879"/>
                <TextEquiv>
                    <Unicode>Österreichische Casino A. G.</Unicode>
                </TextEquiv>
            </TextLine>
            <TextLine id="r1l8" custom="readingOrder {index:7;}">
                <Coords points="300,916 1141,932 1119,877 408,891 301,869"/>
                <Baseline points="305,916 346,916 388,917 429,917 471,917 512,918 554,918 595,918 637,918 678,919 720,919 762,919 803,920 845,920 886,920 928,921 969,921 1011,922 1052,923 1094,923 1136,924"/>
                <TextEquiv>
                    <Unicode>Wien III, Schwarzenbergplatz 5a</Unicode>
                </TextEquiv>
            </TextLine>
            <TextLine id="r1l9" custom="readingOrder {index:8;}">
                <Coords points="305,1057 357,1046 402,1068 425,1056 504,1076 588,1054 740,1059 757,1041 789,1050 788,985 621,999 440,986 391,990 340,1019 304,1009"/>
                <Baseline points="310,1051 336,1049 362,1048 389,1047 415,1047 441,1047 468,1047 494,1048 520,1048 547,1049 573,1049 599,1049 626,1049 652,1048 678,1046 705,1044 731,1040 757,1036 784,1031"/>
                <TextEquiv>
                    <Unicode>„OBSERVER“</Unicode>
                </TextEquiv>
            </TextLine>
            <TextLine id="r1l10" custom="readingOrder {index:9;}">
                <Coords points="533,1099 1120,1117 1138,1079 1073,1058 982,1081 921,1064 868,1077 822,1044 725,1074 648,1051 616,1069 533,1059"/>
                <Baseline points="538,1093 567,1093 597,1094 627,1094 656,1094 686,1095 716,1095 745,1095 775,1096 805,1096 835,1096 864,1097 894,1097 924,1098 953,1098 983,1099 1013,1099 1042,1099 1072,1100 1102,1101 1132,1101"/>
                <TextEquiv>
                    <Unicode>I. österr. behördlich, konzessioniertes</Unicode>
                </TextEquiv>
            </TextLine>
            <TextLine id="r1l11" custom="readingOrder {index:10;}">
                <Coords points="531,1138 1114,1148 1131,1147 1132,1114 531,1106"/>
                <Baseline points="536,1134 565,1133 595,1133 624,1133 654,1134 683,1134 713,1134 742,1134 772,1135 801,1136 831,1136 860,1137 890,1137 919,1138 949,1138 978,1138 1008,1139 1037,1139 1067,1139 1096,1139 1126,1139"/>
                <TextEquiv>
                    <Unicode>Unternehmen für Zeitungs-Ausschnitte</Unicode>
                </TextEquiv>
            </TextLine>
            <TextLine id="r1l12" custom="readingOrder {index:11;}">
                <Coords points="543,1178 1140,1184 1131,1144 895,1156 831,1139 777,1156 745,1140 543,1141"/>
                <Baseline points="548,1171 577,1172 606,1173 635,1174 665,1175 694,1175 723,1176 753,1176 782,1177 811,1177 841,1177 870,1178 899,1178 928,1178 958,1178 987,1178 1016,1178 1046,1178 1075,1178 1104,1177 1134,1177"/>
                <TextEquiv>
                    <Unicode>Wien I, Wollzalle 1I, Telephon R-23-0-43</Unicode>
                </TextEquiv>
            </TextLine>
            <TextLine id="r1l13" custom="readingOrder {index:12;}">
                <Coords points="706,1229 716,1233 718,1232 720,1235 725,1235 729,1238 733,1237 742,1240 758,1186 753,1184 751,1186 746,1186 737,1183 732,1185 730,1183 725,1186 720,1184"/>
                <Baseline points="721,1198 747,1206"/>
                <TextEquiv>
                    <Unicode></Unicode>
                </TextEquiv>
            </TextLine>
            <TextLine id="r1l14" custom="readingOrder {index:13;}">
                <Coords points="292,1352 663,1355 1071,1415 1099,1401 1103,1341 951,1302 791,1309 747,1279 687,1298 631,1249 462,1316 296,1284"/>
                <Baseline points="297,1350 336,1348 376,1346 416,1346 456,1345 496,1346 536,1347 575,1348 615,1350 655,1352 695,1355 735,1358 775,1361 815,1364 854,1368 894,1373 934,1378 974,1382 1014,1387 1054,1393 1094,1397"/>
                <TextEquiv>
                    <Unicode>Ausschnitt aulfas Ecio. Wien</Unicode>
                </TextEquiv>
            </TextLine>
            <TextLine id="r1l15" custom="readingOrder {index:14;}">
                <Coords points="491,1548 549,1537 652,1549 699,1530 775,1545 827,1518 822,1459 813,1456 757,1466 728,1455 672,1481 623,1456 485,1472"/>
                <Baseline points="496,1538 521,1536 546,1534 571,1533 596,1531 621,1530 646,1527 671,1525 696,1524 721,1522 746,1519 771,1517 796,1514 821,1511"/>
                <TextEquiv>
                    <Unicode>N0V. 1936</Unicode>
                </TextEquiv>
            </TextLine>
            <TextLine id="r1l16" custom="readingOrder {index:15;}">
                <Coords points="298,1570 315,1573 329,1568 366,1579 372,1576 402,1593 410,1588 432,1588 433,1535 412,1528 390,1539 362,1531 349,1534 333,1527 324,1536 299,1522"/>
                <Baseline points="304,1563 334,1562 365,1563 396,1564 427,1564"/>
                <TextEquiv>
                    <Unicode>vom:</Unicode>
                </TextEquiv>
            </TextLine>
            <TextLine id="r1l17" custom="readingOrder {index:16;}">
                <Coords points="334,1700 1151,1687 1150,1623 1087,1610 851,1639 792,1614 333,1619"/>
                <Baseline points="339,1684 379,1684 419,1684 459,1684 500,1684 540,1684 580,1684 621,1684 661,1684 701,1684 742,1683 782,1683 822,1683 862,1682 903,1682 943,1681 983,1681 1024,1680 1064,1680 1104,1679 1145,1678"/>
                <TextEquiv>
                    <Unicode>Josef Madt rekonstruiert</Unicode>
                </TextEquiv>
            </TextLine>
            <TextLine id="r1l18" custom="readingOrder {index:17;}">
                <Coords points="492,1786 744,1789 787,1762 900,1786 1004,1766 1004,1732 951,1704 920,1720 831,1701 795,1732 717,1726 669,1697 584,1726 492,1728"/>
                <Baseline points="497,1773 522,1772 547,1771 572,1770 597,1770 622,1769 647,1769 672,1769 697,1769 722,1769 748,1769 773,1769 798,1769 823,1770 848,1769 873,1769 898,1769 923,1768 948,1768 973,1766 999,1765"/>
                <TextEquiv>
                    <Unicode>zerstörte Stadt</Unicode>
                </TextEquiv>
            </TextLine>
            <TextLine id="r1l19" custom="readingOrder {index:18;}">
                <Coords points="397,1851 618,1872 747,1848 923,1857 953,1834 1157,1848 1149,1798 882,1815 807,1791 650,1818 397,1799"/>
                <Baseline points="402,1846 439,1846 477,1846 514,1846 552,1846 589,1845 627,1845 664,1845 702,1844 739,1844 777,1844 814,1843 852,1843 889,1843 927,1842 964,1842 1002,1841 1039,1841 1077,1841 1114,1841 1152,1840"/>
                <TextEquiv>
                    <Unicode>Schnile## berühmte Novelle</Unicode>
                </TextEquiv>
            </TextLine>
            <TextLine id="r1l20" custom="readingOrder {index:19;}">
                <Coords points="340,1909 1153,1907 1153,1847 437,1872 340,1843"/>
                <Baseline points="345,1898 385,1897 425,1895 465,1894 505,1893 545,1892 585,1892 625,1892 665,1891 705,1891 746,1891 786,1891 826,1891 866,1891 906,1891 946,1891 986,1891 1026,1891 1066,1890 1106,1890 1147,1889"/>
                <TextEquiv>
                    <Unicode>„Fraulein Else“, die nun in der</Unicode>
                </TextEquiv>
            </TextLine>
            <TextLine id="r1l21" custom="readingOrder {index:20;}">
                <Coords points="347,1955 1092,1956 1151,1947 1151,1909 346,1910"/>
                <Baseline points="352,1945 391,1944 431,1943 471,1943 510,1942 550,1942 590,1942 629,1941 669,1941 709,1940 749,1940 788,1940 828,1940 868,1939 907,1939 947,1939 987,1939 1026,1939 1066,1939 1106,1939 1146,1939"/>
                <TextEquiv>
                    <Unicode>als nächste Novität in der Dramatisie¬</Unicode>
                </TextEquiv>
            </TextLine>
            <TextLine id="r1l22" custom="readingOrder {index:21;}">
                <Coords points="338,2000 1005,2007 1151,1997 1151,1947 338,1959"/>
                <Baseline points="344,1994 384,1994 424,1994 464,1993 504,1993 544,1992 584,1992 624,1992 664,1991 704,1991 745,1991 785,1990 825,1990 865,1990 905,1990 945,1990 985,1989 1025,1989 1065,1989 1105,1990 1146,1990"/>
                <TextEquiv>
                    <Unicode>rung von Ernst Lothar im Theater in</Unicode>
                </TextEquiv>
            </TextLine>
            <TextLine id="r1l23" custom="readingOrder {index:22;}">
                <Coords points="329,2054 1160,2048 1160,2004 1128,1995 329,1999"/>
                <Baseline points="335,2042 376,2042 417,2042 458,2042 499,2041 540,2041 581,2041 622,2041 663,2040 704,2040 745,2040 786,2040 827,2039 868,2039 909,2039 950,2039 991,2039 1032,2039 1073,2039 1114,2039 1155,2039"/>
                <TextEquiv>
                    <Unicode>der Josefstadt mit Rose Stradnet und</Unicode>
                </TextEquiv>
            </TextLine>
            <TextLine id="r1l24" custom="readingOrder {index:23;}">
                <Coords points="343,2098 1157,2106 1157,2053 1101,2046 928,2048 891,2077 812,2046 343,2051"/>
                <Baseline points="348,2091 388,2091 428,2091 468,2091 508,2091 549,2091 589,2091 629,2091 669,2091 709,2090 750,2090 790,2090 830,2090 870,2089 910,2089 951,2089 991,2089 1031,2089 1071,2089 1111,2089 1152,2090"/>
                <TextEquiv>
                    <Unicode>Bassermann in den Hauptrollen</Unicode>
                </TextEquiv>
            </TextLine>
            <TextLine id="r1l25" custom="readingOrder {index:24;}">
                <Coords points="364,2156 1144,2145 1144,2108 1088,2095 364,2101"/>
                <Baseline points="369,2139 407,2139 446,2139 484,2140 523,2140 561,2139 600,2139 638,2139 677,2139 715,2139 754,2139 792,2138 831,2138 869,2138 908,2138 946,2138 985,2138 1023,2138 1062,2138 1100,2139 1139,2139"/>
                <TextEquiv>
                    <Unicode>herauskommen soll, spielt bekanntlich in</Unicode>
                </TextEquiv>
            </TextLine>
            <TextLine id="r1l26" custom="readingOrder {index:25;}">
                <Coords points="338,2193 1157,2189 1140,2151 338,2148"/>
                <Baseline points="343,2188 383,2188 423,2188 464,2188 504,2188 545,2188 585,2188 626,2188 666,2188 707,2188 747,2188 787,2188 828,2188 868,2188 909,2188 949,2188 990,2187 1030,2187 1071,2187 1111,2186 1152,2186"/>
                <TextEquiv>
                    <Unicode>dem italienischen ehemaligen Grenzort</Unicode>
                </TextEquiv>
            </TextLine>
            <TextLine id="r1l27" custom="readingOrder {index:26;}">
                <Coords points="344,2244 1155,2247 1132,2190 955,2211 344,2198"/>
                <Baseline points="349,2238 389,2237 429,2237 469,2236 509,2236 549,2236 589,2236 629,2236 669,2236 709,2237 749,2237 789,2237 829,2238 869,2238 909,2238 949,2238 989,2238 1029,2238 1069,2238 1109,2237 1150,2236"/>
                <TextEquiv>
                    <Unicode>San Martino di Tastrozza. Die</Unicode>
                </TextEquiv>
            </TextLine>
            <TextLine id="r1l28" custom="readingOrder {index:27;}">
                <Coords points="346,2297 1151,2297 1133,2243 936,2263 346,2246"/>
                <Baseline points="351,2287 390,2287 430,2288 470,2288 510,2288 549,2288 589,2289 629,2289 669,2289 708,2289 748,2289 788,2289 828,2289 867,2289 907,2289 947,2289 987,2288 1026,2288 1066,2288 1106,2287 1146,2286"/>
                <TextEquiv>
                    <Unicode>Dramatisierung, die sich streng an die No¬</Unicode>
                </TextEquiv>
            </TextLine>
            <TextLine id="r1l29" custom="readingOrder {index:28;}">
                <Coords points="346,2343 1153,2343 1145,2296 346,2299"/>
                <Baseline points="351,2336 390,2336 430,2336 470,2336 510,2336 550,2336 590,2337 629,2337 669,2337 709,2337 749,2337 789,2337 829,2337 869,2337 908,2337 948,2337 988,2337 1028,2337 1068,2337 1108,2336 1148,2336"/>
                <TextEquiv>
                    <Unicode>velle hält, hat naturgemäß auch diesen</Unicode>
                </TextEquiv>
            </TextLine>
            <TextLine id="r1l30" custom="readingOrder {index:29;}">
                <Coords points="346,2394 926,2386 967,2406 1159,2385 1159,2350 1111,2346 826,2371 680,2340 559,2360 347,2344"/>
                <Baseline points="352,2386 392,2386 432,2385 472,2385 512,2385 552,2385 592,2385 632,2386 672,2386 712,2386 753,2386 793,2386 833,2386 873,2386 913,2386 953,2386 993,2386 1033,2386 1073,2386 1113,2385 1154,2385"/>
                <TextEquiv>
                    <Unicode>Schauplatz übersiommen, und zwar spie¬</Unicode>
                </TextEquiv>
            </TextLine>
            <TextLine id="r1l31" custom="readingOrder {index:30;}">
                <Coords points="350,2445 543,2440 590,2466 661,2437 699,2457 807,2433 852,2458 1156,2448 1156,2403 1108,2391 879,2411 351,2392"/>
                <Baseline points="356,2436 395,2435 435,2435 475,2435 514,2435 554,2435 594,2435 633,2435 673,2436 713,2436 753,2436 792,2436 832,2436 872,2436 911,2436 951,2436 991,2436 1030,2436 1070,2436 1110,2436 1150,2436"/>
                <TextEquiv>
                    <Unicode>len die meisten Szenen in einem großen</Unicode>
                </TextEquiv>
            </TextLine>
            <TextLine id="r1l32" custom="readingOrder {index:31;}">
                <Coords points="351,2510 434,2487 526,2504 591,2486 724,2496 724,2465 684,2446 615,2442 591,2466 536,2446 351,2443"/>
                <Baseline points="356,2484 381,2485 407,2485 433,2485 459,2485 485,2485 511,2485 537,2484 562,2484 588,2484 614,2484 640,2484 666,2484 692,2485 718,2486"/>
                <TextEquiv>
                    <Unicode>Hotel dieses Ortes.</Unicode>
                </TextEquiv>
            </TextLine>
            <TextLine id="r1l33" custom="readingOrder {index:32;}">
                <Coords points="389,2540 740,2549 804,2525 853,2547 1158,2548 1158,2492 389,2493"/>
                <Baseline points="395,2530 432,2530 470,2531 508,2531 546,2531 584,2531 622,2531 660,2532 698,2532 736,2532 774,2532 811,2532 849,2532 887,2532 925,2532 963,2532 1001,2532 1039,2532 1077,2532 1115,2532 1153,2532"/>
                <TextEquiv>
                    <Unicode>Bei der dekorativen Gestaltung dieses</Unicode>
                </TextEquiv>
            </TextLine>
            <TextLine id="r1l34" custom="readingOrder {index:33;}">
                <Coords points="345,2589 1064,2604 1157,2582 1139,2536 816,2557 345,2533"/>
                <Baseline points="351,2579 391,2579 431,2580 471,2580 511,2581 551,2581 591,2581 631,2581 671,2581 711,2582 751,2582 791,2582 831,2582 871,2582 911,2582 951,2581 991,2581 1031,2581 1071,2581 1111,2580 1152,2580"/>
                <TextEquiv>
                    <Unicode>Werkes durch Prof. Haas in der Josef¬</Unicode>
                </TextEquiv>
            </TextLine>
            <TextLine id="r1l35" custom="readingOrder {index:34;}">
                <Coords points="347,2647 1155,2641 1155,2599 1112,2595 347,2590"/>
                <Baseline points="353,2629 392,2630 432,2630 472,2630 512,2630 552,2630 592,2631 631,2631 671,2631 711,2631 751,2631 791,2630 831,2630 871,2630 910,2630 950,2630 990,2630 1030,2629 1070,2629 1110,2629 1150,2628"/>
                <TextEquiv>
                    <Unicode>stadt muß nun darauf Rücksicht genommen</Unicode>
                </TextEquiv>
            </TextLine>
            <TextLine id="r1l36" custom="readingOrder {index:35;}">
                <Coords points="346,2686 1061,2696 1158,2682 1158,2638 346,2646"/>
                <Baseline points="351,2678 391,2679 431,2679 471,2680 511,2680 551,2680 591,2680 631,2681 671,2681 711,2680 751,2680 791,2680 831,2680 871,2680 911,2679 951,2679 991,2679 1031,2679 1071,2678 1111,2678 1152,2678"/>
                <TextEquiv>
                    <Unicode>werden, daß die Handlung sich noch vor</Unicode>
                </TextEquiv>
            </TextLine>
            <TextLine id="r1l37" custom="readingOrder {index:36;}">
                <Coords points="350,2738 1158,2733 1158,2691 1102,2685 862,2705 350,2686"/>
                <Baseline points="355,2726 394,2727 434,2727 474,2728 514,2728 554,2728 594,2728 633,2729 673,2729 713,2729 753,2729 793,2729 833,2728 873,2728 912,2728 952,2728 992,2728 1032,2727 1072,2727 1112,2726 1152,2726"/>
                <TextEquiv>
                    <Unicode>dem Kriege ereignet. der Ort aber seit</Unicode>
                </TextEquiv>
            </TextLine>
            <TextLine id="r1l38" custom="readingOrder {index:37;}">
                <Coords points="342,2788 1164,2782 1164,2750 1069,2733 863,2755 788,2734 751,2753 342,2738"/>
                <Baseline points="348,2773 388,2774 429,2775 469,2776 510,2776 550,2777 591,2777 631,2777 672,2777 712,2777 753,2777 793,2777 834,2777 874,2777 915,2776 955,2776 996,2776 1036,2776 1077,2776 1117,2777 1158,2777"/>
                <TextEquiv>
                    <Unicode>1915 auf Befehl der österreichischen</Unicode>
                </TextEquiv>
            </TextLine>
            <TextLine id="r1l39" custom="readingOrder {index:38;}">
                <Coords points="342,2838 1159,2839 1159,2794 1124,2781 1097,2801 766,2775 707,2796 342,2789"/>
                <Baseline points="347,2826 387,2826 427,2826 468,2826 508,2826 548,2826 589,2826 629,2825 669,2825 710,2825 750,2825 790,2826 831,2826 871,2826 911,2826 952,2826 992,2826 1032,2826 1073,2826 1113,2826 1154,2826"/>
                <TextEquiv>
                    <Unicode>Heeresleitung dem Erdboden gleichgemacht</Unicode>
                </TextEquiv>
            </TextLine>
            <TextLine id="r1l40" custom="readingOrder {index:39;}">
                <Coords points="349,2878 1156,2889 1156,2847 1080,2836 349,2839"/>
                <Baseline points="354,2874 393,2874 433,2874 473,2873 513,2873 553,2873 593,2873 632,2873 672,2873 712,2874 752,2874 792,2874 832,2874 872,2874 911,2874 951,2874 991,2874 1031,2874 1071,2874 1111,2874 1151,2873"/>
                <TextEquiv>
                    <Unicode>wurds. So wurde auch das Hotel, in das</Unicode>
                </TextEquiv>
            </TextLine>
            <TextLine id="r1l41" custom="readingOrder {index:40;}">
                <Coords points="361,2929 816,2938 857,2917 1147,2940 1160,2887 1079,2878 1026,2906 960,2873 904,2896 361,2881"/>
                <Baseline points="366,2920 405,2921 444,2921 484,2922 523,2922 563,2922 602,2922 641,2923 681,2923 720,2923 760,2923 799,2923 838,2923 878,2923 917,2923 957,2923 996,2923 1035,2923 1075,2924 1114,2924 1154,2925"/>
                <TextEquiv>
                    <Unicode>Schnitzler die Handlung verlegt, völlig</Unicode>
                </TextEquiv>
            </TextLine>
            <TextLine id="r1l42" custom="readingOrder {index:41;}">
                <Coords points="346,2986 1150,2990 1150,2940 1106,2932 346,2929"/>
                <Baseline points="352,2969 391,2970 431,2970 470,2970 510,2971 550,2971 589,2971 629,2971 669,2971 708,2972 748,2972 788,2972 827,2972 867,2972 907,2972 946,2972 986,2972 1026,2972 1065,2972 1105,2972 1145,2972"/>
                <TextEquiv>
                    <Unicode>zerstört. Gest nach dem Kriege wurde der</Unicode>
                </TextEquiv>
            </TextLine>
            <TextLine id="r1l43" custom="readingOrder {index:42;}">
                <Coords points="349,3029 511,3037 627,3017 979,3037 995,2995 708,2974 547,2995 349,2985"/>
                <Baseline points="354,3018 385,3018 417,3019 449,3019 481,3020 512,3020 544,3020 576,3020 608,3020 639,3020 671,3020 703,3020 735,3020 766,3019 798,3020 830,3020 862,3020 893,3020 925,3020 957,3021 989,3022"/>
                <TextEquiv>
                    <Unicode>Ort ganz neu wieder aufgebaut.</Unicode>
                </TextEquiv>
            </TextLine>
            <TextLine id="r1l44" custom="readingOrder {index:43;}">
                <Coords points="410,3076 1155,3080 1155,3031 1133,3027 410,3028"/>
                <Baseline points="415,3068 451,3068 488,3068 525,3068 562,3068 598,3069 635,3069 672,3069 709,3069 745,3070 782,3070 819,3070 856,3070 892,3070 929,3070 966,3071 1003,3071 1039,3071 1076,3071 1113,3071 1150,3071"/>
                <TextEquiv>
                    <Unicode>Dem Theater in der Josefstadt ist nun</Unicode>
                </TextEquiv>
            </TextLine>
            <TextLine id="r1l45" custom="readingOrder {index:44;}">
                <Coords points="349,3130 1161,3126 1144,3080 805,3094 668,3072 620,3095 515,3074 418,3095 349,3067"/>
                <Baseline points="355,3116 395,3117 435,3117 475,3118 515,3118 555,3119 595,3119 635,3119 675,3120 715,3120 755,3120 795,3120 835,3120 875,3120 915,3120 955,3120 995,3120 1035,3120 1075,3120 1115,3120 1156,3120"/>
                <TextEquiv>
                    <Unicode>die Aufgabe gestellt, einen tatsächlich</Unicode>
                </TextEquiv>
            </TextLine>
            <TextLine id="r1l46" custom="readingOrder {index:45;}">
                <Coords points="349,3176 659,3189 731,3157 779,3182 1074,3170 1156,3193 1157,3130 1081,3154 999,3127 921,3150 848,3126 349,3131"/>
                <Baseline points="354,3165 393,3166 433,3166 473,3166 513,3167 553,3167 593,3167 632,3167 672,3167 712,3167 752,3167 792,3167 832,3168 872,3168 911,3168 951,3168 991,3169 1031,3169 1071,3170 1111,3170 1151,3171"/>
                <TextEquiv>
                    <Unicode>existierenden Ort auf die Bühne zu</Unicode>
                </TextEquiv>
            </TextLine>
            <TextLine id="r1l47" custom="readingOrder {index:46;}">
                <Coords points="357,3223 1158,3233 1158,3193 1066,3177 843,3195 818,3176 357,3175"/>
                <Baseline points="362,3215 401,3216 441,3216 480,3216 520,3217 559,3217 599,3217 638,3217 678,3218 717,3218 757,3218 797,3218 836,3218 876,3218 915,3218 955,3219 994,3219 1034,3219 1073,3219 1113,3219 1153,3219"/>
                <TextEquiv>
                    <Unicode>bringen, der ihm aber in nichts, außer in</Unicode>
                </TextEquiv>
            </TextLine>
            <TextLine id="r1l48" custom="readingOrder {index:47;}">
                <Coords points="353,3276 1157,3272 1157,3233 1127,3223 1064,3250 1020,3226 668,3245 353,3220"/>
                <Baseline points="358,3266 397,3266 437,3266 477,3266 516,3266 556,3267 596,3267 635,3267 675,3267 715,3267 755,3268 794,3268 834,3268 874,3268 913,3268 953,3268 993,3268 1032,3268 1072,3267 1112,3267 1152,3267"/>
                <TextEquiv>
                    <Unicode>der Landschaft, gleicht. Man wird also</Unicode>
                </TextEquiv>
            </TextLine>
            <TextLine id="r1l49" custom="readingOrder {index:48;}">
                <Coords points="348,3334 445,3314 1150,3325 1128,3279 348,3275"/>
                <Baseline points="353,3316 392,3315 432,3315 471,3315 511,3315 551,3315 590,3315 630,3316 669,3316 709,3317 749,3317 788,3317 828,3318 867,3318 907,3318 947,3318 986,3318 1026,3318 1065,3317 1105,3317 1145,3316"/>
                <TextEquiv>
                    <Unicode>San Martino di Castrozza so sehen, wie</Unicode>
                </TextEquiv>
            </TextLine>
            <TextLine id="r1l50" custom="readingOrder {index:49;}">
                <Coords points="353,3369 1163,3374 1163,3337 1113,3323 353,3331"/>
                <Baseline points="358,3366 398,3365 438,3364 478,3364 518,3364 558,3364 598,3364 638,3364 678,3365 718,3365 758,3365 798,3366 838,3366 878,3366 918,3367 958,3367 998,3367 1038,3366 1078,3366 1118,3365 1158,3364"/>
                <TextEquiv>
                    <Unicode>es vielleicht vor dem Kriege gewesen</Unicode>
                </TextEquiv>
            </TextLine>
            <TextLine id="r1l51" custom="readingOrder {index:50;}">
                <Coords points="349,3426 1153,3419 1146,3371 966,3389 679,3369 650,3390 613,3367 546,3392 349,3369"/>
                <Baseline points="355,3414 394,3414 434,3414 473,3414 513,3414 553,3414 592,3414 632,3414 672,3414 711,3414 751,3414 791,3414 830,3414 870,3414 910,3414 949,3414 989,3414 1029,3413 1068,3413 1108,3412 1148,3412"/>
                <TextEquiv>
                    <Unicode>sein mag. Die hauptsächlichen Anhalts¬</Unicode>
                </TextEquiv>
            </TextLine>
            <TextLine id="r1l52" custom="readingOrder {index:51;}">
                <Coords points="353,3477 1166,3479 1166,3435 1028,3422 353,3433"/>
                <Baseline points="358,3464 398,3464 438,3463 478,3463 518,3463 558,3463 598,3463 638,3463 678,3463 718,3464 759,3464 799,3464 839,3465 879,3465 919,3466 959,3466 999,3466 1039,3466 1079,3466 1119,3466 1160,3466"/>
                <TextEquiv>
                    <Unicode>punkte dafür sind aus der Novelle von</Unicode>
                </TextEquiv>
            </TextLine>
            <TextLine id="r1l53" custom="readingOrder {index:52;}">
                <Coords points="350,3542 412,3537 435,3519 506,3528 541,3514 624,3535 669,3516 705,3530 772,3525 783,3522 783,3472 747,3484 595,3469 514,3484 372,3471 350,3483"/>
                <Baseline points="355,3515 381,3514 407,3513 434,3513 460,3513 486,3513 513,3514 539,3514 566,3514 592,3515 618,3515 645,3515 671,3515 697,3515 724,3515 750,3514 777,3513"/>
                <TextEquiv>
                    <Unicode>Schnitzler zu schöpfen.</Unicode>
                </TextEquiv>
            </TextLine>
            <TextEquiv>
                <Unicode>31. Fraeulein Else
—
—
CASINOS IN OSTERREICH
Baden SalzburgSemmering
Roulette — Baccara — Chemin de fer
Österreichische Casino A. G.
Wien III, Schwarzenbergplatz 5a
„OBSERVER“
I. österr. behördlich, konzessioniertes
Unternehmen für Zeitungs-Ausschnitte
Wien I, Wollzalle 1I, Telephon R-23-0-43

Ausschnitt aulfas Ecio. Wien
N0V. 1936
vom:
Josef Madt rekonstruiert
zerstörte Stadt
Schnile## berühmte Novelle
„Fraulein Else“, die nun in der
als nächste Novität in der Dramatisie¬
rung von Ernst Lothar im Theater in
der Josefstadt mit Rose Stradnet und
Bassermann in den Hauptrollen
herauskommen soll, spielt bekanntlich in
dem italienischen ehemaligen Grenzort
San Martino di Tastrozza. Die
Dramatisierung, die sich streng an die No¬
velle hält, hat naturgemäß auch diesen
Schauplatz übersiommen, und zwar spie¬
len die meisten Szenen in einem großen
Hotel dieses Ortes.
Bei der dekorativen Gestaltung dieses
Werkes durch Prof. Haas in der Josef¬
stadt muß nun darauf Rücksicht genommen
werden, daß die Handlung sich noch vor
dem Kriege ereignet. der Ort aber seit
1915 auf Befehl der österreichischen
Heeresleitung dem Erdboden gleichgemacht
wurds. So wurde auch das Hotel, in das
Schnitzler die Handlung verlegt, völlig
zerstört. Gest nach dem Kriege wurde der
Ort ganz neu wieder aufgebaut.
Dem Theater in der Josefstadt ist nun
die Aufgabe gestellt, einen tatsächlich
existierenden Ort auf die Bühne zu
bringen, der ihm aber in nichts, außer in
der Landschaft, gleicht. Man wird also
San Martino di Castrozza so sehen, wie
es vielleicht vor dem Kriege gewesen
sein mag. Die hauptsächlichen Anhalts¬
punkte dafür sind aus der Novelle von
Schnitzler zu schöpfen.</Unicode>
            </TextEquiv>
        </TextRegion>
        <TextRegion orientation="0.0" id="r2" custom="readingOrder {index:1;}">
            <Coords points="1280,223 1280,3094 2172,3094 2172,223"/>
            <TextLine id="r2l1" custom="readingOrder {index:0;}">
                <Coords points="1275,270 1343,262 1362,281 1392,287 1432,285 1464,268 1550,290 1611,273 1612,189 1518,204 1488,188 1448,207 1388,192 1354,202 1335,189 1318,199 1275,195"/>
                <Baseline points="1280,249 1305,250 1330,250 1355,251 1380,252 1405,253 1430,254 1455,255 1480,255 1505,255 1530,255 1555,254 1580,252 1606,250"/>
                <TextEquiv>
                    <Unicode>box 5/4</Unicode>
                </TextEquiv>
            </TextLine>
            <TextLine id="r2l2" custom="readingOrder {index:1;}">
                <Coords points="1338,1385 2178,1390 2177,1324 2054,1309 1338,1334"/>
                <Baseline points="1344,1383 1385,1383 1426,1382 1468,1382 1509,1381 1551,1381 1592,1380 1633,1380 1675,1379 1716,1379 1758,1378 1799,1378 1840,1378 1882,1377 1923,1377 1965,1377 2006,1376 2047,1376 2089,1376 2130,1376 2172,1376"/>
                <TextEquiv>
                    <Unicode>CAINOS IN USTERREICH</Unicode>
                </TextEquiv>
            </TextLine>
            <TextLine id="r2l3" custom="readingOrder {index:2;}">
                <Coords points="1443,1439 1532,1464 1685,1436 1835,1455 1896,1430 2048,1446 2077,1439 2077,1403 1960,1384 1754,1407 1442,1395"/>
                <Baseline points="1448,1432 1479,1433 1510,1434 1541,1435 1572,1435 1604,1435 1635,1435 1666,1435 1697,1434 1728,1433 1760,1433 1791,1432 1822,1432 1853,1431 1884,1431 1916,1430 1947,1430 1978,1430 2009,1430 2040,1431 2072,1431"/>
                <TextEquiv>
                    <Unicode>Baden Salzburg Semmering</Unicode>
                </TextEquiv>
            </TextLine>
            <TextLine id="r2l4" custom="readingOrder {index:3;}">
                <Coords points="1340,1489 2176,1483 2175,1439 2132,1433 1782,1459 1706,1436 1572,1459 1340,1446"/>
                <Baseline points="1345,1479 1386,1479 1427,1479 1468,1479 1510,1479 1551,1479 1592,1478 1633,1478 1675,1478 1716,1478 1757,1477 1798,1477 1840,1476 1881,1476 1922,1476 1963,1475 2005,1475 2046,1475 2087,1474 2128,1474 2170,1474"/>
                <TextEquiv>
                    <Unicode>Roulette — Baccara — Chemin de fer</Unicode>
                </TextEquiv>
            </TextLine>
            <TextLine id="r2l5" custom="readingOrder {index:4;}">
                <Coords points="1342,1551 2171,1554 2171,1516 2130,1503 2101,1528 2021,1504 1342,1511"/>
                <Baseline points="1347,1545 1387,1545 1428,1546 1469,1546 1510,1546 1551,1546 1592,1546 1633,1546 1674,1545 1715,1545 1756,1545 1796,1545 1837,1544 1878,1544 1919,1544 1960,1543 2001,1543 2042,1542 2083,1542 2124,1541 2165,1541"/>
                <TextEquiv>
                    <Unicode>Österreichische Casino A. G.</Unicode>
                </TextEquiv>
            </TextLine>
            <TextLine id="r2l6" custom="readingOrder {index:5;}">
                <Coords points="1352,1596 2154,1600 2171,1555 1351,1555"/>
                <Baseline points="1357,1591 1397,1592 1437,1592 1478,1592 1518,1592 1559,1592 1599,1592 1640,1592 1680,1592 1721,1592 1761,1591 1801,1591 1842,1591 1882,1591 1923,1590 1963,1590 2004,1590 2044,1589 2085,1589 2125,1589 2166,1588"/>
                <TextEquiv>
                    <Unicode>Wien III, Schwarzenbergplatz 5a</Unicode>
                </TextEquiv>
            </TextLine>
            <TextLine id="r2l7" custom="readingOrder {index:6;}">
                <Coords points="1793,1704 1807,1704 1817,1710 1836,1704 1832,1665 1823,1665 1817,1672 1813,1673 1807,1672 1795,1664 1789,1665"/>
                <Baseline points="1798,1702 1830,1699"/>
                <TextEquiv>
                    <Unicode>*7</Unicode>
                </TextEquiv>
            </TextLine>
            <TextLine id="r2l8" custom="readingOrder {index:7;}">
                <Coords points="1346,1739 1391,1728 1430,1750 1490,1738 1534,1760 1610,1733 1717,1748 1805,1719 1804,1682 1741,1658 1710,1676 1346,1680"/>
                <Baseline points="1352,1728 1378,1727 1404,1727 1430,1727 1457,1726 1483,1726 1509,1726 1536,1725 1562,1725 1588,1724 1614,1724 1641,1723 1667,1723 1693,1722 1720,1722 1746,1722 1772,1721 1799,1721"/>
                <TextEquiv>
                    <Unicode>„OBSERVER“</Unicode>
                </TextEquiv>
            </TextLine>
            <TextLine id="r2l9" custom="readingOrder {index:8;}">
                <Coords points="1578,1776 1865,1783 1903,1768 2054,1788 2177,1774 2154,1736 2019,1721 1951,1749 1867,1727 1829,1745 1746,1729 1703,1750 1670,1733 1577,1740"/>
                <Baseline points="1583,1771 1612,1771 1641,1771 1671,1770 1700,1770 1730,1770 1759,1770 1788,1769 1818,1769 1847,1769 1877,1769 1906,1768 1935,1768 1965,1768 1994,1768 2024,1767 2053,1767 2082,1767 2112,1767 2141,1767 2171,1767"/>
                <TextEquiv>
                    <Unicode>1. österr. behördlich konzessioniertes</Unicode>
                </TextEquiv>
            </TextLine>
            <TextLine id="r2l10" custom="readingOrder {index:9;}">
                <Coords points="1584,1814 2141,1823 2172,1818 2172,1771 1962,1789 1884,1772 1584,1780"/>
                <Baseline points="1589,1809 1617,1809 1646,1809 1675,1809 1704,1809 1733,1809 1762,1809 1791,1809 1820,1809 1849,1808 1878,1808 1906,1808 1935,1808 1964,1808 1993,1807 2022,1807 2051,1807 2080,1806 2109,1806 2138,1806 2167,1805"/>
                <TextEquiv>
                    <Unicode>Unternehmen für Zeitungs-Ausschnitte</Unicode>
                </TextEquiv>
            </TextLine>
            <TextLine id="r2l11" custom="readingOrder {index:10;}">
                <Coords points="1578,1849 2171,1851 2159,1814 1578,1812"/>
                <Baseline points="1583,1850 1612,1850 1641,1850 1670,1850 1699,1849 1728,1849 1757,1849 1786,1849 1815,1849 1844,1849 1874,1848 1903,1848 1932,1848 1961,1848 1990,1847 2019,1847 2048,1846 2077,1846 2106,1846 2135,1845 2165,1844"/>
                <TextEquiv>
                    <Unicode>Wien!, Woilzeile 11, Telephon R-23-0-43</Unicode>
                </TextEquiv>
            </TextLine>
            <TextLine id="r2l12" custom="readingOrder {index:11;}">
                <Coords points="1760,1989 1809,1981 1832,1997 1864,1988 1947,1998 1962,1989 2016,2009 2052,1988 2055,1928 2037,1915 1990,1930 1958,1912 1900,1907 1845,1912 1807,1903 1764,1914"/>
                <Baseline points="1766,1974 1791,1975 1816,1976 1842,1977 1867,1979 1893,1980 1918,1981 1944,1983 1969,1984 1995,1986 2020,1987 2046,1988"/>
                <TextEquiv>
                    <Unicode>GRATIS</Unicode>
                </TextEquiv>
            </TextLine>
            <TextLine id="r2l13" custom="readingOrder {index:12;}">
                <Coords points="1346,2038 1425,2033 1445,2045 1475,2031 1515,2038 1531,2028 1549,2043 1574,2031 1672,2041 1672,1997 1643,1990 1583,2001 1529,1980 1489,1978 1441,2003 1346,1992"/>
                <Baseline points="1351,2029 1377,2028 1403,2027 1430,2027 1456,2027 1482,2027 1509,2027 1535,2027 1561,2027 1588,2027 1614,2027 1640,2027 1667,2027"/>
                <TextEquiv>
                    <Unicode>Ausschnitt aus:</Unicode>
                </TextEquiv>
            </TextLine>
            <TextLine id="r2l14" custom="readingOrder {index:13;}">
                <Coords points="1726,2073 1811,2073 1868,2100 1919,2092 1930,2101 1957,2087 1978,2098 1992,2086 2023,2087 2027,2033 1935,2010 1874,2028 1828,2005 1780,2018 1731,1993"/>
                <Baseline points="1732,2053 1758,2056 1784,2060 1810,2062 1836,2065 1862,2067 1888,2070 1914,2071 1940,2073 1966,2073 1992,2073 2018,2073"/>
                <TextEquiv>
                    <Unicode>dny Fag. Stae</Unicode>
                </TextEquiv>
            </TextLine>
            <TextLine id="r2l15" custom="readingOrder {index:14;}">
                <Coords points="1732,2193 1912,2194 1956,2215 2017,2183 2163,2191 2161,2116 2135,2110 2082,2118 2053,2104 2026,2125 1997,2106 1930,2120 1730,2118"/>
                <Baseline points="1738,2188 1764,2187 1790,2186 1816,2186 1842,2186 1868,2185 1895,2185 1921,2184 1947,2184 1973,2183 1999,2183 2026,2182 2052,2181 2078,2180 2104,2178 2130,2176 2157,2174"/>
                <TextEquiv>
                    <Unicode>10.NOV. 538</Unicode>
                </TextEquiv>
            </TextLine>
            <TextLine id="r2l16" custom="readingOrder {index:15;}">
                <Coords points="1352,2257 1358,2257 1375,2243 1395,2260 1417,2256 1430,2256 1436,2262 1461,2259 1462,2205 1418,2218 1398,2207 1393,2213 1382,2211 1366,2197 1353,2199"/>
                <Baseline points="1358,2243 1390,2243 1423,2243 1456,2245"/>
                <TextEquiv>
                    <Unicode>vom:</Unicode>
                </TextEquiv>
            </TextLine>
            <TextLine id="r2l17" custom="readingOrder {index:16;}">
                <Coords points="1458,2414 1565,2403 1592,2417 1675,2396 1811,2418 1938,2400 2002,2415 2001,2352 1958,2342 1928,2357 1834,2339 1778,2359 1730,2344 1644,2359 1457,2351"/>
                <Baseline points="1463,2400 1489,2400 1516,2400 1543,2399 1569,2399 1596,2398 1623,2398 1649,2397 1676,2397 1703,2396 1730,2395 1756,2395 1783,2395 1810,2394 1836,2394 1863,2394 1890,2394 1916,2394 1943,2395 1970,2396 1997,2396"/>
                <TextEquiv>
                    <Unicode>Schnitzler=Araufführung</Unicode>
                </TextEquiv>
            </TextLine>
            <TextLine id="r2l18" custom="readingOrder {index:17;}">
                <Coords points="1339,2474 2155,2453 2154,2420 1949,2409 1858,2440 1557,2439 1502,2410 1339,2437"/>
                <Baseline points="1344,2463 1384,2464 1424,2464 1464,2465 1505,2465 1545,2465 1585,2465 1626,2465 1666,2465 1706,2464 1747,2464 1787,2463 1827,2462 1867,2461 1908,2460 1948,2459 1988,2457 2029,2456 2069,2455 2109,2454 2150,2452"/>
                <TextEquiv>
                    <Unicode>* Die Dramatisierung der Schnitzler¬</Unicode>
                </TextEquiv>
            </TextLine>
            <TextLine id="r2l19" custom="readingOrder {index:18;}">
                <Coords points="1302,2518 1847,2522 2020,2490 2126,2515 2147,2461 1786,2465 1742,2491 1689,2469 1301,2473"/>
                <Baseline points="1308,2512 1349,2512 1391,2512 1433,2512 1475,2512 1516,2512 1558,2511 1600,2511 1642,2510 1683,2509 1725,2508 1767,2507 1809,2506 1850,2505 1892,2504 1934,2503 1976,2502 2017,2501 2059,2499 2101,2498 2143,2497"/>
                <TextEquiv>
                    <Unicode>Novelle „Fräulein Else“ von Ernst</Unicode>
                </TextEquiv>
            </TextLine>
            <TextLine id="r2l20" custom="readingOrder {index:19;}">
                <Coords points="1306,2562 2118,2558 2150,2554 2150,2509 2070,2508 2045,2535 1980,2509 1306,2518"/>
                <Baseline points="1312,2556 1353,2556 1395,2556 1436,2555 1478,2555 1520,2554 1561,2554 1603,2553 1645,2553 1686,2552 1728,2551 1770,2551 1811,2550 1853,2549 1895,2548 1936,2547 1978,2547 2020,2546 2061,2545 2103,2544 2145,2543"/>
                <TextEquiv>
                    <Unicode>Lothar wird im Theater in der</Unicode>
                </TextEquiv>
            </TextLine>
            <TextLine id="r2l21" custom="readingOrder {index:20;}">
                <Coords points="1306,2621 2151,2590 2150,2554 2062,2546 1305,2560"/>
                <Baseline points="1311,2602 1352,2601 1394,2600 1436,2599 1477,2598 1519,2597 1561,2597 1602,2596 1644,2596 1686,2595 1728,2594 1769,2594 1811,2593 1853,2592 1894,2591 1936,2590 1978,2589 2019,2588 2061,2587 2103,2585 2145,2583"/>
                <TextEquiv>
                    <Unicode>Josefstadt herauskommen. Das Schan¬</Unicode>
                </TextEquiv>
            </TextLine>
            <TextLine id="r2l22" custom="readingOrder {index:21;}">
                <Coords points="1302,2657 1604,2657 1683,2631 1717,2653 2122,2648 2144,2589 1301,2610"/>
                <Baseline points="1307,2644 1348,2644 1390,2644 1431,2644 1473,2643 1515,2643 1556,2642 1598,2642 1639,2641 1681,2640 1723,2639 1764,2638 1806,2637 1847,2637 1889,2635 1931,2634 1972,2633 2014,2632 2055,2631 2097,2630 2139,2629"/>
                <TextEquiv>
                    <Unicode>spiel besteht aus sieben Bildern. Rose</Unicode>
                </TextEquiv>
            </TextLine>
            <TextLine id="r2l23" custom="readingOrder {index:22;}">
                <Coords points="1303,2697 2030,2695 2145,2686 2144,2640 1302,2657"/>
                <Baseline points="1308,2688 1349,2688 1391,2687 1432,2687 1474,2686 1515,2686 1557,2685 1598,2684 1640,2684 1681,2683 1723,2682 1765,2682 1806,2681 1848,2680 1889,2680 1931,2679 1972,2678 2014,2677 2055,2677 2097,2676 2139,2675"/>
                <TextEquiv>
                    <Unicode>Stradner wird die Titelrolle spielen,</Unicode>
                </TextEquiv>
            </TextLine>
            <TextLine id="r2l24" custom="readingOrder {index:23;}">
                <Coords points="1307,2737 1873,2716 1960,2740 2148,2721 2148,2686 1306,2697"/>
                <Baseline points="1312,2732 1353,2732 1395,2731 1436,2731 1478,2731 1519,2730 1561,2730 1602,2729 1644,2729 1685,2728 1727,2727 1769,2726 1810,2725 1852,2724 1893,2723 1935,2722 1976,2721 2018,2719 2059,2718 2101,2716 2143,2714"/>
                <TextEquiv>
                    <Unicode>Bassermann den Vater Elses, Edt¬</Unicode>
                </TextEquiv>
            </TextLine>
            <TextLine id="r2l25" custom="readingOrder {index:24;}">
                <Coords points="1308,2787 2154,2768 2153,2729 2125,2724 1655,2751 1307,2736"/>
                <Baseline points="1313,2777 1354,2777 1396,2777 1438,2776 1480,2776 1522,2775 1563,2774 1605,2774 1647,2773 1689,2772 1731,2771 1772,2770 1814,2769 1856,2768 1898,2767 1940,2766 1981,2765 2023,2764 2065,2763 2107,2762 2149,2760"/>
                <TextEquiv>
                    <Unicode>hofer spielt den Antiquitätenhändler von</Unicode>
                </TextEquiv>
            </TextLine>
            <TextLine id="r2l26" custom="readingOrder {index:25;}">
                <Coords points="1294,2829 2066,2798 2123,2817 2156,2808 2156,2774 1293,2787"/>
                <Baseline points="1299,2819 1341,2819 1384,2819 1426,2819 1469,2819 1512,2818 1554,2818 1597,2817 1639,2817 1682,2816 1725,2815 1767,2814 1810,2813 1852,2812 1895,2811 1938,2810 1980,2808 2023,2807 2065,2806 2108,2805 2151,2803"/>
                <TextEquiv>
                    <Unicode>Dorsday, Else Bassermann die</Unicode>
                </TextEquiv>
            </TextLine>
            <TextLine id="r2l27" custom="readingOrder {index:26;}">
                <Coords points="1310,2871 2156,2866 2155,2820 2093,2804 2008,2833 1309,2827"/>
                <Baseline points="1315,2864 1356,2864 1398,2863 1440,2863 1482,2862 1524,2861 1565,2860 1607,2860 1649,2859 1691,2858 1733,2857 1774,2856 1816,2855 1858,2854 1900,2853 1942,2853 1983,2852 2025,2852 2067,2851 2109,2851 2151,2851"/>
                <TextEquiv>
                    <Unicode>Tante Elses, Eric Frey ihren Vetter,</Unicode>
                </TextEquiv>
            </TextLine>
            <TextLine id="r2l28" custom="readingOrder {index:27;}">
                <Coords points="1302,2924 2010,2904 2009,2861 1863,2851 1826,2881 1752,2849 1671,2878 1301,2871"/>
                <Baseline points="1307,2907 1341,2907 1376,2907 1411,2907 1446,2907 1481,2907 1516,2906 1551,2906 1586,2905 1621,2904 1656,2904 1690,2903 1725,2903 1760,2902 1795,2901 1830,2900 1865,2899 1900,2898 1935,2897 1970,2897 2005,2895"/>
                <TextEquiv>
                    <Unicode>Adrienne Geßner Dau Winauer.</Unicode>
                </TextEquiv>
            </TextLine>
            <TextLine id="r2l29" custom="readingOrder {index:28;}">
                <Coords points="1351,2957 2150,2951 2151,2904 1350,2915"/>
                <Baseline points="1356,2950 1395,2950 1435,2950 1474,2950 1514,2950 1553,2949 1593,2949 1632,2948 1672,2947 1711,2947 1751,2946 1791,2945 1830,2944 1870,2943 1909,2942 1949,2941 1988,2940 2028,2939 2067,2938 2107,2937 2147,2936"/>
                <TextEquiv>
                    <Unicode>Die Inszenierung der interessanten</Unicode>
                </TextEquiv>
            </TextLine>
            <TextLine id="r2l30" custom="readingOrder {index:29;}">
                <Coords points="1305,3001 2161,3004 2160,2954 2127,2943 1305,2959"/>
                <Baseline points="1311,2994 1353,2994 1395,2994 1437,2994 1479,2993 1522,2993 1564,2992 1606,2991 1648,2991 1690,2990 1733,2989 1775,2988 1817,2987 1859,2986 1901,2985 1944,2985 1986,2984 2028,2984 2070,2983 2112,2983 2155,2983"/>
                <TextEquiv>
                    <Unicode>Schnitzler=Uraufführung wurde Hans Thimig</Unicode>
                </TextEquiv>
            </TextLine>
            <TextLine id="r2l31" custom="readingOrder {index:30;}">
                <Coords points="1311,3051 2165,3032 2130,2992 2028,2987 1311,3004"/>
                <Baseline points="1317,3038 1359,3038 1401,3038 1443,3038 1485,3038 1527,3038 1569,3037 1611,3037 1653,3036 1695,3035 1738,3034 1780,3033 1822,3032 1864,3031 1906,3030 1948,3029 1990,3028 2032,3027 2074,3026 2116,3026 2159,3025"/>
                <TextEquiv>
                    <Unicode>übertragen, die Dekorationen entwirft Nieder¬</Unicode>
                </TextEquiv>
            </TextLine>
            <TextLine id="r2l32" custom="readingOrder {index:31;}">
                <Coords points="1310,3092 1319,3091 1327,3100 1335,3099 1353,3110 1368,3101 1381,3105 1385,3101 1410,3103 1426,3096 1426,3047 1418,3047 1406,3056 1387,3055 1370,3043 1356,3054 1310,3053"/>
                <Baseline points="1315,3083 1341,3083 1368,3083 1394,3083 1421,3083"/>
                <TextEquiv>
                    <Unicode>moser.</Unicode>
                </TextEquiv>
            </TextLine>
            <TextEquiv>
                <Unicode>box 5/4
CAINOS IN USTERREICH
Baden Salzburg Semmering
Roulette — Baccara — Chemin de fer
Österreichische Casino A. G.
Wien III, Schwarzenbergplatz 5a
*7
„OBSERVER“
1. österr. behördlich konzessioniertes
Unternehmen für Zeitungs-Ausschnitte
Wien!, Woilzeile 11, Telephon R-23-0-43
GRATIS
Ausschnitt aus:
dny Fag. Stae
10.NOV. 538
vom:
Schnitzler=Araufführung
* Die Dramatisierung der Schnitzler¬
Novelle „Fräulein Else“ von Ernst
Lothar wird im Theater in der
Josefstadt herauskommen. Das Schan¬
spiel besteht aus sieben Bildern. Rose
Stradner wird die Titelrolle spielen,
Bassermann den Vater Elses, Edt¬
hofer spielt den Antiquitätenhändler von
Dorsday, Else Bassermann die
Tante Elses, Eric Frey ihren Vetter,
Adrienne Geßner Dau Winauer.
Die Inszenierung der interessanten
Schnitzler=Uraufführung wurde Hans Thimig
übertragen, die Dekorationen entwirft Nieder¬
moser.</Unicode>
            </TextEquiv>
        </TextRegion>
        <TextRegion orientation="0.0" id="r3" custom="readingOrder {index:2;}">
            <Coords points="2361,738 2361,3705 3246,3705 3246,738"/>
            <TextLine id="r3l1" custom="readingOrder {index:0;}">
                <Coords points="2392,766 2473,790 2566,768 3200,802 3225,729 3164,707 2925,728 2394,704"/>
                <Baseline points="2398,763 2439,763 2480,764 2521,765 2562,765 2603,766 2644,767 2685,768 2726,769 2767,770 2808,771 2849,773 2890,774 2931,775 2972,776 3013,777 3054,779 3095,780 3136,781 3177,782 3218,783"/>
                <TextEquiv>
                    <Unicode>CAIINOS IN OSTERREICH</Unicode>
                </TextEquiv>
            </TextLine>
            <TextLine id="r3l2" custom="readingOrder {index:1;}">
                <Coords points="2478,824 2514,822 2533,830 2549,822 2565,824 2582,834 2594,826 2612,833 2612,794 2587,786 2578,788 2568,778 2555,783 2542,772 2515,776 2506,771 2491,777 2479,774"/>
                <Baseline points="2484,817 2514,817 2545,817 2575,818 2606,819"/>
                <TextEquiv>
                    <Unicode>Baden</Unicode>
                </TextEquiv>
            </TextLine>
            <TextLine id="r3l3" custom="readingOrder {index:2;}">
                <Coords points="2666,828 2838,836 2852,850 2883,831 2969,846 3048,834 3092,849 3126,833 3126,807 3064,794 2987,804 2877,781 2828,799 2761,778 2667,781"/>
                <Baseline points="2672,819 2698,821 2724,823 2751,825 2777,826 2803,827 2830,828 2856,828 2882,829 2909,829 2935,829 2961,830 2988,830 3014,831 3040,832 3067,833 3093,834 3120,836"/>
                <TextEquiv>
                    <Unicode>SalzburgSemmering</Unicode>
                </TextEquiv>
            </TextLine>
            <TextLine id="r3l4" custom="readingOrder {index:3;}">
                <Coords points="2381,860 2399,869 2412,863 2419,869 2453,872 2474,862 2490,874 2515,867 2539,879 2556,879 2558,824 2545,822 2531,830 2514,822 2493,833 2469,821 2413,815 2407,808 2383,812"/>
                <Baseline points="2387,856 2414,857 2441,858 2469,859 2496,860 2523,861 2551,862"/>
                <TextEquiv>
                    <Unicode>Roulette</Unicode>
                </TextEquiv>
            </TextLine>
            <TextLine id="r3l5" custom="readingOrder {index:4;}">
                <Coords points="2648,877 2726,868 2828,887 2868,870 2938,890 3178,897 3217,885 3219,834 3088,847 2924,833 2841,852 2650,819"/>
                <Baseline points="2654,865 2681,866 2709,866 2737,867 2765,868 2793,869 2821,870 2849,871 2877,871 2905,872 2933,873 2960,874 2988,875 3016,876 3044,876 3072,877 3100,878 3128,878 3156,879 3184,879 3212,879"/>
                <TextEquiv>
                    <Unicode>Baccara — Chemin de fer</Unicode>
                </TextEquiv>
            </TextLine>
            <TextLine id="r3l6" custom="readingOrder {index:5;}">
                <Coords points="2381,923 2412,941 2464,929 2478,940 2487,932 2505,947 2536,931 2544,937 2576,932 2614,946 2615,911 2589,898 2577,902 2536,889 2506,899 2488,889 2461,896 2383,885"/>
                <Baseline points="2387,922 2414,923 2442,925 2470,927 2498,928 2525,929 2553,930 2581,931 2609,932"/>
                <TextEquiv>
                    <Unicode>Osterre</Unicode>
                </TextEquiv>
            </TextLine>
            <TextLine id="r3l7" custom="readingOrder {index:6;}">
                <Coords points="2625,947 3212,953 3212,928 3179,909 3128,927 3019,903 2932,916 2848,899 2821,915 2627,892"/>
                <Baseline points="2631,931 2659,932 2688,933 2717,934 2746,936 2774,937 2803,938 2832,939 2861,940 2889,941 2918,941 2947,942 2976,943 3004,943 3033,944 3062,945 3091,945 3119,946 3148,947 3177,948 3206,949"/>
                <TextEquiv>
                    <Unicode>chische Casino A. G.</Unicode>
                </TextEquiv>
            </TextLine>
            <TextLine id="r3l8" custom="readingOrder {index:7;}">
                <Coords points="2385,977 2427,983 2451,968 2472,983 2526,970 2572,988 2591,988 2604,976 2633,983 2635,932 2589,948 2564,933 2549,943 2535,932 2505,948 2464,941 2453,948 2435,933 2414,941 2387,932"/>
                <Baseline points="2391,968 2417,970 2443,972 2470,973 2496,974 2522,975 2549,976 2575,976 2601,977 2628,977"/>
                <TextEquiv>
                    <Unicode>Wien Ill, S</Unicode>
                </TextEquiv>
            </TextLine>
            <TextLine id="r3l9" custom="readingOrder {index:8;}">
                <Coords points="2639,985 3210,1001 3211,954 2640,948"/>
                <Baseline points="2644,977 2672,979 2700,980 2728,981 2756,982 2784,983 2812,984 2840,985 2868,986 2896,987 2924,987 2952,988 2980,989 3008,989 3036,990 3064,991 3092,991 3120,992 3148,992 3176,993 3205,994"/>
                <TextEquiv>
                    <Unicode>chwarzenbergplatz 5a</Unicode>
                </TextEquiv>
            </TextLine>
            <TextLine id="r3l10" custom="readingOrder {index:9;}">
                <Coords points="2810,1096 2820,1096 2828,1104 2830,1101 2834,1104 2846,1106 2847,1104 2854,1109 2864,1109 2867,1055 2857,1053 2849,1061 2844,1062 2834,1054 2831,1056 2824,1051 2820,1052 2817,1048 2812,1048"/>
                <Baseline points="2815,1093 2859,1095"/>
                <TextEquiv>
                    <Unicode>#</Unicode>
                </TextEquiv>
            </TextLine>
            <TextLine id="r3l11" custom="readingOrder {index:10;}">
                <Coords points="2371,1108 2439,1108 2485,1136 2558,1116 2593,1133 2682,1118 2765,1132 2788,1116 2812,1122 2813,1055 2715,1062 2670,1039 2620,1047 2593,1034 2547,1055 2524,1038 2371,1086"/>
                <Baseline points="2376,1105 2401,1105 2426,1105 2452,1106 2477,1106 2502,1107 2528,1108 2553,1108 2578,1109 2604,1109 2629,1110 2654,1110 2680,1110 2705,1110 2730,1110 2756,1110 2781,1109 2807,1108"/>
                <TextEquiv>
                    <Unicode>VOBSERVER</Unicode>
                </TextEquiv>
            </TextLine>
            <TextLine id="r3l12" custom="readingOrder {index:11;}">
                <Coords points="2611,1159 3211,1189 3212,1127 3140,1106 2967,1139 2612,1128"/>
                <Baseline points="2616,1155 2645,1156 2675,1157 2704,1158 2734,1159 2763,1160 2793,1161 2822,1161 2852,1162 2881,1163 2911,1164 2940,1164 2970,1165 2999,1166 3029,1166 3058,1168 3088,1168 3117,1169 3147,1170 3176,1171 3206,1172"/>
                <TextEquiv>
                    <Unicode>I. österr. behördlich konzessionierteg</Unicode>
                </TextEquiv>
            </TextLine>
            <TextLine id="r3l13" custom="readingOrder {index:12;}">
                <Coords points="2617,1205 3186,1219 3200,1182 2869,1182 2832,1167 2757,1180 2618,1158"/>
                <Baseline points="2622,1195 2650,1196 2679,1197 2707,1198 2736,1198 2765,1200 2793,1200 2822,1201 2850,1202 2879,1203 2908,1203 2936,1204 2965,1205 2993,1205 3022,1206 3051,1207 3079,1207 3108,1208 3136,1209 3165,1209 3194,1210"/>
                <TextEquiv>
                    <Unicode>Unternehmen für Zeitungs-Ausschnitte</Unicode>
                </TextEquiv>
            </TextLine>
            <TextLine id="r3l14" custom="readingOrder {index:13;}">
                <Coords points="2605,1241 3204,1260 3192,1215 2606,1208"/>
                <Baseline points="2610,1233 2639,1234 2668,1236 2698,1237 2727,1238 2757,1239 2786,1239 2816,1241 2845,1242 2875,1243 2904,1243 2933,1244 2963,1245 2992,1245 3022,1246 3051,1247 3081,1248 3110,1248 3140,1249 3169,1249 3199,1250"/>
                <TextEquiv>
                    <Unicode>Wien I, Wollzeile 11, Telephon R-23-0-43</Unicode>
                </TextEquiv>
            </TextLine>
            <TextLine id="r3l15" custom="readingOrder {index:14;}">
                <Coords points="2368,1417 2396,1409 2434,1426 2480,1411 2537,1437 2571,1426 2618,1440 2637,1430 2693,1436 2696,1362 2660,1356 2629,1380 2595,1356 2519,1373 2477,1348 2439,1345 2370,1371"/>
                <Baseline points="2374,1401 2400,1402 2426,1403 2452,1404 2478,1404 2504,1405 2531,1406 2557,1407 2583,1408 2609,1410 2635,1410 2661,1412 2688,1413"/>
                <TextEquiv>
                    <Unicode>Ausschnitt aus:</Unicode>
                </TextEquiv>
            </TextLine>
            <TextLine id="r3l16" custom="readingOrder {index:15;}">
                <Coords points="2768,1475 2815,1489 2840,1472 2863,1488 2941,1481 2966,1494 3024,1495 3027,1410 2993,1412 2961,1400 2921,1425 2884,1405 2850,1414 2831,1396 2803,1408 2770,1400"/>
                <Baseline points="2773,1459 2800,1462 2827,1464 2855,1465 2882,1466 2909,1466 2937,1466 2964,1467 2991,1468 3019,1471"/>
                <TextEquiv>
                    <Unicode>Rdnde </Unicode>
                </TextEquiv>
            </TextLine>
            <TextLine id="r3l17" custom="readingOrder {index:16;}">
                <Coords points="2787,1595 2800,1591 2820,1599 2827,1592 2847,1592 2857,1580 2881,1591 2917,1572 2963,1587 2976,1581 2972,1510 2935,1503 2914,1513 2866,1492 2832,1515 2781,1498"/>
                <Baseline points="2790,1566 2815,1565 2841,1562 2866,1559 2892,1557 2917,1555 2943,1556 2969,1559"/>
                <TextEquiv>
                    <Unicode>1. 1090</Unicode>
                </TextEquiv>
            </TextLine>
            <TextLine id="r3l18" custom="readingOrder {index:17;}">
                <Coords points="2371,1659 2402,1660 2426,1638 2497,1618 2572,1620 2609,1596 2720,1618 2705,1501 2669,1527 2626,1522 2601,1537 2580,1522 2536,1564 2480,1582 2415,1578 2363,1593"/>
                <Baseline points="2371,1614 2397,1618 2423,1620 2449,1620 2475,1618 2501,1614 2527,1609 2553,1604 2579,1598 2605,1593 2631,1589 2657,1586 2683,1585 2710,1586"/>
                <TextEquiv>
                    <Unicode>Gn so)</Unicode>
                </TextEquiv>
            </TextLine>
            <TextLine id="r3l19" custom="readingOrder {index:18;}">
                <Coords points="2586,1733 2617,1729 2653,1751 2780,1729 2823,1740 2840,1727 2863,1740 2929,1729 2960,1743 2987,1730 2986,1667 2918,1683 2888,1661 2852,1664 2813,1697 2743,1658 2584,1663"/>
                <Baseline points="2591,1725 2617,1725 2643,1725 2669,1725 2695,1725 2721,1725 2747,1725 2773,1725 2799,1724 2825,1724 2851,1723 2877,1722 2903,1720 2929,1718 2955,1715 2981,1713"/>
                <TextEquiv>
                    <Unicode>sFräulein Eiser</Unicode>
                </TextEquiv>
            </TextLine>
            <TextLine id="r3l20" custom="readingOrder {index:19;}">
                <Coords points="2386,1832 2517,1809 2866,1824 2939,1800 3153,1821 3179,1812 3177,1729 3088,1752 3044,1725 3000,1760 2934,1735 2895,1765 2819,1739 2780,1772 2625,1740 2585,1761 2384,1753"/>
                <Baseline points="2391,1810 2430,1809 2469,1808 2508,1807 2547,1806 2586,1805 2625,1804 2664,1804 2703,1803 2742,1802 2782,1802 2821,1801 2860,1800 2899,1799 2938,1798 2977,1797 3016,1795 3055,1794 3094,1791 3133,1789 3173,1786"/>
                <TextEquiv>
                    <Unicode>i Theater in der Josefstadt</Unicode>
                </TextEquiv>
            </TextLine>
            <TextLine id="r3l21" custom="readingOrder {index:20;}">
                <Coords points="2399,1881 3204,1872 3214,1820 3035,1833 2976,1800 2838,1841 2639,1849 2517,1809 2398,1840"/>
                <Baseline points="2404,1877 2444,1876 2484,1874 2524,1873 2565,1872 2605,1872 2645,1871 2685,1870 2726,1869 2766,1869 2806,1867 2846,1867 2887,1866 2927,1865 2967,1864 3007,1863 3048,1861 3088,1860 3128,1858 3168,1857 3209,1854"/>
                <TextEquiv>
                    <Unicode>Im Theater in der Josefstadt beginnen</Unicode>
                </TextEquiv>
            </TextLine>
            <TextLine id="r3l22" custom="readingOrder {index:21;}">
                <Coords points="2356,1934 2879,1932 2980,1899 3187,1916 3202,1870 2779,1874 2724,1905 2664,1878 2355,1892"/>
                <Baseline points="2361,1927 2402,1926 2444,1925 2486,1924 2528,1923 2570,1922 2611,1921 2653,1920 2695,1919 2737,1918 2779,1917 2820,1916 2862,1915 2904,1914 2946,1913 2988,1912 3029,1910 3071,1909 3113,1907 3155,1906 3197,1903"/>
                <TextEquiv>
                    <Unicode>morgen, Dienstag, die Proben zu Arthuf</Unicode>
                </TextEquiv>
            </TextLine>
            <TextLine id="r3l23" custom="readingOrder {index:22;}">
                <Coords points="2358,1993 3209,1961 3208,1919 3180,1910 2989,1935 2357,1933"/>
                <Baseline points="2363,1973 2405,1972 2447,1971 2489,1971 2531,1970 2573,1969 2615,1969 2657,1968 2699,1967 2741,1966 2783,1965 2825,1964 2867,1963 2909,1962 2951,1960 2993,1959 3035,1957 3077,1955 3119,1954 3161,1952 3204,1950"/>
                <TextEquiv>
                    <Unicode>Schnitzlers „Fräulein Eise“ in der Drama¬</Unicode>
                </TextEquiv>
            </TextLine>
            <TextLine id="r3l24" custom="readingOrder {index:23;}">
                <Coords points="2357,2026 2947,2009 2987,2029 3137,1997 3217,2016 3215,1959 3146,1957 2357,1995"/>
                <Baseline points="2363,2021 2405,2021 2447,2020 2490,2019 2532,2018 2575,2017 2617,2016 2659,2015 2702,2014 2744,2013 2787,2011 2829,2010 2871,2009 2914,2008 2956,2007 2999,2006 3041,2005 3083,2003 3126,2002 3168,2001 3211,1999"/>
                <TextEquiv>
                    <Unicode>tisierung von Ernst Lothar. Die Regie des</Unicode>
                </TextEquiv>
            </TextLine>
            <TextLine id="r3l25" custom="readingOrder {index:24;}">
                <Coords points="2364,2076 3027,2069 3025,2019 2473,2027 2432,2045 2363,2027"/>
                <Baseline points="2369,2069 2401,2069 2434,2068 2466,2067 2499,2067 2532,2066 2564,2065 2597,2064 2629,2063 2662,2063 2695,2061 2727,2061 2760,2060 2792,2059 2825,2058 2858,2057 2890,2056 2923,2056 2955,2055 2988,2054 3021,2054"/>
                <TextEquiv>
                    <Unicode>Abends wird Hans Thimig führen.</Unicode>
                </TextEquiv>
            </TextLine>
            <TextLine id="r3l26" custom="readingOrder {index:25;}">
                <Coords points="2396,2126 2825,2098 2943,2128 3223,2109 3221,2041 3188,2037 3138,2065 2897,2059 2822,2086 2395,2083"/>
                <Baseline points="2401,2117 2441,2116 2482,2115 2523,2114 2564,2113 2605,2112 2645,2111 2686,2110 2727,2109 2768,2108 2809,2107 2849,2106 2890,2105 2931,2104 2972,2103 3013,2101 3053,2100 3094,2099 3135,2098 3176,2097 3217,2095"/>
                <TextEquiv>
                    <Unicode>Ernst Lother hat die weltberühmte Novelle</Unicode>
                </TextEquiv>
            </TextLine>
            <TextLine id="r3l27" custom="readingOrder {index:26;}">
                <Coords points="2363,2180 2806,2159 2926,2182 3030,2150 3088,2171 3222,2149 3221,2109 2942,2128 2803,2108 2738,2139 2361,2126"/>
                <Baseline points="2368,2166 2410,2165 2452,2164 2495,2163 2537,2162 2580,2161 2622,2160 2665,2159 2707,2158 2750,2157 2792,2156 2834,2155 2877,2154 2919,2152 2962,2151 3004,2150 3047,2149 3089,2147 3132,2146 3174,2145 3217,2143"/>
                <TextEquiv>
                    <Unicode>Arthur Schnitzlers, ein Werk, das aus der</Unicode>
                </TextEquiv>
            </TextLine>
            <TextLine id="r3l28" custom="readingOrder {index:27;}">
                <Coords points="2373,2234 3219,2198 3218,2159 3184,2151 2372,2186"/>
                <Baseline points="2378,2214 2419,2212 2461,2211 2503,2210 2545,2208 2586,2207 2628,2206 2670,2205 2712,2204 2753,2203 2795,2202 2837,2201 2879,2200 2920,2199 2962,2198 3004,2197 3046,2196 3087,2195 3129,2194 3171,2192 3213,2191"/>
                <TextEquiv>
                    <Unicode>späteren-Perföde des Dichters stammt, und in</Unicode>
                </TextEquiv>
            </TextLine>
            <TextLine id="r3l29" custom="readingOrder {index:28;}">
                <Coords points="2362,2275 3151,2243 3217,2262 3215,2209 3175,2195 3005,2222 2361,2231"/>
                <Baseline points="2367,2260 2409,2260 2451,2259 2493,2258 2535,2257 2578,2256 2620,2255 2662,2254 2704,2253 2746,2251 2789,2250 2831,2249 2873,2248 2915,2246 2957,2245 3000,2244 3042,2243 3084,2242 3126,2241 3168,2241 3211,2240"/>
                <TextEquiv>
                    <Unicode>seiner Atmosphäre die Nachkriegsstimmung</Unicode>
                </TextEquiv>
            </TextLine>
            <TextLine id="r3l30" custom="readingOrder {index:29;}">
                <Coords points="2367,2319 3158,2306 3222,2295 3221,2261 2365,2271"/>
                <Baseline points="2372,2309 2414,2308 2456,2307 2498,2306 2541,2305 2583,2304 2625,2303 2667,2302 2710,2300 2752,2299 2794,2298 2836,2297 2879,2296 2921,2295 2963,2294 3005,2293 3048,2291 3090,2290 3132,2289 3174,2288 3217,2287"/>
                <TextEquiv>
                    <Unicode>festhält, mit Zustimmung der Erben Arthur</Unicode>
                </TextEquiv>
            </TextLine>
            <TextLine id="r3l31" custom="readingOrder {index:30;}">
                <Coords points="2372,2373 3228,2340 3226,2292 2370,2323"/>
                <Baseline points="2376,2356 2418,2355 2460,2354 2502,2353 2545,2352 2587,2351 2629,2350 2672,2348 2714,2347 2756,2346 2799,2345 2841,2344 2883,2342 2925,2341 2968,2340 3010,2338 3052,2337 3095,2336 3137,2335 3179,2333 3222,2332"/>
                <TextEquiv>
                    <Unicode>Schnitzlers dramatisiert. Ernst Lothar hat mit</Unicode>
                </TextEquiv>
            </TextLine>
            <TextLine id="r3l32" custom="readingOrder {index:31;}">
                <Coords points="2369,2417 3029,2387 3111,2408 3221,2390 3219,2336 2367,2375"/>
                <Baseline points="2374,2404 2416,2403 2458,2402 2500,2401 2542,2400 2584,2399 2626,2397 2668,2396 2710,2395 2752,2394 2794,2392 2836,2391 2878,2390 2920,2388 2962,2387 3004,2386 3046,2385 3088,2383 3130,2382 3172,2381 3215,2380"/>
                <TextEquiv>
                    <Unicode>Arthur Schnitzler schon zu Lebzeiten wiederholt</Unicode>
                </TextEquiv>
            </TextLine>
            <TextLine id="r3l33" custom="readingOrder {index:32;}">
                <Coords points="2376,2469 2648,2441 3221,2450 3224,2398 2374,2414"/>
                <Baseline points="2381,2449 2422,2449 2464,2449 2506,2448 2548,2447 2590,2446 2632,2445 2674,2444 2716,2443 2758,2441 2800,2440 2841,2439 2883,2437 2925,2436 2967,2435 3009,2434 3051,2433 3093,2432 3135,2431 3177,2430 3219,2430"/>
                <TextEquiv>
                    <Unicode>über den Plan einer dramatischen Bearbeitung</Unicode>
                </TextEquiv>
            </TextLine>
            <TextLine id="r3l34" custom="readingOrder {index:33;}">
                <Coords points="2378,2509 3228,2478 3227,2448 3190,2439 3083,2470 3022,2444 2377,2469"/>
                <Baseline points="2384,2500 2428,2498 2472,2497 2516,2496 2560,2495 2604,2494 2648,2492 2693,2491 2737,2490 2781,2489 2825,2487 2869,2486 2913,2485 2958,2483 3002,2482 3046,2481 3090,2480 3134,2478 3178,2477 3223,2475"/>
                <TextEquiv>
                    <Unicode>von „Fräu'ein Else“ gesprochen und konnte</Unicode>
                </TextEquiv>
            </TextLine>
            <TextLine id="r3l35" custom="readingOrder {index:34;}">
                <Coords points="2377,2562 2813,2535 2929,2554 2980,2522 3033,2546 3233,2537 3232,2501 3169,2486 3113,2513 2926,2491 2376,2515"/>
                <Baseline points="2382,2546 2424,2545 2466,2544 2508,2543 2551,2542 2593,2541 2635,2541 2677,2539 2720,2538 2762,2537 2804,2536 2846,2535 2889,2534 2931,2533 2973,2531 3015,2530 3058,2529 3100,2528 3142,2526 3184,2525 3227,2524"/>
                <TextEquiv>
                    <Unicode>feststellen, daß sich der Dichter diesen Plan</Unicode>
                </TextEquiv>
            </TextLine>
            <TextLine id="r3l36" custom="readingOrder {index:35;}">
                <Coords points="2382,2621 2561,2590 3171,2589 3170,2541 3142,2538 2381,2561"/>
                <Baseline points="2387,2595 2425,2594 2464,2593 2503,2592 2542,2591 2581,2590 2620,2589 2659,2588 2698,2587 2737,2586 2776,2585 2814,2584 2853,2583 2892,2582 2931,2581 2970,2580 3009,2579 3048,2578 3087,2576 3126,2575 3165,2574"/>
                <TextEquiv>
                    <Unicode>gegenüber immer zustimmend geäußert hat.</Unicode>
                </TextEquiv>
            </TextLine>
            <TextLine id="r3l37" custom="readingOrder {index:36;}">
                <Coords points="2412,2656 3235,2625 3234,2590 3201,2582 2411,2609"/>
                <Baseline points="2417,2642 2457,2641 2498,2640 2538,2639 2579,2638 2620,2637 2660,2635 2701,2634 2741,2633 2782,2632 2823,2631 2863,2630 2904,2629 2944,2628 2985,2627 3026,2626 3066,2625 3107,2624 3147,2623 3188,2621 3229,2621"/>
                <TextEquiv>
                    <Unicode>In der Dramatisierung hat die Novelle, die</Unicode>
                </TextEquiv>
            </TextLine>
            <TextLine id="r3l38" custom="readingOrder {index:37;}">
                <Coords points="2384,2695 3098,2696 3163,2663 3226,2683 3209,2627 2384,2661"/>
                <Baseline points="2390,2690 2431,2689 2473,2688 2514,2687 2556,2686 2597,2685 2639,2684 2680,2683 2722,2682 2763,2681 2805,2679 2847,2678 2888,2677 2930,2676 2971,2675 3013,2674 3054,2673 3096,2672 3137,2672 3179,2671 3221,2670"/>
                <TextEquiv>
                    <Unicode>teils im Hotel Fratazza in San Martino di</Unicode>
                </TextEquiv>
            </TextLine>
            <TextLine id="r3l39" custom="readingOrder {index:38;}">
                <Coords points="2380,2747 3248,2738 3247,2688 2379,2704"/>
                <Baseline points="2385,2738 2427,2737 2470,2736 2513,2735 2556,2734 2599,2733 2642,2732 2685,2731 2728,2730 2771,2729 2814,2728 2856,2727 2899,2725 2942,2724 2985,2723 3028,2723 3071,2721 3114,2720 3157,2719 3200,2718 3243,2717"/>
                <TextEquiv>
                    <Unicode>Castrozza und in Wien spielt, fünf Schauplätze.</Unicode>
                </TextEquiv>
            </TextLine>
            <TextLine id="r3l40" custom="readingOrder {index:39;}">
                <Coords points="2385,2801 3238,2772 3211,2724 2384,2753"/>
                <Baseline points="2390,2786 2432,2785 2474,2783 2516,2782 2558,2781 2600,2780 2642,2779 2684,2778 2726,2777 2768,2776 2811,2775 2853,2774 2895,2773 2937,2772 2979,2770 3021,2770 3063,2768 3105,2767 3147,2767 3189,2765 3232,2764"/>
                <TextEquiv>
                    <Unicode>Das erste Bild spielt auf dem Tennisplatz</Unicode>
                </TextEquiv>
            </TextLine>
            <TextLine id="r3l41" custom="readingOrder {index:40;}">
                <Coords points="2383,2849 3237,2825 3236,2779 2381,2810"/>
                <Baseline points="2388,2834 2430,2833 2472,2832 2514,2831 2556,2830 2598,2828 2640,2827 2683,2827 2725,2825 2767,2824 2809,2823 2851,2822 2893,2821 2935,2820 2978,2818 3020,2817 3062,2816 3104,2815 3146,2814 3188,2812 3231,2811"/>
                <TextEquiv>
                    <Unicode>nächst dem Hotel und bringt wohl zum ersten</Unicode>
                </TextEquiv>
            </TextLine>
            <TextLine id="r3l42" custom="readingOrder {index:41;}">
                <Coords points="2379,2888 2661,2895 2728,2872 2892,2895 3231,2866 3194,2819 2378,2850"/>
                <Baseline points="2385,2881 2427,2880 2469,2880 2511,2879 2553,2877 2595,2877 2637,2876 2679,2875 2721,2874 2763,2873 2805,2872 2847,2871 2889,2869 2931,2869 2973,2867 3015,2866 3057,2865 3099,2863 3141,2862 3183,2860 3225,2858"/>
                <TextEquiv>
                    <Unicode>Male ein richtiges Tennisspiel auf die Bühne.</Unicode>
                </TextEquiv>
            </TextLine>
            <TextLine id="r3l43" custom="readingOrder {index:42;}">
                <Coords points="2389,2941 3165,2924 3231,2914 3230,2872 2387,2887"/>
                <Baseline points="2394,2928 2435,2927 2477,2927 2518,2926 2560,2926 2602,2925 2643,2924 2685,2923 2726,2922 2768,2920 2810,2919 2851,2918 2893,2917 2934,2916 2976,2914 3018,2913 3059,2912 3101,2911 3142,2910 3184,2909 3226,2908"/>
                <TextEquiv>
                    <Unicode>Tennis war ein Sport, der in den Romanen und</Unicode>
                </TextEquiv>
            </TextLine>
            <TextLine id="r3l44" custom="readingOrder {index:43;}">
                <Coords points="2389,2987 3196,2972 3231,2965 3230,2917 2388,2940"/>
                <Baseline points="2394,2976 2435,2975 2477,2975 2518,2974 2560,2973 2601,2973 2643,2971 2684,2970 2726,2969 2767,2968 2809,2967 2851,2965 2892,2965 2934,2963 2975,2962 3017,2961 3058,2959 3100,2958 3141,2957 3183,2956 3225,2955"/>
                <TextEquiv>
                    <Unicode>den Stucken Arthur Schnitzlers immer wieder</Unicode>
                </TextEquiv>
            </TextLine>
            <TextLine id="r3l45" custom="readingOrder {index:44;}">
                <Coords points="2390,3035 3103,3007 3172,3026 3238,3002 3227,2964 2389,2985"/>
                <Baseline points="2395,3025 2436,3024 2478,3022 2520,3021 2562,3020 2604,3019 2646,3018 2688,3017 2730,3016 2772,3015 2814,3014 2855,3013 2897,3012 2939,3011 2981,3010 3023,3009 3065,3008 3107,3006 3149,3005 3191,3004 3233,3002"/>
                <TextEquiv>
                    <Unicode>vorkommt. Das zweite Bild spielt im Hotel¬</Unicode>
                </TextEquiv>
            </TextLine>
            <TextLine id="r3l46" custom="readingOrder {index:45;}">
                <Coords points="2390,3084 3117,3077 3236,3060 3235,3014 2389,3048"/>
                <Baseline points="2396,3075 2437,3073 2479,3071 2521,3070 2563,3069 2604,3068 2646,3066 2688,3065 2730,3064 2771,3063 2813,3062 2855,3060 2897,3060 2938,3058 2980,3058 3022,3056 3064,3055 3105,3054 3147,3053 3189,3052 3231,3051"/>
                <TextEquiv>
                    <Unicode>zimmer Fräulein Elscz, das dritte in der Hotel¬</Unicode>
                </TextEquiv>
            </TextLine>
            <TextLine id="r3l47" custom="readingOrder {index:46;}">
                <Coords points="2389,3127 3208,3117 3242,3112 3241,3073 2387,3083"/>
                <Baseline points="2394,3121 2436,3120 2478,3119 2520,3117 2562,3116 2604,3115 2646,3114 2688,3113 2730,3112 2772,3111 2815,3109 2857,3108 2899,3107 2941,3106 2983,3105 3025,3104 3067,3103 3109,3102 3151,3101 3193,3100 3236,3099"/>
                <TextEquiv>
                    <Unicode>halle, das vierte im Hotelspeisesaal, das fünfte</Unicode>
                </TextEquiv>
            </TextLine>
            <TextLine id="r3l48" custom="readingOrder {index:47;}">
                <Coords points="2389,3183 2431,3163 3070,3172 3242,3152 3241,3115 2387,3133"/>
                <Baseline points="2394,3168 2436,3167 2478,3166 2520,3165 2562,3164 2604,3163 2646,3162 2688,3160 2730,3159 2772,3158 2815,3156 2857,3155 2899,3154 2941,3153 2983,3152 3025,3151 3067,3150 3109,3150 3151,3149 3193,3149 3236,3150"/>
                <TextEquiv>
                    <Unicode>in der Wohnung von Elses Eltern in Wien, de¬</Unicode>
                </TextEquiv>
            </TextLine>
            <TextLine id="r3l49" custom="readingOrder {index:48;}">
                <Coords points="2392,3226 3148,3218 3242,3201 3241,3152 2391,3183"/>
                <Baseline points="2397,3216 2439,3215 2481,3214 2523,3213 2565,3212 2607,3211 2649,3210 2691,3208 2733,3207 2775,3206 2817,3205 2859,3203 2901,3202 2943,3201 2985,3200 3027,3199 3069,3198 3111,3197 3153,3196 3195,3196 3237,3195"/>
                <TextEquiv>
                    <Unicode>sechste wieder im Hotelzimmer und das siebente</Unicode>
                </TextEquiv>
            </TextLine>
            <TextLine id="r3l50" custom="readingOrder {index:49;}">
                <Coords points="2388,3273 2446,3272 2475,3286 2551,3265 2585,3272 2707,3261 2706,3236 2666,3221 2628,3234 2611,3220 2595,3229 2515,3225 2504,3234 2461,3223 2426,3245 2387,3232"/>
                <Baseline points="2394,3264 2419,3264 2445,3263 2471,3263 2496,3262 2522,3261 2548,3260 2573,3259 2599,3258 2625,3257 2650,3257 2676,3257 2702,3258"/>
                <TextEquiv>
                    <Unicode>in der Hotelhalle.</Unicode>
                </TextEquiv>
            </TextLine>
            <TextLine id="r3l51" custom="readingOrder {index:50;}">
                <Coords points="2415,3328 3242,3300 3241,3257 3081,3233 2952,3272 2413,3272"/>
                <Baseline points="2419,3310 2459,3310 2500,3309 2541,3308 2582,3307 2623,3306 2664,3305 2704,3304 2745,3303 2786,3302 2827,3300 2868,3299 2909,3298 2950,3297 2990,3296 3031,3295 3072,3294 3113,3293 3154,3293 3195,3292 3236,3292"/>
                <TextEquiv>
                    <Unicode>Die Hauptrollen sind folgendermaßen besetzt:</Unicode>
                </TextEquiv>
            </TextLine>
            <TextLine id="r3l52" custom="readingOrder {index:51;}">
                <Coords points="2395,3369 3238,3349 3237,3311 3087,3300 2821,3331 2717,3305 2394,3324"/>
                <Baseline points="2400,3361 2441,3360 2483,3358 2524,3357 2566,3355 2608,3354 2649,3353 2691,3351 2732,3350 2774,3349 2816,3348 2857,3347 2899,3347 2940,3345 2982,3344 3024,3343 3065,3343 3107,3342 3148,3341 3190,3340 3232,3339"/>
                <TextEquiv>
                    <Unicode>Dr. T., Rechtsanwalt — Albert Basser¬</Unicode>
                </TextEquiv>
            </TextLine>
            <TextLine id="r3l53" custom="readingOrder {index:52;}">
                <Coords points="3154,3398 3161,3399 3165,3395 3185,3398 3192,3394 3200,3400 3206,3398 3213,3401 3221,3394 3230,3399 3241,3398 3240,3351 3226,3347 3213,3352 3203,3348 3193,3351 3189,3346 3180,3346 3174,3350 3167,3344 3160,3349 3153,3349"/>
                <Baseline points="3159,3387 3184,3385 3209,3386 3235,3385"/>
                <TextEquiv>
                    <Unicode>Rose</Unicode>
                </TextEquiv>
            </TextLine>
            <TextLine id="r3l54" custom="readingOrder {index:53;}">
                <Coords points="3072,3390 3085,3390 3089,3393 3095,3390 3111,3396 3118,3391 3137,3403 3144,3397 3153,3398 3152,3366 3140,3365 3134,3360 3124,3360 3116,3367 3098,3367 3095,3370 3087,3366 3080,3372 3071,3370"/>
                <Baseline points="3077,3391 3112,3392 3147,3389"/>
                <TextEquiv>
                    <Unicode>—</Unicode>
                </TextEquiv>
            </TextLine>
            <TextLine id="r3l55" custom="readingOrder {index:54;}">
                <Coords points="2397,3414 2557,3430 2687,3401 3001,3409 3006,3366 2918,3352 2853,3379 2784,3361 2673,3387 2617,3366 2396,3380"/>
                <Baseline points="2402,3408 2433,3407 2465,3407 2496,3406 2528,3406 2559,3405 2591,3405 2622,3404 2654,3403 2685,3401 2717,3400 2748,3400 2780,3399 2811,3397 2843,3396 2874,3395 2906,3394 2937,3393 2969,3392 3001,3391"/>
                <TextEquiv>
                    <Unicode>mann; Else, seine Tochter</Unicode>
                </TextEquiv>
            </TextLine>
            <TextLine id="r3l56" custom="readingOrder {index:55;}">
                <Coords points="2390,3475 3238,3449 3243,3403 3028,3383 2869,3419 2388,3417"/>
                <Baseline points="2394,3454 2436,3453 2478,3453 2520,3452 2562,3451 2605,3450 2647,3449 2689,3448 2731,3447 2773,3445 2816,3444 2858,3443 2900,3442 2942,3441 2984,3440 3027,3438 3069,3438 3111,3437 3153,3436 3195,3436 3238,3435"/>
                <TextEquiv>
                    <Unicode>Stradner: Tante Emma, Schwester Dr. T’s.</Unicode>
                </TextEquiv>
            </TextLine>
            <TextLine id="r3l57" custom="readingOrder {index:56;}">
                <Coords points="2468,3513 3241,3489 3240,3462 3174,3440 2617,3479 2467,3463"/>
                <Baseline points="2473,3499 2511,3499 2549,3498 2587,3498 2625,3497 2663,3496 2701,3496 2739,3495 2777,3494 2815,3493 2854,3492 2892,3491 2930,3490 2968,3489 3006,3488 3044,3487 3082,3486 3120,3485 3158,3483 3196,3483 3235,3481"/>
                <TextEquiv>
                    <Unicode>Else Bassermann; Dr. Paul T., Eises</Unicode>
                </TextEquiv>
            </TextLine>
            <TextLine id="r3l58" custom="readingOrder {index:57;}">
                <Coords points="2406,3556 3235,3550 3250,3492 2674,3500 2511,3528 2405,3509"/>
                <Baseline points="2411,3549 2452,3549 2494,3548 2536,3548 2578,3547 2619,3546 2661,3545 2703,3544 2745,3543 2786,3541 2828,3540 2870,3539 2912,3538 2953,3537 2995,3536 3037,3535 3079,3534 3120,3533 3162,3532 3204,3532 3246,3531"/>
                <TextEquiv>
                    <Unicode>Vetter — Eric Frey; Heer ven Dorsday, Anti¬</Unicode>
                </TextEquiv>
            </TextLine>
            <TextLine id="r3l59" custom="readingOrder {index:58;}">
                <Coords points="2408,3614 2754,3588 3232,3609 3242,3547 2407,3571"/>
                <Baseline points="2413,3598 2454,3597 2495,3595 2536,3594 2578,3593 2619,3592 2660,3592 2701,3591 2743,3590 2784,3589 2825,3588 2866,3587 2908,3586 2949,3586 2990,3585 3031,3584 3073,3583 3114,3583 3155,3582 3196,3581 3238,3580"/>
                <TextEquiv>
                    <Unicode>juitätenhändler — Anton Edthofer; Frau</Unicode>
                </TextEquiv>
            </TextLine>
            <TextLine id="r3l60" custom="readingOrder {index:59;}">
                <Coords points="2408,3652 2991,3642 2990,3612 2931,3599 2814,3594 2784,3618 2732,3600 2407,3613"/>
                <Baseline points="2413,3641 2441,3642 2470,3642 2498,3642 2527,3641 2556,3641 2584,3640 2613,3639 2641,3639 2670,3638 2699,3637 2727,3636 2756,3635 2784,3635 2813,3634 2842,3634 2870,3633 2899,3633 2927,3633 2956,3634 2985,3634"/>
                <TextEquiv>
                    <Unicode>Winawer — Adrienne Geßner.</Unicode>
                </TextEquiv>
            </TextLine>
            <TextLine id="r3l61" custom="readingOrder {index:60;}">
                <Coords points="2423,3699 2834,3697 2917,3680 2974,3706 2986,3641 2857,3660 2699,3643 2613,3661 2563,3645 2545,3659 2422,3651"/>
                <Baseline points="2429,3694 2456,3692 2484,3691 2511,3690 2539,3689 2567,3688 2594,3688 2622,3687 2649,3686 2677,3686 2705,3685 2732,3685 2760,3684 2787,3684 2815,3683 2843,3683 2870,3683 2898,3682 2925,3682 2953,3682 2981,3681"/>
                <TextEquiv>
                    <Unicode>Dekoration: Niedermoser.</Unicode>
                </TextEquiv>
            </TextLine>
            <TextEquiv>
                <Unicode>CAIINOS IN OSTERREICH
Baden
SalzburgSemmering
Roulette
Baccara — Chemin de fer
Osterre
chische Casino A. G.
Wien Ill, S
chwarzenbergplatz 5a
#
VOBSERVER
I. österr. behördlich konzessionierteg
Unternehmen für Zeitungs-Ausschnitte
Wien I, Wollzeile 11, Telephon R-23-0-43
Ausschnitt aus:
Rdnde 
1. 1090
Gn so)
sFräulein Eiser
i Theater in der Josefstadt
Im Theater in der Josefstadt beginnen
morgen, Dienstag, die Proben zu Arthuf
Schnitzlers „Fräulein Eise“ in der Drama¬
tisierung von Ernst Lothar. Die Regie des
Abends wird Hans Thimig führen.
Ernst Lother hat die weltberühmte Novelle
Arthur Schnitzlers, ein Werk, das aus der
späteren-Perföde des Dichters stammt, und in
seiner Atmosphäre die Nachkriegsstimmung
festhält, mit Zustimmung der Erben Arthur
Schnitzlers dramatisiert. Ernst Lothar hat mit
Arthur Schnitzler schon zu Lebzeiten wiederholt
über den Plan einer dramatischen Bearbeitung
von „Fräu'ein Else“ gesprochen und konnte
feststellen, daß sich der Dichter diesen Plan
gegenüber immer zustimmend geäußert hat.
In der Dramatisierung hat die Novelle, die
teils im Hotel Fratazza in San Martino di
Castrozza und in Wien spielt, fünf Schauplätze.
Das erste Bild spielt auf dem Tennisplatz
nächst dem Hotel und bringt wohl zum ersten
Male ein richtiges Tennisspiel auf die Bühne.
Tennis war ein Sport, der in den Romanen und
den Stucken Arthur Schnitzlers immer wieder
vorkommt. Das zweite Bild spielt im Hotel¬
zimmer Fräulein Elscz, das dritte in der Hotel¬
halle, das vierte im Hotelspeisesaal, das fünfte
in der Wohnung von Elses Eltern in Wien, de¬
sechste wieder im Hotelzimmer und das siebente
in der Hotelhalle.
Die Hauptrollen sind folgendermaßen besetzt:
Dr. T., Rechtsanwalt — Albert Basser¬
Rose
—
mann; Else, seine Tochter
Stradner: Tante Emma, Schwester Dr. T’s.
Else Bassermann; Dr. Paul T., Eises
Vetter — Eric Frey; Heer ven Dorsday, Anti¬
juitätenhändler — Anton Edthofer; Frau
Winawer — Adrienne Geßner.
Dekoration: Niedermoser.</Unicode>
            </TextEquiv>
        </TextRegion>
    </Page>
</PcGts>
