3344 4320
911 219 1418 333 box 38/4
167 238 772 362 2. Cuttings
1463 685 2126 909 sa Selug (
502 866 2992 1075 Tne solution ## the Jerish prooles is one shich esch undividual aust find
501 1003 2896 1137 for hisself. Tnere 15 no geseral sdlution. Zionisn does not seen to ne
509 1044 3016 1286 to oe a solution at all. it sors to as too suoh aotated oy sudien Ispul)
509 1209 2950 1394 ses, 09 resentaent, 5y anern desire to escape fron one Is envirowlent
535 1302 3004 1490 nd scaroely over to spring fros # vell reasoned deoision. This does not .
525 1357 3075 1618 prevent an Irca enairing Ziorisn, 1 aleire peoele vho can reach out so hig
541 1581 2540 1740 and greau so spleniialy, eut tney will never oonsinoe #0
905 1653 3080 1843 1 neet erdly peint out that the Zionist plays aotizely into th
2948 1739 3031 1816 ∆
536 1791 3070 1938 hanis ol tue anti-Seaite, He oonfesses to a veaknens in our position shioh
550 1884 3075 2033 ## inn does pot existe.M. parents ocne pros Hungary, but ny desire takes
550 1997 1162 2099 da Pace cse
557 1987 3020 2165 berssetneettu#rgtenlleggery nor ##lestine, I root here in Vienna, ay hose
565 2115 3073 2293 and thc hose 91 a. Jeuth.l nave groen up ttentfkying nyself vitn the nigh)
566 2242 3030 2416 Is inaiviaual oulter, i us zurt ## It, an: in 1s part of s0. Thr snould
575 2346 3029 2528 Thy should 1 leave this oountry# ##ceuse a fev ignorant aus i11brod fools
577 2464 2132 2620 of anti-Seuites tel #e 1 do net belong here.
856 2579 3027 2770 o i believe that tnere 1s un basio indiviiual Jevish oberaoter
567 2683 3080 2908 apart fros vertal traizs shien environnent has forced unon it: That 1s a
592 2834 3091 3050 aifficult questionan yet I anould 1: anything ve tnolinen to e negative,
586 2983 3076 3199 ansveri 1o not Solieve tnat ene Jev it essentially atft##ant spiritually
594 3094 3079 3279 dilferent er tnat thore is a #tfferende of spiritual rytha betveen hin a
613 3224 3039 3398 ine gentile. Tu# attitude of the vorli tovards his has produced oertain
605 3355 3088 3512 payonolegieal nontfiostions. Ters asar thi attitute, und those nodiffoa¬
905 3425 2622 3556 bnurn Aal da dspmi ahe eutn e
610 3476 3070 3628 tich
625 3556 3105 3730 t###undlest Sert vere tone tagen tor anotner eountry Kept in 1 noranor
612 3679 3092 3853 of its origin an: 11 taat origin vere also sept fron its assoolates, thaf
629 3813 3009 3964 tnis enild vould gros up absolutely Mnoonsoiousof a uifferenos setveen
618 3935 3170 4095 itself aus i#s pla, nates, ezoept perhaps tnat it signt ievelonx and beoome¬
2466 4034 2574 4103 Sahenen
1123 4055 1432 4176 D
2033 4148 2131 4181 e
