3296 4256
2590 68 2930 136 e
1671 68 2414 251 1
1160 137 1509 226 —
884 207 1358 324 box 38/4
124 205 733 347 2. Cuttings
1158 279 1549 544 She
488 603 633 728 30
1571 689 1792 846 and
859 817 3102 936 As olle Speaks to nig, g#r bscones consoicus oß this terrifio deph
487 949 3078 1074 am intenstty of feeling of the cöntinous mental rush going on vithllthe san,
498 1067 2987 1198 One foras sone oonception of the dsgree of unrelenting dtsoipline it nust
506 1177 2905 1326 oost Schnitzler to have shat he is namely ous of tns aost polished and
504 1264 754 1357 urbane
719 1322 2918 1443 writers in contenporary Surope, dos eastly that quiok sensitizi¬
497 1457 2948 1581 ##, tnat over read) response of tne heart night have swanped his Judge¬
491 1580 3016 1723 nent and dissed his taste. I! Schnitzler hadt not been Schnitzler, he vould
533 1700 3010 1843 one feels (not vithont a silent tnanksgiving to Heaven for a calanity so
543 1820 3125 2004 nearly avertes] havs aase ene of those prolifio enotionel vriters, vho des¬
539 1988 3075 2109 pite tue presenos ol rea, talent never rise higher than the second rank in
548 2119 1489 2295 the artistie hierarchy.
1137 2196 1233 2326 —
753 2256 3060 2414 The truth it that tnere arn tuo Schritelers. Toere 18 tre enotional
552 2367 3141 2603 Schattzler vith tun irrisistable oreative urge In hin, aus ühere in bis von¬
566 2539 2974 2723 tor varder am. faziliar spirit, tue oritical Schnitzler, and it 1s oy a
569 2601 2930 2826 volraboration el ind #ao separats individuals tnat Senritzler's voras
563 2740 3124 2966 oone into being. Tnis oritioal Sohnitzler, 1 don't sind telling you, is the
569 2883 3101 3072 devil ci a fellos, de is persistant vateful ans utterly unrelenting. Sven
574 2986 3154 3189 in nis oun donuin, aaving no cther onjeot for his fuht, he turns and lei¬
578 3221 1189 3346 cerates ninsel1.
805 3269 3051 3433 #inen T atteupt ang sort of eritteal or reflective eriting, said
585 3390 2493 3570 Sahnitzler,“1 an nal strangled sr ny oun perantheses
2289 3498 2369 3568 K
597 3488 3075 3731 I resespor thicking at ##e tiss tnat Joi nad originall)y iotented Sohnitz¬
602 3630 3007 3853 1er Ter a aort o. Upton Sinolair, ane the. ## the last sinute ananged
2747 3828 2969 3918 able
594 3788 3058 4020 nis sind.] in uther soras Scanitaler is one uf thosn hot altogsther envi¬
