3344 4352
691 71 2048 164 —
677 136 2151 192 Untertöne. Ländlicher Spätsommer mit vorbeiziehenden Ge= bewertetes?
677 187 2161 264 wittern und leisen Melancholien, so beschaffen ist hier auch die verpfändete.
673 232 2137 298 seelische Landschaft der Menschen. Die Stille eines Landhauses ist verrechnete
1894 284 2180 352 ihm bezahlter
675 297 1886 354 gut für innere Einkehr und schmerzhafte Erkenntnisse. Beichten
1902 330 2168 400 Warenlager
671 337 1894 394 entringen sich der schlummernden Seele, die leidenschaftlich auf¬
1909 374 2171 441 einem ander
679 391 1886 447 wallt; wie Gespenster am hellichten Tage zieht die Vergangenheit
1894 421 2186 493 unverkäuflich
679 433 1901 491 vorbei. War der zurückgelegte Weg der richtige, das Leben frei
1909 474 2177 549 ITEERETT
673 481 1891 534 von Verfehlungen? Jäh tun sich Abgründe vor dem geistigen
669 530 1906 589 Auge auf, jäh erwucht die Reue über ein verfehltes Dasein, ein
679 576 1900 636 zerstörtes Liebesleben, über einen Beruf ohne innere Eignung.
776 627 1902 703 Das ist die Selbstanklage zweier Menschen, die innerlich
667 680 1912 759 zu einander gehören und dem Straucheln nahegekommen sind.
681 727 1906 792 Die Frau lebt in einer etwas freudlosen Ehe mit einem Manne,
670 771 1911 842 der in seinem künstlerischen Beruf sich ihr entfremdete; der
683 817 1912 884 Freund ist ein Priester mit allzu zartem Gewissen, den einen
681 864 1906 931 Moment lang das Leben dennoch lockt und ruft. Es ist für all
668 916 1907 962 das zu spät. So entsteht Gewissensnot und Lebensangst, und die
679 963 1896 1021 beiden betroffenen Menschen geraten in einen Konflikt, wie das
680 1009 1900 1066 Gewitter draußen in der Landschaft vorbeizieht. Das ist das
675 1054 1898 1115 Hauptmotiv dieses Stückes. Menschen an der Lebenswende
1922 1052 2117 1153 •W
676 1103 1669 1174 stehen in seinem Mittelpunkt und gärende Jugend.
776 1154 1902 1225 Der Kaplan Ferdinand Holl, Freund des Hauses Fried¬
1921 1146 2218 1271 KOl
675 1210 1907 1271 lein, mutet wie ein Bruder des Isenschen Pastor Manders an,
672 1269 1909 1317 wenn auch seine Mitspielerin im Herzenskonflikt keine bitter
666 1299 1910 1358 anklagende Frau Alving ist. Aber es weht Ibsen=Luft in diesem
1934 1293 2212 1391 Zat
672 1349 1899 1409 Drama der Beichten und Auseinandersetzungen. Der Kaplan ist
670 1398 1893 1458 naiv, schwächlich und gütig wie die priesterliche Gestalt in jener
675 1447 1902 1509 nordischen Dichtung voll Regenschauer und Vergangenheits¬
669 1503 1902 1558 gespenstern. Mit einer leisen, verschwiegenen Neigung steht ihm
1992 1493 2227 1588 Gahf
673 1540 1902 1596 Frau Josefa Friedlein, die Gattin eines Bildhauers, gegenüber.
674 1587 1917 1656 An einem sommerlichen Gewitterabend kommt es zu einer
677 1630 1913 1680 schmerzlichen Aussprache zwischen den beiden. Der Kaplan ist
676 1681 1905 1747 von Gewissensqualen und Zweifeln heimgesucht, aber auch von
1934 1700 2216 1778 Keine Temp
675 1729 1912 1801 Neid auf das freiere Leben seines jüngern Bruders, der Offizier
674 1776 1854 1848 ist und vor einem Duell sich brieflich von ihm verabschiedet.
778 1830 1922 1895 Hier sind die dramatischeren Momente, die leidenschaft¬
1983 1811 2224 1904 In der P
676 1887 2219 1947 licheren Akzente des auf leise Halbtöne gestimmten Stückes. liches geändert
670 1928 2209 1992 Schwankende Herzen besitzt hier auch die Jugend. Zumal die verzeichnen. In
677 1977 2220 2024 Nichte Frau Josefas, die zwischen zwei Männern mit österreich wolki
676 2017 1898 2084 ihren Liebesgefühlen tändelnde Gusti Pflegner, die als
1896 2027 2225 2094 Null Grad. Ar
675 2069 1883 2135 sommerlicher Gast in dem Landhaus weilt und zum schau¬
1907 2076 2224 2139 In 3000 Meter
669 2123 1881 2181 spielerischen Beruf sich vorbereitet, Sie ist von dem noch knaben¬
1906 2123 2229 2189 Minus 12 Gra¬
672 2173 1884 2221 haften Sohn des Hauses Friedlein leidenschaftlich umworben, der
1909 2175 2231 2250 Störungsgebiet.
677 2216 1885 2275 in der Gewitternach mit seiner Liebe über seinem Rivalen den
1896 2224 2143 2291 Südwinde.
667 2267 1893 2322 Sieg davonträgt. Triumphierende Jugend und resignierendes
1987 2263 2237 2336 Für die W
666 2301 1892 2384 Leid der an der Lebenswende stehenden, innerlich Gebundenen,
1897 2307 2229 2384 Wetteraussichten
678 2360 1574 2425 das sind die beiden Grundmotive des Stückes.
1901 2372 2235 2437 abnahme eintre.
776 2419 2184 2473 Es hat die Schnitzlersche Melodie, den Rhythmus seines ist allerdings
664 2479 2251 2536 geistig geadelten Dialogs; seine tief menschliche Besonnenheit Neuschnee fallen
663 2520 1895 2582 und das Wissen um alles Menschliche. Aber dieses Stück gehört
1903 2516 2234 2581 erst einige Tage
662 2564 2243 2619 nicht zu den stärksten Dingen der Schnitzlerschen Dramatik, istWintersportzentr
672 2618 2245 2677 mehr Idyll als Drama; mehr von lyrischem Charme als von beste Skigelände
667 2667 1895 2725 Lebensfülle. Doch auch hier klingt die leidvolle Erkenntnis von
1895 2660 2246 2728 1500 Meter an,
662 2721 1883 2772 der menschlichen Vereinsamung auf, vom einsamen Lebensweg;
1903 2712 2238 2776 Stürme Schneev
661 2753 1886 2810 ein Vakuum ist zwischen den Menschen, den Gefährten einer Ehe
1899 2752 2252 2827 die Skiläufer nie
663 2820 1886 2873 wie zwischen den Liebespaaren. Nur daß Schnitzler hier all dem
1907 2808 2240 2874 Niederungen ist
672 2849 1884 2915 Geschehen und den inneren Wandlungen der Menschen den
1894 2854 2249 2923 ausflüge und S
670 2900 1482 2972 helleren, zuversichtlicheren Ausklang gibt.
1899 2906 2248 2983 Feiertagen ist u
770 2942 1889 3016 Reizvoll hat Direktor Beers Regie all die Stimmungs¬
1889 2958 2130 3039 zu rechnen.
673 3011 1896 3070 momente herausgearbeitet. Es ist viel Farbigkeit in den Szenen,
2099 3028 2243 3102 Inns.
663 3055 1892 3100 landschaftliche Bodenständigkeit. Echt österreichisch auch die
2100 3077 2256 3138 Hahne
671 3099 1906 3160 Menschen in ihrer problematischen Art und ihrer Emp¬
2110 3127 2258 3177 Salzb
671 3155 1901 3217 pfindungsweise. Allerdings ist es ein Wienertum von gestern.
2098 3163 2259 3212 Maric
663 3200 1906 3266 In dieser Erkenntnis hat der Dichter die Handlung in eine noch
2108 3202 2240 3253 Linz:
2106 3235 2247 3287 Wien:
668 3244 1258 3310 nahe Vergangenheit verlegt.
2110 3274 2263 3327 Gleich
768 3279 1908 3339 Moissi spielt den seelisch differenzierten Kaplan, eine
2102 3316 2245 3367 Graz:
679 3321 1909 3386 etwas passive, gütige, das eigene Wesen analysierende Natur.
2109 3355 2262 3406 Klagen
2121 3387 2249 3442 Lienz:
667 3375 1910 3447 Er hat den sanften, musikalischen Klang des Wortes, die
2134 3433 2256 3481 Semm
668 3435 1908 3509 seelische Vibration, aber auch die hinreißende Leidenschaftlichkeit
2109 3469 2251 3520 Kanze¬
673 3479 1893 3547 des Ausdrucks. So bedeutete die Auseinandersetzung mit Josefa,
2111 3505 2253 3557 Rax:
667 3531 1897 3588 die von Frau Terwin mit nobler Verhaltenheit des Emp¬
2105 3541 2266 3590 Sonnb
665 3584 1901 3643 findens dargestellt wird, dramatischen und künstlerischen Höhe¬
2100 3580 2252 3651 Ischl:
663 3622 1897 3685 punkt der Aufführung. Der jugendlichen Gusti Pfleger verlieh
666 3675 1909 3734 Luise Ullrich die etwas blasse Anmut ihrer feinnuancierenden
2134 3677 2285 3776 Briva
673 3720 1907 3784 Kunst. Voll gewinnender, frischer Jugendlichkeit Tonio Riedl
675 3776 1898 3841 als Eduard. Homma als Professor Friedlein, Hans Olden
1981 3793 2279 3870 Die Instrum
677 3821 1891 3890 in einer Episode boten fein umrissene und charakteristische
1876 3856 2274 3926 zeichneten gestern 1
667 3866 880 3941 Figuren.
787 3924 2276 3971 Der Abend gestaltete sich zu einem starken, großen ErfolgEntfernung von e
678 3940 2282 4024 für den Dichter und die Darsteller. Es war namentlich das lust=ausschwingungen d
672 3998 2303 4070 spielhafte Element des Stückes, das einen großen Reiz ausübte.   Erdbewegung daue
