<?xml version="1.0" encoding="UTF-8" standalone="yes"?>
<PcGts xmlns="http://schema.primaresearch.org/PAGE/gts/pagecontent/2013-07-15" xmlns:xsi="http://www.w3.org/2001/XMLSchema-instance" xsi:schemaLocation="http://schema.primaresearch.org/PAGE/gts/pagecontent/2013-07-15 http://schema.primaresearch.org/PAGE/gts/pagecontent/2013-07-15/pagecontent.xsd">
    <Metadata>
        <Creator>prov=University of Rostock/Institute of Mathematics/CITlab/Gundram Leifert/gundram.leifert@uni-rostock.de:name=ONB_Newseye_GT_M1+(htr_id=10810)::::v=2.4.2
prov=University of Rostock/Institute of Mathematics/CITlab/Tobias Gruening/tobias.gruening@uni-rostock.de:name=de.uros.citlab.module.baseline2polygon.B2PSeamMultiOriented:v=2.4.2
prov=University of Rostock/Institute of Mathematics/CITlab/Tobias Gruening/tobias.gruening@uni-rostock.de:name=/mnt/transkribus/LA/DEA/URO/LA_news_onb_att.pb:de.uros.citlab.segmentation.CITlab_LA_ML:v=2.4.2
Transkribus</Creator>
        <Created>2019-10-07T11:09:26.575+02:00</Created>
        <LastChange>2019-10-07T18:09:53.028+02:00</LastChange>
        <TranskribusMetadata docId="223955" pageId="9493949" pageNr="65" tsid="16394949" status="IN_PROGRESS" userId="40391" imgUrl="https://files.transkribus.eu/Get?id=CTSHZTCLHEZQLGOUGSKATJVZ&amp;fileType=view" xmlUrl="https://files.transkribus.eu/Get?id=PWHUFMSKYJPCIBFKGWDYBXUP" imageId="6184176"/>
    </Metadata>
    <Page imageFilename="223955_0065.jpeg" imageWidth="3392" imageHeight="4320">
        <ReadingOrder>
            <OrderedGroup id="ro_1711444125129" caption="Regions reading order">
                <RegionRefIndexed index="0" regionRef="r1"/>
                <RegionRefIndexed index="1" regionRef="r2"/>
            </OrderedGroup>
        </ReadingOrder>
        <TextRegion orientation="0.0" id="r1" custom="readingOrder {index:0;}">
            <Coords points="288,215 288,3425 1792,3425 1792,215"/>
            <TextLine id="r1l1" custom="readingOrder {index:0;}">
                <Coords points="279,235 348,277 467,238 598,288 1424,292 1778,278 1801,190 279,216"/>
                <Baseline points="288,238 363,242 438,246 513,249 588,251 664,254 739,255 814,256 889,257 964,257 1040,257 1115,257 1190,257 1265,257 1340,256 1416,256 1491,255 1566,255 1641,255 1716,255 1792,255"/>
                <TextEquiv>
                    <Unicode>31. Im Spielder Somneriuefte</Unicode>
                </TextEquiv>
            </TextLine>
            <TextLine id="r1l2" custom="readingOrder {index:1;}">
                <Coords points="843,2585 905,2603 1142,2597 1234,2616 1274,2600 1330,2609 1383,2589 1384,2565 1274,2523 1187,2538 1136,2520 1089,2543 1053,2524 972,2544 897,2520 844,2529"/>
                <Baseline points="853,2587 879,2586 905,2586 931,2586 957,2586 983,2587 1009,2588 1035,2589 1061,2589 1087,2590 1113,2591 1139,2592 1165,2593 1191,2594 1217,2594 1243,2595 1269,2595 1295,2595 1321,2595 1347,2594 1374,2593"/>
                <TextEquiv>
                    <Unicode>Der neue Schnißler.</Unicode>
                </TextEquiv>
            </TextLine>
            <TextLine id="r1l3" custom="readingOrder {index:2;}">
                <Coords points="1526,2650 1541,2643 1545,2647 1554,2643 1562,2650 1567,2646 1590,2649 1636,2625 1647,2625 1645,2548 1636,2548 1595,2527 1580,2529 1575,2535 1556,2530 1543,2536 1533,2527 1522,2527"/>
                <Baseline points="1534,2628 1560,2627 1586,2626 1612,2626 1638,2624"/>
                <TextEquiv>
                    <Unicode>90</Unicode>
                </TextEquiv>
            </TextLine>
            <TextLine id="r1l4" custom="readingOrder {index:3;}">
                <Coords points="825,2656 1038,2640 1096,2654 1121,2633 1143,2651 1286,2660 1413,2628 1413,2603 1345,2616 1144,2598 1108,2613 881,2595 826,2618"/>
                <Baseline points="835,2636 863,2637 891,2637 920,2638 948,2639 977,2639 1005,2640 1034,2641 1062,2641 1091,2642 1119,2643 1147,2644 1176,2644 1204,2644 1233,2644 1261,2644 1290,2644 1318,2644 1347,2643 1375,2642 1404,2641"/>
                <TextEquiv>
                    <Unicode>„Im Spiel der Sommerlüfte“.</Unicode>
                </TextEquiv>
            </TextLine>
            <TextLine id="r1l5" custom="readingOrder {index:4;}">
                <Coords points="599,2671 788,2712 975,2688 1531,2718 1582,2711 1583,2668 832,2656 692,2622 599,2649"/>
                <Baseline points="608,2684 656,2684 704,2685 752,2686 801,2687 849,2688 897,2689 945,2690 994,2690 1042,2691 1090,2692 1138,2693 1187,2694 1235,2695 1283,2695 1331,2696 1380,2696 1428,2697 1476,2697 1524,2697 1573,2696"/>
                <TextEquiv>
                    <Unicode>Uraufführung im Wiener Deutschen Volkstheater.</Unicode>
                </TextEquiv>
            </TextLine>
            <TextLine id="r1l6" custom="readingOrder {index:5;}">
                <Coords points="569,2731 1718,2774 1719,2680 1547,2725 570,2691"/>
                <Baseline points="579,2734 635,2735 692,2737 748,2738 805,2739 861,2740 918,2742 974,2743 1031,2744 1087,2745 1144,2746 1200,2747 1257,2748 1313,2748 1370,2749 1426,2749 1483,2750 1539,2750 1596,2750 1652,2750 1709,2749"/>
                <TextEquiv>
                    <Unicode>Es gab eine Zeit, da ein neues Stück von Schnitzler für das</Unicode>
                </TextEquiv>
            </TextLine>
            <TextLine id="r1l7" custom="readingOrder {index:6;}">
                <Coords points="508,2780 1708,2791 1708,2753 508,2735"/>
                <Baseline points="517,2778 576,2780 635,2781 694,2782 753,2784 812,2785 871,2786 930,2787 989,2788 1048,2789 1108,2790 1167,2791 1226,2791 1285,2792 1344,2793 1403,2793 1462,2793 1521,2794 1580,2794 1639,2794 1699,2794"/>
                <TextEquiv>
                    <Unicode>literarische Wien ein Ereignis bedeutete, heute ist es eine Art</Unicode>
                </TextEquiv>
            </TextLine>
            <TextLine id="r1l8" custom="readingOrder {index:7;}">
                <Coords points="511,2832 1555,2823 1645,2852 1711,2844 1712,2797 511,2804"/>
                <Baseline points="520,2825 579,2825 638,2826 697,2827 756,2828 815,2829 874,2830 933,2831 992,2832 1051,2832 1111,2833 1170,2834 1229,2835 1288,2835 1347,2836 1406,2836 1465,2837 1524,2837 1583,2837 1642,2837 1702,2837"/>
                <TextEquiv>
                    <Unicode>gesellschaftliche Verpflichtung, die absolviert werden muß. Arthur</Unicode>
                </TextEquiv>
            </TextLine>
            <TextLine id="r1l9" custom="readingOrder {index:8;}">
                <Coords points="507,2873 1694,2900 1706,2842 507,2837"/>
                <Baseline points="517,2868 579,2869 641,2870 703,2872 765,2873 827,2874 889,2875 951,2876 1013,2877 1075,2878 1137,2879 1199,2880 1261,2880 1323,2881 1385,2881 1447,2881 1509,2881 1571,2881 1633,2881 1696,2880"/>
                <TextEquiv>
                    <Unicode>Schnitzler ist von Hause aus Arzt und sollte auf die sichtbaren</Unicode>
                </TextEquiv>
            </TextLine>
            <TextLine id="r1l10" custom="readingOrder {index:9;}">
                <Coords points="503,2922 1715,2939 1683,2890 504,2875"/>
                <Baseline points="513,2913 572,2914 632,2915 691,2916 751,2917 811,2918 870,2919 930,2920 989,2920 1049,2921 1109,2922 1168,2923 1228,2923 1287,2924 1347,2924 1407,2925 1466,2925 1526,2925 1585,2926 1645,2926 1705,2926"/>
                <TextEquiv>
                    <Unicode>Alterserscheinungen seiner eigenen Muse acht geben. Hätte er es</Unicode>
                </TextEquiv>
            </TextLine>
            <TextLine id="r1l11" custom="readingOrder {index:10;}">
                <Coords points="507,2963 1621,2988 1709,2974 1710,2941 508,2918"/>
                <Baseline points="517,2960 576,2960 635,2960 694,2960 753,2961 813,2961 872,2962 931,2963 990,2964 1049,2964 1109,2966 1168,2966 1227,2967 1286,2968 1345,2969 1405,2969 1464,2970 1523,2970 1582,2970 1641,2970 1701,2970"/>
                <TextEquiv>
                    <Unicode>getan, so hätten die Sommerlüfte ihr Spiel vielleicht vertagt; denn</Unicode>
                </TextEquiv>
            </TextLine>
            <TextLine id="r1l12" custom="readingOrder {index:11;}">
                <Coords points="501,3004 1709,3016 1668,2976 501,2972"/>
                <Baseline points="511,3002 570,3003 629,3004 689,3005 748,3005 808,3006 867,3007 926,3008 986,3009 1045,3009 1105,3010 1164,3011 1223,3011 1283,3012 1342,3012 1402,3013 1461,3013 1520,3013 1580,3013 1639,3013 1699,3012"/>
                <TextEquiv>
                    <Unicode>ihnen fehlt vollends das, was die Schnitzlersche Dramatik auch</Unicode>
                </TextEquiv>
            </TextLine>
            <TextLine id="r1l13" custom="readingOrder {index:12;}">
                <Coords points="503,3058 1711,3081 1712,3011 504,3006"/>
                <Baseline points="513,3046 572,3047 631,3048 691,3050 750,3051 810,3052 869,3053 929,3054 988,3055 1048,3055 1107,3056 1166,3056 1226,3057 1285,3057 1345,3058 1404,3058 1464,3058 1523,3058 1583,3057 1642,3057 1702,3057"/>
                <TextEquiv>
                    <Unicode>für jene, die ihr in ihrer ganzen Anlage, vor allem aber in ihrer</Unicode>
                </TextEquiv>
            </TextLine>
            <TextLine id="r1l14" custom="readingOrder {index:13;}">
                <Coords points="505,3100 1707,3127 1708,3070 506,3057"/>
                <Baseline points="515,3088 574,3090 633,3093 692,3094 751,3096 810,3097 869,3098 929,3099 988,3099 1047,3100 1106,3100 1165,3100 1224,3100 1283,3101 1343,3101 1402,3101 1461,3101 1520,3102 1579,3102 1638,3103 1698,3104"/>
                <TextEquiv>
                    <Unicode>ewigen erotischen Wiederkehr ablehnend gegenübergestanden sind,</Unicode>
                </TextEquiv>
            </TextLine>
            <TextLine id="r1l15" custom="readingOrder {index:14;}">
                <Coords points="501,3138 1648,3163 1714,3151 1715,3095 501,3097"/>
                <Baseline points="510,3134 569,3135 629,3136 689,3137 748,3138 808,3139 868,3140 927,3141 987,3142 1047,3143 1107,3144 1166,3145 1226,3146 1286,3146 1345,3146 1405,3147 1465,3147 1524,3147 1584,3147 1644,3147 1704,3147"/>
                <TextEquiv>
                    <Unicode>zu einem Anreiz psychologischer Überlegung zu machen pflegte.</Unicode>
                </TextEquiv>
            </TextLine>
            <TextLine id="r1l16" custom="readingOrder {index:15;}">
                <Coords points="504,3182 1702,3210 1677,3151 505,3141"/>
                <Baseline points="514,3177 573,3178 632,3179 691,3180 750,3182 809,3182 868,3184 927,3185 986,3186 1045,3187 1104,3188 1163,3188 1222,3189 1281,3190 1340,3190 1399,3191 1458,3191 1517,3191 1576,3191 1635,3190 1694,3190"/>
                <TextEquiv>
                    <Unicode>Schnitzlers müde Dramatik, die sich auf den Höhepunkten seines</Unicode>
                </TextEquiv>
            </TextLine>
            <TextLine id="r1l17" custom="readingOrder {index:16;}">
                <Coords points="503,3223 1711,3233 1711,3201 1619,3192 503,3189"/>
                <Baseline points="513,3220 572,3222 631,3224 691,3225 750,3227 810,3227 869,3228 928,3229 988,3230 1047,3230 1107,3231 1166,3231 1225,3231 1285,3232 1344,3232 1404,3233 1463,3233 1522,3234 1582,3235 1641,3236 1701,3237"/>
                <TextEquiv>
                    <Unicode>Schaffens, mit einer in der Wurzel zumeist gutmütigen wienerischen</Unicode>
                </TextEquiv>
            </TextLine>
            <TextLine id="r1l18" custom="readingOrder {index:17;}">
                <Coords points="501,3281 1705,3298 1705,3247 501,3236"/>
                <Baseline points="510,3267 569,3268 628,3269 687,3269 747,3270 806,3271 865,3272 925,3272 984,3273 1043,3274 1103,3275 1162,3275 1221,3276 1280,3277 1340,3277 1399,3278 1458,3278 1518,3278 1577,3279 1636,3279 1696,3279"/>
                <TextEquiv>
                    <Unicode>Dekadenz ganz glücklich zu paaren pflegte, hat sich in diesem seinem</Unicode>
                </TextEquiv>
            </TextLine>
            <TextLine id="r1l19" custom="readingOrder {index:18;}">
                <Coords points="505,3322 1664,3339 1699,3285 506,3275"/>
                <Baseline points="515,3311 573,3311 632,3311 691,3311 749,3312 808,3313 867,3314 925,3315 984,3316 1043,3317 1102,3318 1160,3320 1219,3321 1278,3322 1336,3322 1395,3323 1454,3324 1512,3324 1571,3324 1630,3324 1689,3324"/>
                <TextEquiv>
                    <Unicode>neuesten Werk zu einer ausgesprochenen Langeweile und Schläf¬</Unicode>
                </TextEquiv>
            </TextLine>
            <TextLine id="r1l20" custom="readingOrder {index:19;}">
                <Coords points="500,3362 1706,3368 1691,3327 500,3319"/>
                <Baseline points="509,3354 568,3355 627,3356 687,3358 746,3359 805,3360 865,3361 924,3362 983,3363 1043,3364 1102,3365 1161,3366 1221,3367 1280,3368 1339,3368 1399,3369 1458,3369 1517,3370 1577,3370 1636,3371 1696,3371"/>
                <TextEquiv>
                    <Unicode>rigkeit gesteigert. Es sind wohl dieselben Menschen und dieselben</Unicode>
                </TextEquiv>
            </TextLine>
            <TextLine id="r1l21" custom="readingOrder {index:20;}">
                <Coords points="496,3430 1087,3441 1230,3401 1345,3447 1706,3447 1705,3369 497,3368"/>
                <Baseline points="506,3406 565,3407 625,3407 684,3407 744,3408 803,3409 863,3409 922,3410 982,3411 1041,3411 1101,3412 1161,3413 1220,3414 1280,3414 1339,3415 1399,3415 1458,3415 1518,3415 1577,3415 1637,3415 1697,3415"/>
                <TextEquiv>
                    <Unicode>seelischen Konflikte, dasselbe Spiel zusammengemischt aus</Unicode>
                </TextEquiv>
            </TextLine>
            <TextEquiv>
                <Unicode>31. Im Spielder Somneriuefte
Der neue Schnißler.
90
„Im Spiel der Sommerlüfte“.
Uraufführung im Wiener Deutschen Volkstheater.
Es gab eine Zeit, da ein neues Stück von Schnitzler für das
literarische Wien ein Ereignis bedeutete, heute ist es eine Art
gesellschaftliche Verpflichtung, die absolviert werden muß. Arthur
Schnitzler ist von Hause aus Arzt und sollte auf die sichtbaren
Alterserscheinungen seiner eigenen Muse acht geben. Hätte er es
getan, so hätten die Sommerlüfte ihr Spiel vielleicht vertagt; denn
ihnen fehlt vollends das, was die Schnitzlersche Dramatik auch
für jene, die ihr in ihrer ganzen Anlage, vor allem aber in ihrer
ewigen erotischen Wiederkehr ablehnend gegenübergestanden sind,
zu einem Anreiz psychologischer Überlegung zu machen pflegte.
Schnitzlers müde Dramatik, die sich auf den Höhepunkten seines
Schaffens, mit einer in der Wurzel zumeist gutmütigen wienerischen
Dekadenz ganz glücklich zu paaren pflegte, hat sich in diesem seinem
neuesten Werk zu einer ausgesprochenen Langeweile und Schläf¬
rigkeit gesteigert. Es sind wohl dieselben Menschen und dieselben
seelischen Konflikte, dasselbe Spiel zusammengemischt aus</Unicode>
            </TextEquiv>
        </TextRegion>
        <TextRegion orientation="0.0" id="r2" custom="readingOrder {index:1;}">
            <Coords points="1719,205 1719,3731 2960,3731 2960,205"/>
            <TextLine id="r2l1" custom="readingOrder {index:0;}">
                <Coords points="1953,235 2094,253 2158,233 2213,259 2271,259 2325,231 2408,249 2408,176 2316,170 2288,184 2216,161 2139,191 2011,186 1981,161 1953,169"/>
                <Baseline points="1963,230 1988,229 2014,229 2039,229 2065,229 2091,229 2116,229 2142,229 2168,229 2193,230 2219,230 2245,230 2270,230 2296,230 2322,229 2347,229 2373,228 2399,226"/>
                <TextEquiv>
                    <Unicode>box 34/4</Unicode>
                </TextEquiv>
            </TextLine>
            <TextLine id="r2l2" custom="readingOrder {index:1;}">
                <Coords points="1744,701 2954,720 2920,663 1745,662"/>
                <Baseline points="1754,697 1813,698 1873,699 1932,700 1992,701 2051,702 2111,702 2170,703 2230,704 2289,704 2349,705 2408,705 2468,706 2527,706 2587,707 2646,707 2706,708 2765,709 2825,709 2884,710 2944,711"/>
                <TextEquiv>
                    <Unicode>Hemmungslosigkeit, jugendlichem Überschwang, Neugier und</Unicode>
                </TextEquiv>
            </TextLine>
            <TextLine id="r2l3" custom="readingOrder {index:2;}">
                <Coords points="1750,751 2962,751 2849,705 1750,705"/>
                <Baseline points="1760,744 1819,744 1879,745 1938,746 1998,747 2058,747 2117,748 2177,749 2236,750 2296,751 2356,751 2415,752 2475,753 2534,753 2594,754 2654,754 2713,754 2773,754 2832,754 2892,754 2952,753"/>
                <TextEquiv>
                    <Unicode>genießerischer Nonchalance, aber doch fehlt ihnen der Hauch der</Unicode>
                </TextEquiv>
            </TextLine>
            <TextLine id="r2l4" custom="readingOrder {index:3;}">
                <Coords points="1743,794 2958,802 2941,764 2731,751 1743,751"/>
                <Baseline points="1752,782 1811,785 1871,788 1931,790 1991,792 2051,794 2110,795 2170,796 2230,798 2290,798 2350,799 2409,799 2469,799 2529,800 2589,799 2649,799 2708,799 2768,799 2828,799 2888,798 2948,798"/>
                <TextEquiv>
                    <Unicode>Ursprünglichkeit, die wienerische Feschheit, die gewisse Lebensfreude,</Unicode>
                </TextEquiv>
            </TextLine>
            <TextLine id="r2l5" custom="readingOrder {index:4;}">
                <Coords points="1738,831 2968,861 2969,811 2913,804 1739,799"/>
                <Baseline points="1748,829 1808,830 1869,831 1929,832 1990,833 2051,835 2111,836 2172,838 2232,839 2293,840 2354,841 2414,842 2475,843 2535,844 2596,845 2657,845 2717,845 2778,845 2838,844 2899,843 2960,842"/>
                <TextEquiv>
                    <Unicode>die aufleuchten muß, wenn diese Art Gesellschaftskritik Bestand</Unicode>
                </TextEquiv>
            </TextLine>
            <TextLine id="r2l6" custom="readingOrder {index:5;}">
                <Coords points="1740,897 1761,905 1781,894 1832,897 1864,878 1904,890 1962,880 1963,853 1944,853 1923,838 1899,843 1889,837 1857,850 1808,834 1786,842 1773,834 1741,835"/>
                <Baseline points="1749,876 1774,874 1799,873 1825,873 1850,874 1875,875 1901,875 1926,876 1952,877"/>
                <TextEquiv>
                    <Unicode>haben soll.</Unicode>
                </TextEquiv>
            </TextLine>
            <TextLine id="r2l7" custom="readingOrder {index:6;}">
                <Coords points="1809,934 2957,945 2957,899 2880,895 1809,891"/>
                <Baseline points="1818,925 1874,928 1931,930 1987,932 2044,934 2100,935 2157,936 2213,937 2270,938 2326,938 2383,939 2439,939 2496,939 2552,939 2609,939 2665,939 2722,939 2778,939 2835,938 2891,938 2948,938"/>
                <TextEquiv>
                    <Unicode>Der Dichter hat sich zum Schauplatz der Handlung ein</Unicode>
                </TextEquiv>
            </TextLine>
            <TextLine id="r2l8" custom="readingOrder {index:7;}">
                <Coords points="1730,968 2957,984 2957,954 2852,940 1731,926"/>
                <Baseline points="1740,970 1800,971 1860,973 1921,974 1981,975 2041,976 2102,978 2162,978 2222,979 2283,980 2343,981 2403,982 2464,982 2524,983 2584,983 2645,984 2705,984 2765,984 2826,984 2886,985 2947,985"/>
                <TextEquiv>
                    <Unicode>Sommerhäuschen im Wiener Wald erwählt, das Heim eines be¬</Unicode>
                </TextEquiv>
            </TextLine>
            <TextLine id="r2l9" custom="readingOrder {index:8;}">
                <Coords points="1738,1015 2961,1035 2939,986 1738,977"/>
                <Baseline points="1748,1016 1808,1017 1868,1018 1928,1019 1988,1020 2049,1021 2109,1022 2169,1023 2229,1024 2289,1025 2350,1026 2410,1027 2470,1028 2530,1029 2590,1030 2651,1030 2711,1031 2771,1031 2831,1031 2891,1030 2952,1030"/>
                <TextEquiv>
                    <Unicode>rühmten Bildhauers, der viel seine eigenen Wege geht, weil er</Unicode>
                </TextEquiv>
            </TextLine>
            <TextLine id="r2l10" custom="readingOrder {index:9;}">
                <Coords points="1739,1069 2833,1092 2961,1082 2962,1052 1739,1016"/>
                <Baseline points="1748,1059 1808,1061 1868,1063 1928,1065 1988,1066 2049,1068 2109,1069 2169,1070 2229,1071 2289,1071 2350,1072 2410,1073 2470,1073 2530,1074 2590,1074 2651,1074 2711,1074 2771,1075 2831,1075 2891,1075 2952,1075"/>
                <TextEquiv>
                    <Unicode>in die Liebe zu seiner Kunst auch die Liebe zu seinen Modellen</Unicode>
                </TextEquiv>
            </TextLine>
            <TextLine id="r2l11" custom="readingOrder {index:10;}">
                <Coords points="1726,1116 2924,1131 2959,1077 1727,1069"/>
                <Baseline points="1736,1107 1796,1108 1857,1108 1917,1109 1978,1110 2039,1110 2099,1111 2160,1112 2221,1113 2281,1114 2342,1114 2403,1115 2463,1116 2524,1116 2585,1117 2645,1117 2706,1117 2767,1117 2827,1117 2888,1117 2949,1116"/>
                <TextEquiv>
                    <Unicode>eingeschlossen hat. Er bleibt nur Episode und geht somit auch an</Unicode>
                </TextEquiv>
            </TextLine>
            <TextLine id="r2l12" custom="readingOrder {index:11;}">
                <Coords points="1736,1156 2955,1157 2908,1123 1736,1117"/>
                <Baseline points="1745,1152 1805,1152 1865,1152 1925,1153 1985,1153 2045,1154 2105,1154 2165,1155 2225,1156 2285,1157 2345,1157 2405,1158 2465,1159 2525,1159 2585,1160 2645,1161 2705,1161 2765,1162 2825,1162 2885,1162 2945,1163"/>
                <TextEquiv>
                    <Unicode>zwei Frauenleben in seiner unmittelbaren Nähe nur ferne vor¬</Unicode>
                </TextEquiv>
            </TextLine>
            <TextLine id="r2l13" custom="readingOrder {index:12;}">
                <Coords points="1740,1190 2957,1213 2957,1157 1740,1158"/>
                <Baseline points="1748,1195 1811,1196 1874,1196 1937,1197 2000,1197 2063,1198 2126,1199 2189,1200 2252,1200 2315,1201 2379,1202 2442,1202 2505,1203 2568,1204 2631,1204 2694,1205 2757,1205 2820,1206 2883,1206 2947,1206"/>
                <TextEquiv>
                    <Unicode>über, an dem seiner eigenen Frau, die mit ihrem siebzehnjährigen</Unicode>
                </TextEquiv>
            </TextLine>
            <TextLine id="r2l14" custom="readingOrder {index:13;}">
                <Coords points="1733,1244 2958,1251 2958,1213 2913,1209 1734,1195"/>
                <Baseline points="1743,1239 1803,1240 1863,1240 1923,1241 1984,1242 2044,1242 2104,1243 2164,1244 2225,1245 2285,1245 2345,1246 2405,1247 2466,1247 2526,1248 2586,1248 2646,1249 2707,1249 2767,1250 2827,1250 2887,1250 2948,1251"/>
                <TextEquiv>
                    <Unicode>Sohn nicht altern möchte und aus deren sanftem zurückgedrängten</Unicode>
                </TextEquiv>
            </TextLine>
            <TextLine id="r2l15" custom="readingOrder {index:14;}">
                <Coords points="1728,1287 2953,1302 2874,1253 1728,1242"/>
                <Baseline points="1738,1281 1798,1282 1858,1283 1918,1284 1979,1285 2039,1286 2099,1287 2160,1288 2220,1289 2280,1290 2341,1290 2401,1291 2461,1292 2521,1292 2582,1293 2642,1293 2702,1293 2763,1293 2823,1294 2883,1294 2944,1293"/>
                <TextEquiv>
                    <Unicode>Triebleben doch so etwas wie Lebensbejahung hervorbrechen möchte,</Unicode>
                </TextEquiv>
            </TextLine>
            <TextLine id="r2l16" custom="readingOrder {index:15;}">
                <Coords points="1737,1328 2964,1343 2964,1305 2900,1297 1738,1284"/>
                <Baseline points="1746,1327 1806,1327 1866,1328 1927,1329 1987,1329 2048,1330 2108,1331 2168,1332 2229,1333 2289,1334 2350,1335 2410,1336 2470,1336 2531,1337 2591,1337 2652,1337 2712,1337 2772,1337 2833,1337 2893,1336 2954,1335"/>
                <TextEquiv>
                    <Unicode>und an einer jungen Nichte, die, Absolventin einer Schauspiel¬</Unicode>
                </TextEquiv>
            </TextLine>
            <TextLine id="r2l17" custom="readingOrder {index:16;}">
                <Coords points="1739,1371 2920,1394 2957,1340 1740,1329"/>
                <Baseline points="1748,1373 1811,1373 1874,1373 1937,1374 2000,1375 2063,1375 2126,1376 2189,1377 2252,1378 2315,1379 2379,1379 2442,1380 2505,1381 2568,1382 2631,1382 2694,1383 2757,1383 2820,1383 2883,1383 2947,1383"/>
                <TextEquiv>
                    <Unicode>schule mit dem ersten Engagement in der Tasche, praktischer</Unicode>
                </TextEquiv>
            </TextLine>
            <TextLine id="r2l18" custom="readingOrder {index:17;}">
                <Coords points="1724,1422 2894,1443 2958,1440 2959,1395 1725,1369"/>
                <Baseline points="1734,1416 1794,1418 1855,1419 1916,1420 1977,1421 2037,1422 2098,1423 2159,1423 2220,1424 2280,1424 2341,1425 2402,1425 2463,1425 2523,1426 2584,1426 2645,1426 2706,1427 2766,1427 2827,1427 2888,1428 2949,1428"/>
                <TextEquiv>
                    <Unicode>Lebenskunde sich befleißigt und ihr Rollenstudium plastisch zu</Unicode>
                </TextEquiv>
            </TextLine>
            <TextLine id="r2l19" custom="readingOrder {index:18;}">
                <Coords points="1728,1460 2935,1483 2959,1440 1728,1424"/>
                <Baseline points="1738,1462 1798,1462 1859,1462 1919,1462 1980,1463 2040,1464 2101,1465 2161,1466 2222,1467 2282,1468 2343,1469 2404,1470 2464,1471 2525,1472 2585,1472 2646,1473 2706,1473 2767,1473 2827,1472 2888,1472 2949,1470"/>
                <TextEquiv>
                    <Unicode>gestalten sucht. Ein braver Arzt geht ob seiner spießerischen Eifer¬</Unicode>
                </TextEquiv>
            </TextLine>
            <TextLine id="r2l20" custom="readingOrder {index:19;}">
                <Coords points="1732,1513 2937,1533 2959,1473 1732,1458"/>
                <Baseline points="1742,1506 1802,1506 1862,1506 1922,1506 1983,1507 2043,1507 2103,1508 2164,1509 2224,1510 2284,1511 2345,1512 2405,1513 2465,1514 2525,1515 2586,1515 2646,1516 2706,1517 2767,1517 2827,1517 2887,1517 2948,1517"/>
                <TextEquiv>
                    <Unicode>sucht an ihr zwar nicht zugrunde, aber durch die Mitte ab. Mit dem</Unicode>
                </TextEquiv>
            </TextLine>
            <TextLine id="r2l21" custom="readingOrder {index:20;}">
                <Coords points="1730,1571 2955,1552 2872,1516 1730,1513"/>
                <Baseline points="1739,1550 1799,1550 1859,1550 1920,1550 1980,1551 2040,1552 2101,1553 2161,1554 2221,1555 2282,1556 2342,1557 2402,1558 2463,1558 2523,1559 2583,1560 2644,1560 2704,1560 2764,1559 2825,1558 2885,1557 2946,1556"/>
                <TextEquiv>
                    <Unicode>sehr jungen Vetter begibt sich dank dem zum Gewittersturm aus¬</Unicode>
                </TextEquiv>
            </TextLine>
            <TextLine id="r2l22" custom="readingOrder {index:21;}">
                <Coords points="1727,1596 2959,1619 2959,1570 2835,1556 1727,1564"/>
                <Baseline points="1736,1595 1796,1596 1857,1596 1918,1597 1978,1597 2039,1597 2100,1598 2160,1598 2221,1599 2282,1600 2343,1600 2403,1600 2464,1601 2525,1601 2585,1601 2646,1601 2707,1601 2767,1601 2828,1601 2889,1600 2950,1600"/>
                <TextEquiv>
                    <Unicode>gearteten Sommerlüftespiel in einer entgegenkommenden Hütte</Unicode>
                </TextEquiv>
            </TextLine>
            <TextLine id="r2l23" custom="readingOrder {index:22;}">
                <Coords points="1729,1640 2965,1649 2873,1607 1729,1596"/>
                <Baseline points="1738,1638 1798,1638 1859,1638 1920,1639 1981,1639 2042,1640 2103,1641 2163,1642 2224,1642 2285,1643 2346,1644 2407,1645 2468,1646 2529,1646 2589,1647 2650,1647 2711,1647 2772,1647 2833,1647 2894,1647 2955,1646"/>
                <TextEquiv>
                    <Unicode>allerlei Allzumenschliches, und wenn die kleine Gusti nach Inns¬</Unicode>
                </TextEquiv>
            </TextLine>
            <TextLine id="r2l24" custom="readingOrder {index:23;}">
                <Coords points="1729,1695 2958,1693 2810,1650 1730,1639"/>
                <Baseline points="1738,1681 1798,1683 1859,1684 1919,1685 1980,1686 2040,1687 2101,1688 2161,1688 2222,1689 2282,1690 2343,1690 2403,1690 2464,1691 2524,1692 2585,1692 2645,1693 2706,1694 2766,1695 2827,1696 2887,1697 2948,1698"/>
                <TextEquiv>
                    <Unicode>bruck abfährt, so weiß man, daß sie bei einem k. u. k. Leutnant,</Unicode>
                </TextEquiv>
            </TextLine>
            <TextLine id="r2l25" custom="readingOrder {index:24;}">
                <Coords points="1731,1742 2949,1741 2949,1704 2855,1695 1732,1695"/>
                <Baseline points="1740,1725 1803,1727 1866,1728 1929,1729 1992,1730 2055,1731 2118,1732 2181,1732 2244,1733 2307,1734 2371,1735 2434,1735 2497,1736 2560,1736 2623,1737 2686,1737 2749,1738 2812,1738 2875,1738 2939,1738"/>
                <TextEquiv>
                    <Unicode>der nebstbei ein Duell glücklich erledigt, vorerst gut aufgehoben</Unicode>
                </TextEquiv>
            </TextLine>
            <TextLine id="r2l26" custom="readingOrder {index:25;}">
                <Coords points="1731,1771 2901,1797 2950,1788 2951,1735 1732,1741"/>
                <Baseline points="1741,1772 1801,1772 1861,1773 1921,1774 1981,1775 2041,1776 2101,1776 2161,1777 2221,1778 2281,1779 2341,1779 2401,1780 2461,1780 2521,1780 2581,1781 2641,1781 2701,1781 2761,1780 2821,1780 2881,1779 2941,1778"/>
                <TextEquiv>
                    <Unicode>sein wird. Hier hüpft wieder einmal das gute alte „süße Mädel“</Unicode>
                </TextEquiv>
            </TextLine>
            <TextLine id="r2l27" custom="readingOrder {index:26;}">
                <Coords points="1728,1806 2960,1824 2957,1791 2833,1784 1728,1787"/>
                <Baseline points="1738,1813 1798,1814 1859,1815 1919,1816 1980,1817 2041,1818 2101,1819 2162,1820 2222,1821 2283,1822 2344,1823 2404,1824 2465,1824 2525,1825 2586,1825 2647,1826 2707,1826 2768,1826 2828,1825 2889,1825 2950,1824"/>
                <TextEquiv>
                    <Unicode>im Girardihut und in langen Kleidern vor seinem dichterischen</Unicode>
                </TextEquiv>
            </TextLine>
            <TextLine id="r2l28" custom="readingOrder {index:27;}">
                <Coords points="1730,1860 2955,1886 2946,1827 1731,1807"/>
                <Baseline points="1740,1858 1800,1860 1860,1861 1920,1862 1981,1863 2041,1863 2101,1864 2161,1865 2222,1865 2282,1866 2342,1866 2402,1867 2463,1868 2523,1868 2583,1869 2643,1869 2704,1870 2764,1870 2824,1871 2884,1872 2945,1872"/>
                <TextEquiv>
                    <Unicode>Nährvater mit viel gutem Willen, aber unzureichender Begabung</Unicode>
                </TextEquiv>
            </TextLine>
            <TextLine id="r2l29" custom="readingOrder {index:28;}">
                <Coords points="1732,1916 2955,1926 2955,1887 2878,1874 1732,1882"/>
                <Baseline points="1742,1904 1802,1904 1862,1904 1922,1905 1982,1905 2042,1906 2102,1907 2163,1908 2223,1909 2283,1910 2343,1911 2403,1912 2463,1913 2523,1914 2584,1915 2644,1915 2704,1916 2764,1916 2824,1917 2884,1917 2945,1917"/>
                <TextEquiv>
                    <Unicode>über die Schnitzlersche Bühne. Durch dieses Treiben zieht als</Unicode>
                </TextEquiv>
            </TextLine>
            <TextLine id="r2l30" custom="readingOrder {index:29;}">
                <Coords points="1726,1946 2958,1969 2958,1930 2876,1917 1726,1916"/>
                <Baseline points="1736,1950 1796,1950 1857,1950 1917,1950 1978,1950 2039,1951 2099,1951 2160,1952 2221,1953 2281,1954 2342,1955 2403,1955 2463,1956 2524,1957 2585,1958 2645,1959 2706,1959 2767,1960 2827,1961 2888,1961 2949,1961"/>
                <TextEquiv>
                    <Unicode>Hauptperson ein geistlicher Herr seine Straße, Freund des Hauses,</Unicode>
                </TextEquiv>
            </TextLine>
            <TextLine id="r2l31" custom="readingOrder {index:30;}">
                <Coords points="1716,1984 2955,2010 2894,1963 1716,1954"/>
                <Baseline points="1725,1994 1786,1994 1847,1995 1908,1995 1969,1996 2030,1996 2091,1997 2152,1997 2213,1998 2274,1999 2335,1999 2396,2000 2457,2001 2518,2001 2579,2002 2640,2002 2701,2002 2762,2003 2823,2003 2884,2003 2946,2003"/>
                <TextEquiv>
                    <Unicode>Erzieher des jungen Sohnes und Bruder des k. u. k. Leutnants</Unicode>
                </TextEquiv>
            </TextLine>
            <TextLine id="r2l32" custom="readingOrder {index:31;}">
                <Coords points="1727,2033 2867,2062 2959,2046 2960,1999 1727,1990"/>
                <Baseline points="1737,2036 1797,2037 1858,2038 1918,2039 1979,2040 2040,2041 2100,2042 2161,2043 2221,2044 2282,2044 2343,2045 2403,2046 2464,2046 2524,2047 2585,2047 2646,2047 2706,2047 2767,2047 2827,2047 2888,2047 2949,2046"/>
                <TextEquiv>
                    <Unicode>aus Innsbruck. Ein Brief, in dem sein Bruder für alle Fälle</Unicode>
                </TextEquiv>
            </TextLine>
            <TextLine id="r2l33" custom="readingOrder {index:32;}">
                <Coords points="1727,2096 2960,2095 2960,2057 2738,2040 1728,2034"/>
                <Baseline points="1737,2080 1797,2081 1858,2082 1918,2083 1979,2084 2040,2085 2100,2086 2161,2087 2222,2087 2282,2088 2343,2089 2404,2089 2464,2090 2525,2090 2586,2091 2646,2091 2707,2091 2768,2092 2828,2092 2889,2091 2950,2091"/>
                <TextEquiv>
                    <Unicode>von ihm Abschied nimmt, falls ihm bei seinem Ehrenhandel etwas</Unicode>
                </TextEquiv>
            </TextLine>
            <TextLine id="r2l34" custom="readingOrder {index:33;}">
                <Coords points="1724,2120 2956,2140 2947,2098 1724,2088"/>
                <Baseline points="1733,2124 1793,2125 1854,2127 1915,2128 1975,2129 2036,2130 2097,2130 2157,2131 2218,2132 2279,2132 2340,2133 2400,2133 2461,2134 2522,2134 2582,2134 2643,2135 2704,2135 2764,2135 2825,2135 2886,2135 2947,2135"/>
                <TextEquiv>
                    <Unicode>Menschliches zustoßen sollte, gibt ihm Gelegenheit für eine unend¬</Unicode>
                </TextEquiv>
            </TextLine>
            <TextLine id="r2l35" custom="readingOrder {index:34;}">
                <Coords points="1716,2171 2952,2195 2952,2140 1717,2121"/>
                <Baseline points="1725,2170 1785,2171 1846,2171 1907,2172 1968,2173 2029,2173 2090,2174 2151,2175 2212,2176 2273,2176 2334,2177 2394,2178 2455,2179 2516,2179 2577,2180 2638,2181 2699,2181 2760,2182 2821,2182 2882,2182 2943,2183"/>
                <TextEquiv>
                    <Unicode>lich lange, bisweilen zu dramatischen Ansätzen sich steigernde</Unicode>
                </TextEquiv>
            </TextLine>
            <TextLine id="r2l36" custom="readingOrder {index:35;}">
                <Coords points="1718,2206 2949,2233 2926,2187 1719,2178"/>
                <Baseline points="1727,2216 1787,2215 1848,2215 1908,2216 1969,2216 2030,2217 2090,2217 2151,2218 2211,2218 2272,2219 2333,2220 2393,2220 2454,2221 2514,2222 2575,2222 2636,2223 2696,2223 2757,2223 2817,2223 2878,2223 2939,2223"/>
                <TextEquiv>
                    <Unicode>Unterhaltung mit der abgeklärten Frau des Hauses. Es kommt zu</Unicode>
                </TextEquiv>
            </TextLine>
            <TextLine id="r2l37" custom="readingOrder {index:36;}">
                <Coords points="1727,2262 2961,2284 2949,2230 1728,2230"/>
                <Baseline points="1737,2258 1797,2258 1858,2258 1919,2259 1980,2260 2040,2261 2101,2262 2162,2263 2223,2264 2283,2265 2344,2266 2405,2266 2466,2267 2526,2268 2587,2268 2648,2268 2709,2268 2769,2268 2830,2267 2891,2266 2952,2264"/>
                <TextEquiv>
                    <Unicode>einer gegenseitigen Beichte, bei der sich die Frau auf das Beispiel</Unicode>
                </TextEquiv>
            </TextLine>
            <TextLine id="r2l38" custom="readingOrder {index:37;}">
                <Coords points="1718,2308 2956,2307 2618,2262 1718,2267"/>
                <Baseline points="1727,2303 1791,2303 1855,2303 1919,2304 1983,2305 2047,2305 2111,2306 2176,2307 2240,2308 2304,2309 2368,2310 2432,2311 2496,2312 2561,2313 2625,2314 2689,2315 2753,2315 2817,2316 2881,2316 2946,2316"/>
                <TextEquiv>
                    <Unicode>des Kaplans stützen möchte, der mit seinen Wünschen für die</Unicode>
                </TextEquiv>
            </TextLine>
            <TextLine id="r2l39" custom="readingOrder {index:38;}">
                <Coords points="1717,2344 2951,2372 2903,2318 1718,2308"/>
                <Baseline points="1727,2348 1787,2347 1848,2347 1909,2347 1970,2348 2030,2348 2091,2349 2152,2350 2213,2351 2273,2352 2334,2353 2395,2354 2456,2355 2516,2356 2577,2357 2638,2358 2699,2359 2759,2359 2820,2359 2881,2360 2942,2360"/>
                <TextEquiv>
                    <Unicode>Rettung des Bruders der Vorsehung in das Handwerk pfuschen will.</Unicode>
                </TextEquiv>
            </TextLine>
            <TextLine id="r2l40" custom="readingOrder {index:39;}">
                <Coords points="1723,2408 2797,2422 2952,2390 2871,2359 1724,2344"/>
                <Baseline points="1732,2392 1792,2392 1853,2392 1913,2392 1974,2392 2034,2393 2095,2394 2155,2394 2216,2395 2276,2396 2337,2397 2398,2398 2458,2399 2519,2400 2579,2401 2640,2401 2700,2402 2761,2402 2821,2402 2882,2402 2943,2402"/>
                <TextEquiv>
                    <Unicode>Auch die einsam Gewordene, die in ihrer Nichte die selbstgewählte</Unicode>
                </TextEquiv>
            </TextLine>
            <TextLine id="r2l41" custom="readingOrder {index:40;}">
                <Coords points="1725,2450 2944,2452 2924,2401 1725,2395"/>
                <Baseline points="1734,2435 1794,2436 1854,2437 1914,2437 1974,2439 2034,2439 2094,2440 2154,2441 2214,2442 2274,2443 2334,2444 2394,2445 2454,2445 2514,2446 2574,2446 2634,2447 2694,2447 2754,2447 2814,2447 2874,2447 2935,2446"/>
                <TextEquiv>
                    <Unicode>Freiheit ahnt, verlangt es nach einem Erleben mit einer gleich¬</Unicode>
                </TextEquiv>
            </TextLine>
            <TextLine id="r2l42" custom="readingOrder {index:41;}">
                <Coords points="1729,2486 2948,2489 2948,2446 1729,2439"/>
                <Baseline points="1738,2479 1798,2480 1858,2481 1918,2482 1978,2483 2038,2484 2098,2485 2158,2486 2218,2488 2278,2488 2338,2489 2398,2490 2458,2491 2518,2491 2578,2492 2638,2492 2698,2492 2758,2492 2818,2492 2878,2491 2938,2491"/>
                <TextEquiv>
                    <Unicode>gestimmten Seele. Vielleicht ist es der Kaplan? Während draußen</Unicode>
                </TextEquiv>
            </TextLine>
            <TextLine id="r2l43" custom="readingOrder {index:42;}">
                <Coords points="1733,2529 2820,2555 2946,2549 2947,2497 1733,2486"/>
                <Baseline points="1742,2522 1801,2523 1861,2525 1921,2526 1980,2527 2040,2528 2100,2529 2159,2530 2219,2531 2279,2532 2339,2533 2398,2534 2458,2534 2518,2535 2577,2535 2637,2536 2697,2537 2756,2537 2816,2537 2876,2538 2936,2538"/>
                <TextEquiv>
                    <Unicode>der Donner grollt und Gatte und Sohn fernab an verbotenen</Unicode>
                </TextEquiv>
            </TextLine>
            <TextLine id="r2l44" custom="readingOrder {index:43;}">
                <Coords points="1730,2572 2894,2597 2944,2550 1731,2526"/>
                <Baseline points="1740,2566 1799,2568 1859,2568 1919,2570 1978,2571 2038,2572 2098,2573 2157,2574 2217,2575 2277,2576 2337,2578 2396,2579 2456,2579 2516,2580 2575,2581 2635,2582 2695,2582 2754,2582 2814,2583 2874,2583 2934,2583"/>
                <TextEquiv>
                    <Unicode>Früchten naschen, ringen die zwei Menschen gegeneinander, um,</Unicode>
                </TextEquiv>
            </TextLine>
            <TextLine id="r2l45" custom="readingOrder {index:44;}">
                <Coords points="1732,2618 2947,2637 2948,2580 1733,2575"/>
                <Baseline points="1742,2612 1801,2612 1861,2613 1921,2614 1981,2615 2041,2616 2100,2617 2160,2618 2220,2619 2280,2620 2340,2621 2399,2622 2459,2623 2519,2624 2579,2624 2639,2625 2698,2625 2758,2625 2818,2625 2878,2624 2938,2623"/>
                <TextEquiv>
                    <Unicode>sich gegenseitig den Weg zur Selbstüberwindung bahnend, wieder</Unicode>
                </TextEquiv>
            </TextLine>
            <TextLine id="r2l46" custom="readingOrder {index:45;}">
                <Coords points="1737,2667 2954,2692 2954,2653 2868,2629 1738,2620"/>
                <Baseline points="1746,2656 1805,2656 1865,2657 1925,2658 1985,2659 2045,2659 2105,2661 2165,2662 2225,2663 2285,2664 2345,2665 2404,2666 2464,2667 2524,2668 2584,2669 2644,2669 2704,2670 2764,2671 2824,2671 2884,2671 2944,2671"/>
                <TextEquiv>
                    <Unicode>in das alte Geleise der Entsagung und der Pflichterfüllung ein¬</Unicode>
                </TextEquiv>
            </TextLine>
            <TextLine id="r2l47" custom="readingOrder {index:46;}">
                <Coords points="1728,2731 1754,2729 1777,2716 1801,2720 1820,2705 1861,2707 1871,2716 1878,2709 1891,2715 1923,2711 1937,2698 1952,2703 1952,2685 1935,2685 1916,2669 1901,2671 1892,2662 1835,2669 1803,2660 1777,2671 1728,2672"/>
                <Baseline points="1738,2700 1763,2698 1789,2697 1814,2696 1840,2697 1866,2697 1891,2698 1917,2699 1943,2699"/>
                <TextEquiv>
                    <Unicode>zumünden.</Unicode>
                </TextEquiv>
            </TextLine>
            <TextLine id="r2l48" custom="readingOrder {index:47;}">
                <Coords points="1796,2753 2940,2755 2863,2697 2707,2729 1796,2713"/>
                <Baseline points="1805,2744 1861,2745 1917,2746 1973,2746 2030,2748 2086,2749 2142,2750 2199,2751 2255,2752 2311,2753 2368,2754 2424,2755 2480,2756 2536,2757 2593,2758 2649,2759 2705,2760 2762,2760 2818,2761 2874,2761 2931,2762"/>
                <TextEquiv>
                    <Unicode>Den Kaplin spielt Moissi und gibt mit seiner schauspiele¬</Unicode>
                </TextEquiv>
            </TextLine>
            <TextLine id="r2l49" custom="readingOrder {index:48;}">
                <Coords points="1724,2795 2725,2819 2911,2812 2938,2771 1725,2752"/>
                <Baseline points="1733,2790 1792,2791 1852,2791 1912,2793 1971,2793 2031,2794 2091,2795 2150,2796 2210,2797 2270,2798 2330,2799 2389,2800 2449,2801 2509,2802 2568,2802 2628,2803 2688,2804 2747,2804 2807,2805 2867,2805 2927,2805"/>
                <TextEquiv>
                    <Unicode>rischen Kunst dem ganzen Stück Folie, die es sonst entbehrt. Man</Unicode>
                </TextEquiv>
            </TextLine>
            <TextLine id="r2l50" custom="readingOrder {index:49;}">
                <Coords points="1719,2831 2756,2865 2900,2861 2941,2815 1720,2791"/>
                <Baseline points="1728,2833 1788,2834 1848,2834 1908,2835 1968,2836 2028,2837 2088,2838 2148,2839 2208,2841 2268,2842 2329,2843 2389,2844 2449,2845 2509,2846 2569,2847 2629,2848 2689,2848 2749,2848 2809,2848 2869,2848 2930,2847"/>
                <TextEquiv>
                    <Unicode>könnte diese Szene aus dem Ganzen herausschneiden und sich an</Unicode>
                </TextEquiv>
            </TextLine>
            <TextLine id="r2l51" custom="readingOrder {index:50;}">
                <Coords points="1719,2890 2935,2909 2936,2858 2885,2849 1721,2832"/>
                <Baseline points="1730,2875 1789,2876 1849,2876 1909,2878 1969,2879 2029,2881 2088,2882 2148,2884 2208,2886 2268,2888 2328,2889 2387,2891 2447,2893 2507,2894 2567,2896 2627,2896 2686,2897 2746,2897 2806,2897 2866,2896 2926,2895"/>
                <TextEquiv>
                    <Unicode>ihrer Problematik Genüge sein lassen. Und doch ist sie zu wenig.</Unicode>
                </TextEquiv>
            </TextLine>
            <TextLine id="r2l52" custom="readingOrder {index:51;}">
                <Coords points="1719,2923 2847,2958 2950,2952 2951,2918 1719,2889"/>
                <Baseline points="1728,2918 1788,2920 1849,2923 1910,2924 1970,2926 2031,2927 2092,2928 2152,2929 2213,2930 2274,2931 2335,2932 2395,2933 2456,2933 2517,2934 2577,2935 2638,2936 2699,2937 2759,2938 2820,2939 2881,2941 2942,2942"/>
                <TextEquiv>
                    <Unicode>um für das übrige dramatische Geschehen, das blutleer bleibt, einen</Unicode>
                </TextEquiv>
            </TextLine>
            <TextLine id="r2l53" custom="readingOrder {index:52;}">
                <Coords points="1716,2976 1823,2981 1856,2965 1953,2988 2100,2973 2199,2988 2258,2974 2259,2942 2077,2931 2050,2946 1896,2926 1856,2946 1717,2921"/>
                <Baseline points="1726,2962 1752,2961 1778,2961 1804,2960 1830,2961 1856,2961 1882,2962 1908,2963 1934,2964 1960,2965 1987,2966 2013,2967 2039,2969 2065,2970 2091,2971 2117,2971 2143,2972 2169,2972 2195,2972 2221,2972 2248,2971"/>
                <TextEquiv>
                    <Unicode>soliden Unterbau zu bilden.</Unicode>
                </TextEquiv>
            </TextLine>
            <TextLine id="r2l54" custom="readingOrder {index:53;}">
                <Coords points="1797,3024 2790,3051 2944,3046 2945,3011 2805,2965 2650,3005 1798,2981"/>
                <Baseline points="1806,3015 1862,3017 1918,3019 1975,3021 2031,3023 2088,3025 2144,3027 2201,3028 2257,3030 2314,3031 2370,3033 2426,3034 2483,3035 2539,3035 2596,3036 2652,3036 2709,3037 2765,3037 2822,3036 2878,3036 2935,3035"/>
                <TextEquiv>
                    <Unicode>Die Darstellung bemühte sich anerkennenswert. Neben Moissi</Unicode>
                </TextEquiv>
            </TextLine>
            <TextLine id="r2l55" custom="readingOrder {index:54;}">
                <Coords points="1725,3064 2940,3086 2912,3039 1725,3019"/>
                <Baseline points="1734,3062 1793,3064 1853,3065 1913,3067 1973,3068 2033,3070 2093,3071 2152,3072 2212,3073 2272,3073 2332,3074 2392,3075 2452,3075 2512,3076 2571,3077 2631,3078 2691,3078 2751,3079 2811,3080 2871,3081 2931,3082"/>
                <TextEquiv>
                    <Unicode>Frau Terwin als Frau und Mutier und Fräulein Ullrich als das</Unicode>
                </TextEquiv>
            </TextLine>
            <TextLine id="r2l56" custom="readingOrder {index:55;}">
                <Coords points="1723,3116 2895,3136 2934,3088 1724,3077"/>
                <Baseline points="1734,3106 1793,3107 1853,3109 1912,3110 1972,3112 2031,3113 2091,3116 2150,3117 2210,3119 2269,3120 2329,3122 2388,3123 2448,3124 2507,3126 2567,3126 2626,3127 2686,3127 2745,3127 2805,3126 2864,3125 2924,3124"/>
                <TextEquiv>
                    <Unicode>wiederauferstandene süße Mädel ein wenig Genie, ein wenig</Unicode>
                </TextEquiv>
            </TextLine>
            <TextLine id="r2l57" custom="readingOrder {index:56;}">
                <Coords points="1725,3165 2491,3153 2541,3182 2589,3149 2650,3189 2739,3155 2916,3185 2932,3136 1726,3116"/>
                <Baseline points="1735,3148 1794,3150 1853,3151 1913,3153 1972,3155 2031,3157 2091,3158 2150,3160 2209,3161 2269,3163 2328,3165 2387,3166 2447,3167 2506,3168 2565,3168 2625,3169 2684,3169 2743,3169 2803,3169 2862,3168 2922,3167"/>
                <TextEquiv>
                    <Unicode>Leidenschaft, ein wenig Backfischlein mit einem Spritzer</Unicode>
                </TextEquiv>
            </TextLine>
            <TextLine id="r2l58" custom="readingOrder {index:57;}">
                <Coords points="1716,3207 2852,3246 2942,3184 1717,3164"/>
                <Baseline points="1725,3192 1785,3193 1845,3194 1905,3195 1966,3197 2026,3199 2086,3200 2147,3201 2207,3203 2267,3205 2328,3206 2388,3208 2448,3209 2508,3211 2569,3212 2629,3213 2689,3214 2750,3215 2810,3215 2870,3216 2931,3216"/>
                <TextEquiv>
                    <Unicode>unbewußter Verderbtheit. Von allem, wie gesagt, zu wenig, um</Unicode>
                </TextEquiv>
            </TextLine>
            <TextLine id="r2l59" custom="readingOrder {index:58;}">
                <Coords points="1720,3247 2603,3249 2590,3224 2481,3212 1721,3205"/>
                <Baseline points="1730,3233 1773,3235 1816,3237 1859,3239 1902,3240 1946,3241 1989,3242 2032,3243 2075,3244 2118,3245 2162,3245 2205,3246 2248,3247 2291,3248 2334,3248 2378,3249 2421,3250 2464,3251 2507,3252 2550,3253 2594,3254"/>
                <TextEquiv>
                    <Unicode>aus den Verzettelungen ein Ganzes zu machen.</Unicode>
                </TextEquiv>
            </TextLine>
            <TextLine id="r2l60" custom="readingOrder {index:59;}">
                <Coords points="1788,3292 2884,3319 2939,3299 2940,3256 1789,3245"/>
                <Baseline points="1798,3281 1854,3283 1911,3284 1967,3286 2024,3287 2081,3289 2137,3290 2194,3292 2250,3293 2307,3294 2364,3295 2420,3297 2477,3298 2533,3299 2590,3299 2647,3300 2703,3301 2760,3301 2816,3302 2873,3302 2930,3302"/>
                <TextEquiv>
                    <Unicode>Die Aufnahme des Stückes war freundlich, selbstverständlich</Unicode>
                </TextEquiv>
            </TextLine>
            <TextLine id="r2l61" custom="readingOrder {index:60;}">
                <Coords points="1724,3335 2933,3359 2919,3306 1725,3284"/>
                <Baseline points="1734,3325 1793,3327 1853,3329 1912,3330 1972,3332 2031,3333 2091,3334 2150,3335 2210,3336 2269,3337 2329,3338 2388,3339 2448,3340 2507,3341 2567,3342 2626,3343 2686,3344 2745,3345 2805,3346 2864,3347 2924,3348"/>
                <TextEquiv>
                    <Unicode>ließ das Wiener Premieren=Publikum seinen Arthur Schnitzler</Unicode>
                </TextEquiv>
            </TextLine>
            <TextLine id="r2l62" custom="readingOrder {index:61;}">
                <Coords points="1714,3376 2929,3409 2883,3350 1715,3337"/>
                <Baseline points="1723,3374 1782,3375 1842,3375 1902,3376 1962,3377 2022,3379 2082,3380 2141,3381 2201,3382 2261,3383 2321,3384 2381,3385 2441,3387 2501,3388 2560,3389 2620,3390 2680,3391 2740,3392 2800,3394 2860,3395 2920,3396"/>
                <TextEquiv>
                    <Unicode>nicht im Stich, aber es kostete doch einige Mühe, sich zu Dank und</Unicode>
                </TextEquiv>
            </TextLine>
            <TextLine id="r2l63" custom="readingOrder {index:62;}">
                <Coords points="1709,3437 1743,3426 1820,3451 1905,3436 1991,3448 2016,3437 2046,3451 2148,3442 2149,3399 1711,3377"/>
                <Baseline points="1719,3414 1745,3415 1771,3415 1797,3416 1823,3418 1849,3419 1876,3420 1902,3421 1928,3422 1954,3423 1980,3424 2007,3424 2033,3424 2059,3424 2085,3424 2111,3423 2138,3422"/>
                <TextEquiv>
                    <Unicode>Beifall durchzuringen.</Unicode>
                </TextEquiv>
            </TextLine>
            <TextLine id="r2l64" custom="readingOrder {index:63;}">
                <Coords points="2338,3458 2461,3445 2515,3466 2542,3444 2602,3457 2634,3440 2682,3462 2786,3452 2812,3474 2945,3446 2945,3424 2902,3411 2868,3429 2829,3401 2758,3395 2492,3405 2468,3389 2441,3409 2395,3388 2340,3409"/>
                <Baseline points="2349,3433 2378,3434 2407,3434 2436,3435 2466,3436 2495,3437 2524,3438 2554,3439 2583,3440 2612,3441 2642,3441 2671,3442 2700,3443 2729,3444 2759,3445 2788,3446 2817,3447 2847,3449 2876,3450 2905,3452 2935,3453"/>
                <TextEquiv>
                    <Unicode>Dr. Hans Harimelgs</Unicode>
                </TextEquiv>
            </TextLine>
            <TextLine id="r2l65" custom="readingOrder {index:64;}">
                <Coords points="1883,3604 2124,3615 2157,3649 2911,3641 2912,3601 2860,3576 2684,3552 2610,3590 2543,3548 2448,3584 2400,3548 2252,3586 2088,3536 2033,3569 1968,3533 1884,3563"/>
                <Baseline points="1893,3606 1943,3607 1993,3609 2044,3610 2094,3612 2145,3615 2195,3617 2246,3619 2296,3621 2347,3623 2397,3625 2447,3626 2498,3628 2548,3629 2599,3630 2649,3631 2700,3631 2750,3630 2801,3630 2851,3628 2902,3626"/>
                <TextEquiv>
                    <Unicode>Mb MALW., %.35</Unicode>
                </TextEquiv>
            </TextLine>
            <TextLine id="r2l66" custom="readingOrder {index:65;}">
                <Coords points="1900,3710 1944,3721 1997,3701 2083,3733 2123,3723 2218,3745 2286,3715 2310,3721 2312,3700 2288,3694 2248,3653 2165,3651 2131,3672 2047,3633 2026,3645 1957,3635 1904,3652"/>
                <Baseline points="1910,3695 1936,3695 1962,3696 1988,3697 2014,3699 2040,3701 2066,3703 2092,3706 2118,3709 2144,3711 2170,3714 2196,3716 2222,3718 2248,3720 2274,3721 2300,3721"/>
                <TextEquiv>
                    <Unicode>2v.##. 1927.</Unicode>
                </TextEquiv>
            </TextLine>
            <TextEquiv>
                <Unicode>box 34/4
Hemmungslosigkeit, jugendlichem Überschwang, Neugier und
genießerischer Nonchalance, aber doch fehlt ihnen der Hauch der
Ursprünglichkeit, die wienerische Feschheit, die gewisse Lebensfreude,
die aufleuchten muß, wenn diese Art Gesellschaftskritik Bestand
haben soll.
Der Dichter hat sich zum Schauplatz der Handlung ein
Sommerhäuschen im Wiener Wald erwählt, das Heim eines be¬
rühmten Bildhauers, der viel seine eigenen Wege geht, weil er
in die Liebe zu seiner Kunst auch die Liebe zu seinen Modellen
eingeschlossen hat. Er bleibt nur Episode und geht somit auch an
zwei Frauenleben in seiner unmittelbaren Nähe nur ferne vor¬
über, an dem seiner eigenen Frau, die mit ihrem siebzehnjährigen
Sohn nicht altern möchte und aus deren sanftem zurückgedrängten
Triebleben doch so etwas wie Lebensbejahung hervorbrechen möchte,
und an einer jungen Nichte, die, Absolventin einer Schauspiel¬
schule mit dem ersten Engagement in der Tasche, praktischer
Lebenskunde sich befleißigt und ihr Rollenstudium plastisch zu
gestalten sucht. Ein braver Arzt geht ob seiner spießerischen Eifer¬
sucht an ihr zwar nicht zugrunde, aber durch die Mitte ab. Mit dem
sehr jungen Vetter begibt sich dank dem zum Gewittersturm aus¬
gearteten Sommerlüftespiel in einer entgegenkommenden Hütte
allerlei Allzumenschliches, und wenn die kleine Gusti nach Inns¬
bruck abfährt, so weiß man, daß sie bei einem k. u. k. Leutnant,
der nebstbei ein Duell glücklich erledigt, vorerst gut aufgehoben
sein wird. Hier hüpft wieder einmal das gute alte „süße Mädel“
im Girardihut und in langen Kleidern vor seinem dichterischen
Nährvater mit viel gutem Willen, aber unzureichender Begabung
über die Schnitzlersche Bühne. Durch dieses Treiben zieht als
Hauptperson ein geistlicher Herr seine Straße, Freund des Hauses,
Erzieher des jungen Sohnes und Bruder des k. u. k. Leutnants
aus Innsbruck. Ein Brief, in dem sein Bruder für alle Fälle
von ihm Abschied nimmt, falls ihm bei seinem Ehrenhandel etwas
Menschliches zustoßen sollte, gibt ihm Gelegenheit für eine unend¬
lich lange, bisweilen zu dramatischen Ansätzen sich steigernde
Unterhaltung mit der abgeklärten Frau des Hauses. Es kommt zu
einer gegenseitigen Beichte, bei der sich die Frau auf das Beispiel
des Kaplans stützen möchte, der mit seinen Wünschen für die
Rettung des Bruders der Vorsehung in das Handwerk pfuschen will.
Auch die einsam Gewordene, die in ihrer Nichte die selbstgewählte
Freiheit ahnt, verlangt es nach einem Erleben mit einer gleich¬
gestimmten Seele. Vielleicht ist es der Kaplan? Während draußen
der Donner grollt und Gatte und Sohn fernab an verbotenen
Früchten naschen, ringen die zwei Menschen gegeneinander, um,
sich gegenseitig den Weg zur Selbstüberwindung bahnend, wieder
in das alte Geleise der Entsagung und der Pflichterfüllung ein¬
zumünden.
Den Kaplin spielt Moissi und gibt mit seiner schauspiele¬
rischen Kunst dem ganzen Stück Folie, die es sonst entbehrt. Man
könnte diese Szene aus dem Ganzen herausschneiden und sich an
ihrer Problematik Genüge sein lassen. Und doch ist sie zu wenig.
um für das übrige dramatische Geschehen, das blutleer bleibt, einen
soliden Unterbau zu bilden.
Die Darstellung bemühte sich anerkennenswert. Neben Moissi
Frau Terwin als Frau und Mutier und Fräulein Ullrich als das
wiederauferstandene süße Mädel ein wenig Genie, ein wenig
Leidenschaft, ein wenig Backfischlein mit einem Spritzer
unbewußter Verderbtheit. Von allem, wie gesagt, zu wenig, um
aus den Verzettelungen ein Ganzes zu machen.
Die Aufnahme des Stückes war freundlich, selbstverständlich
ließ das Wiener Premieren=Publikum seinen Arthur Schnitzler
nicht im Stich, aber es kostete doch einige Mühe, sich zu Dank und
Beifall durchzuringen.
Dr. Hans Harimelgs
Mb MALW., %.35
2v.##. 1927.</Unicode>
            </TextEquiv>
        </TextRegion>
    </Page>
</PcGts>
