3296 4320
1070 203 1197 272 mm
110 212 1627 300 31. In Spiel der Somnerluefte
742 1181 1577 1294 Schnitzler=Araufführung.
937 1289 1381 1358 Wiener Volkstheater.
753 1340 1597 1415 Geraume Zeit hindurch hat sich die Muse
704 1381 1601 1452 Arthur Schnitzlers in Schweigen gehüllt; denn
700 1429 1588 1491 wie kaum ein zweiter deutscher Dramatiker ringt
709 1469 1587 1520 sich der ehemalige Führer der österreichischen
694 1519 1591 1570 Moderne ein Drama ab, auch wenn der Stoff
700 1553 1584 1603 noch so gründlich bis ins kleinste Detail durch¬
703 1593 1593 1643 gearbeitet ist. Sein vielgestaltiges, die Geheim¬
698 1638 1588 1687 nisse der Menschenseele so wundersam aufschlie¬
697 1672 1598 1721 ßendes Lebenswerk ist nun um eine Komödie be¬
690 1710 1600 1758 reichert worden, die der Dichter „Im Spiel]
763 1735 1587 1812 r Sommerlüfte“ nennt, ohne hinzuzu¬
1217 1781 1259 1816 .
704 1778 1581 1837 fügen, ob es sich um ein Dräma, ein Lustspiel
703 1830 1591 1877 oder um ein Gesellschaftsstück handelt. Vermut¬
699 1861 1589 1914 lich wollte er damit zum Ausdruck bringen, daß
692 1898 1597 1951 von allem ein Teil darin zu finden sei. Etwas
699 1929 1603 1991 Liebeleiartiges ist auch aus dem „Spiel der
702 1978 1586 2029 Sommerlüfte“ herauszufühlen, nur daß nicht der
699 2009 1593 2072 weibliche Teil des Liebesverhältnisses, sondern
696 2052 1586 2108 der männliche an der Enttänschung zugrunde geht,
702 2087 1582 2142 die ihm von der leichtfertigen Schauspielerin
694 2136 1589 2184 Gusti Pfleger bereitet wird. Ihr Herz ist wan¬
701 2169 1587 2221 delbar, ein offenes Buch, in das Eros Kapitel für
698 2207 1580 2264 Kapitel einzuzeichnen scheint; denn ungeachtet
697 2242 1585 2287 heißer Liebesbeteuerungen zu ihrem gegenwär¬
696 2283 1590 2338 tigen Erwählten „bandelt“ sie, wie es im Wiener
697 2323 1586 2365 Sprachgebrauch heißt, mit einem feschen Offizier
700 2364 1588 2414 an, erhört aber in der darauffolgenden Nacht in
700 2403 1576 2452 einer Schutzhütte ihren in heißer Liebe zu ihr
698 2434 1459 2485 entbrannten — siebzehnjährigen Vetter.
747 2484 1581 2545 Doch dieses Spiel mit Herzen in den Sommer¬
698 2526 1577 2577 lüsten, das in einer kleinen niederösterreichischen
686 2559 1578 2617 Sommerfrische vor sich geht, bildet nur ein
703 2599 1585 2660 Segment der leicht und flott geführten Handlung.
695 2644 1546 2695 Dem ja auch von Schnitzler — langeist's her! ¬
699 2674 1584 2725 ersonnenen Wiener „süßen Mädel“ wird die
693 2710 1581 2761 tugendhafte, ihren Gatten mit Argusangen be¬
693 2756 1586 2797 wachende Frau Joseft gegenübergestellt. Sie ist
696 2792 1588 2839 die Mutter des hoffnungsvollen Junglings, dessen
699 2827 1598 2891 Frühlingserwachen in der Hütte vor sie ge¬
693 2871 932 2919 gangen ist.
1000 2868 1595 2924 In den achtzehn Jahren ihrer
929 2874 1006 2914 * *
685 2913 1595 2958 glücklichen Ehe hat sie nur ein einziges Mal der
685 2944 1593 2982 kleine Liebesgott mit seinem Pfeil geritzt, und
691 2987 1603 3045 daß dieser kleine Schritt vom Eheweg nicht zum
685 3027 1594 3075 Ziel führen könne, dessen mußte Frau Josefa von
695 3064 1592 3114 vornherein überzeugt sein; denn der Mann, der
700 3100 1601 3139 ihr Herz höher klopfen machte, war ein — Diener
687 3135 1597 3192 der Kirche, der Kaplan der Sommerfrische, in der
692 3171 1597 3239 sie weilte. Auch in seinem Kopf hatte ohne ihr
1783 203 2231 290 box 34/4
1610 1188 2506 1255 Hinzutun Frau Josefa sündige Gedanken erweckt,
1609 1225 2502 1304 Gedanken, die zu verscheuchen er vergebens be¬
1619 1281 2507 1343 strebt war. In einer lange andauernden Aus¬
1608 1330 2526 1377 sprache, die zu den wertvollsten Partien des 1.
1618 1367 2500 1414 Stückes zählt, hebt der Kaplan den Schleier von
1609 1398 2497 1443 seiner Seele, klagt der stillgeliebten Frau seine
1612 1429 2508 1502 Bedrängnis und fleht förmlich um Entfühnung.
1603 1480 2502 1515 Er findet die schönen Worte, daß ohne innere
1601 1513 2515 1566 Kämpfe auch der innere Friede nicht viel wert
1599 1551 2513 1615 wäre. Worauf ihm die verständige Frau er¬
1597 1594 2496 1646 widert, daß die Leute besser daran seien, die sich
1601 1636 2508 1685 nicht überwinden, die alles auf sich genommen?
1606 1671 2505 1723 haben, was ihnen das Leben gebracht, ob es nun
1606 1712 2506 1753 schön oder häßlich gewesen, Wundervoll, wie auf die
1604 1749 2499 1812 Worte des Kaplans: „Sie sind stärker als ich!“
1598 1792 2504 1850 Frau Josefa erwidert: „Frömmer, Hoch¬
1601 1821 1806 1875 würden!
1849 1823 2508 1879 * Das seelische Ungewitter zieht vor¬
1607 1866 2504 1909 über, und der Kaplan findet wieder seine Seelen¬
1611 1908 2499 1948 ruhe. Josefa aber verläßt, eine Wunde im Herzen,
1601 1942 2502 1983 den lieblichen Ort, in welchem auch sie das Spiel
2357 1979 2504 2041 Diese
1602 1977 2317 2024 der lauen Sommerlüfte geworden..
1599 2015 2464 2060 Sommerfrische Kirchau könnte auch ganz gut —
1593 2059 2500 2098 Kirchfeld heißen; denn immer wieder wird durch:
1598 2095 2489 2136 die meisterhaft geschilderte Gestalt des jugend¬
1596 2129 2485 2180 lichen Kaplans die Erinnerung an den Anzen¬
1598 2174 2495 2217 gruberschen Pfarrer von Kirchfeld wachgerufen.
1608 2214 2496 2265 Seltsam auch, daß Schnitzler den Kaplan ähnlich
1596 2254 2444 2313 benennt wie Anzengruber seinen Pfarrer-
1608 2284 2142 2339 dieser heißt Hell, jener Holl.
1655 2306 2494 2394 Das Liebesgetändel der mit ihren Gefühlen so
1596 2365 2493 2413 merkwürdig freigebigen Gusti nimmt wohl einen
1605 2402 2489 2452 ziemlich breiten Raum ein, doch liegt das Schwer¬
1600 2445 2499 2497 gewicht des Schnitzlerschen Schauspieles in dem
1604 2466 2498 2532 schwermütigen Verhältnis Kaplan — Josefa; die
1604 2520 2488 2575 Bitternis des Entsagenmüssens, die Fesseln, die
1597 2551 2497 2621 das Zölibat auferlegt sind mit der Meisterhand
1601 2584 2273 2646 eines Dichters ergreifend geschildert.
1652 2619 2482 2682 Im Mittelpunkt der Darstellung stand
1602 2662 2496 2713 Alexander Moissi der dem Kaplan alle Wahr=
1594 2710 2491 2758 heit. Jnnerlichkeit und Weichheit lieh. Neben ihm
1604 2751 2496 2806 wirkte Frau Terwin=Moissi als Josesa,
1600 2791 2499 2838 wenn auch nicht überzeugend, so doch angenehm.
2329 2830 2462 2871 S. I.
