3296 4320
409 127 544 190 Date
1814 258 2337 359 Freitag, 7. Feber 1930.
967 351 1807 480 Bühne und Kunst.
540 469 2263 625 Schnitzler: „Im Spiel der Sommerlüfte“.
916 597 1861 702 Erstaufführung in der Kleinen Zühne.
514 679 2359 764 Arthur Schnitzlers neues Stück bringtssetzung zwischen Josefa, seiner Frau, und dem
425 749 2352 810 sein Wiedersehen mit glien Bekannten. Da sind: jungen Kaplan Ferdinand Holl, endend mit
429 771 2337 864 eine reise Frau Sund zem viel jüngerer Mann, Resignation; beinahe wären die beiden „Opfer“
407 812 1395 883 die beinahe ein Wiebespaar geworden wären,
1386 832 2362 904 ihrer uneingestandenen Leidenschaft geworden.
412 852 1388 933 aber im letzten Augenblick vor dem Letzten zu¬
1383 878 2357 946 Die Nichte der Josefa, Gusti, verführt den sieb¬
405 891 1382 978 rückschrecken; ein fünfzigjähriger Künstler, der
1381 933 2360 992 zehnjährigen Sohn des Ehepaars Friedlein, gibt
404 946 1382 1020 Gatte der verzichtenden Frau, bemüht, seine
1388 964 2364 1042 ihrem Bräutigam den Laufpaß und bereitet eine
409 972 1384 1072 Lebenslust geheimzuhallen, damit die Frau sich
1376 1003 2352 1088 neue Liebschaft mit dem Leutnant Holl vor, der
412 1037 1398 1109 nicht unglücklich fühle; der siebzehnjährige Sohn,
1387 1058 2356 1126 am selben Tag glücklich ein schweres Duell ab¬
415 1070 2359 1168 der mit Volldampf ins weite Land zwar nicht solviert. Das alles geschieht wie im Spiel; im
408 1109 2354 1207 der Seele, aber der Erotik fährt; ein neunzehn= Spiel der Sommerlüfte; und nichts bleibt übrig
403 1178 2349 1243 jähriges Mädchen, das ihn, aber auch einen als eine Sommererinnerung — und der Ver¬
406 1217 2222 1291 sälteren „Bräutigam“ beglückt und demnächstzicht zweier Menschen auf irdisches Glück.
418 1259 1390 1313 obendrein einen Innsbrucker Leutnant und
1461 1274 2358 1349 Herr Hölzlin, der das Stück inszenierte,
409 1314 2346 1394 wohl noch manchen andern beglücken wird; und gab die anmutige Schwermut des Werkes, dessen
406 1348 2348 1441 auch der Leu nant, der von Duell zu Duell fesch meisterhafter Dialog die nicht durchwegs dank
413 1384 2340 1467 dahinlebt und — liebt, ist ein alter Bekannter,baren darstellerischen Aufgaben erleichtert und
1638 1486 1709 1565 42
1641 1511 1955 1603 K L
1160 1532 1308 1614 g
1538 1567 1859 1661 G
863 1472 1115 1675 63
1652 1622 2057 1715 OA—
1032 1656 1091 1706 6
1550 1648 1634 1753 *
1138 1661 1260 1764 %
782 1625 1107 1812 9
1553 1768 1698 1857 50sk
1773 1846 1880 1910 17
1431 1787 1574 1934 2
1233 1826 1387 1929 S44
1439 1897 1774 2000 #
895 1946 1123 2038 A
1648 1970 1739 2052 7
1452 1977 1661 2087 ##
733 2085 1070 2224 15
1350 2126 1587 2212 1
604 2117 685 2212 7
2113 2158 2172 2234 „
1875 2165 2122 2324 132
845 2164 1800 2304 Je d
1640 2279 1937 2379 3
1829 2344 1954 2417 9#0
1465 2336 1778 2441 7
720 2375 824 2452 2.
1823 2430 2089 2533 W
936 2460 1188 2559 O
1738 2488 1895 2605 2%
1446 2582 1498 2641 4
1027 2624 1177 2699 7#
1445 2632 1726 2735 W
394 2732 2337 2805 einst hieß er Leutnant Gustl, nun heißt er begehrenswerter macht, ausgezeichnet wieder. Er
390 2780 2330 2878 Leutnant Robert Holl. Ihn und alle andern betonte auch die spärlichen lustspielhaften Stel¬
389 2834 2341 2917 haben wir in Schnitzlers früheren Theater=len, ohne dadurch den Charakter des zarten, im
394 2879 2340 2958 stücken und Erzählungen kennengelernt, sie sind]Lyrischen verankerten Stückes zu vergröbern.
389 2918 1360 2968 uns unvergeßlich geblieben, sie haben sich nicht
1352 2925 2338 3009 Auch die Darsteller bewiesen das feinste Stil¬
387 2965 1346 3025 verändert. Wir aber, wir sind anders geworden;
1358 2980 2325 3044 gefühl. Herr Leitgeb war als Kaplan Holl.
392 3010 2324 3094 deshalb hat das Stück, das in den neunziger ganz im Sinn des Dichters, ein verfeinerter,
387 3056 2324 3120 Jahren unter lauter typischen Schnitzlersiguren komplizier##rer Pfarrer von Kirchfeld, der nicht
384 3087 927 3164 spielt, etwas Spukhaftes.
1345 3106 2324 3186 ohne Eleganz mit dem Dämon der Verführung
460 3116 1352 3202 Der Sommerspuk, den der Dichter herauf¬
1352 3157 2324 3208 ringt. Frau Ondra, seine Leidensgefährtin im
388 3170 1354 3230 beschwört, greift aus Herz, nicht obwohl, son¬
1352 3187 2331 3267 Verzichten, deutete sehr anmutig und überzeu¬
385 3226 2310 3313 dern weil die Zeit, die er in seinem Stück noch gend an, wie gern die aufgewuhlte Frau auf
389 3275 2323 3336 einmal lebendig macht, unwiderruflich vergan= das Verzichten verzichten würde. Fräulein
381 3313 2315 3373 gen ist. Mit jedem neuen Geschlecht, das heran=[Eger hatte als Gusti die unbeschwerte Rück¬
385 3359 2314 3428 wächst, wird die Welt neu geschaffen. Zwischensichtslosigkeit der Jugend, die um jeden Preis
383 3400 2327 3458 dem Heute und der Schnitzlerschen Dramenwell alle Freuden an sich rafft, nach denen ihr Blut
382 3441 1343 3508 liegen Welten, die den Abstand phantastisch ver¬
1351 3459 2317 3506 verlangt, Herr Trenk=Trebitsch nahm als
374 3496 1345 3549 größern. Es führt keine Brücke von Schnitzlers.
1342 3496 2321 3565 verliebter Gymnasiast durch die ungekünstelte
383 3527 1346 3586 Menschen zu den heute Lebenden. Der weise
1349 3545 2320 3613 Naivität, die er als Liebhaber an den Tag legte,
372 3582 1346 3637 Dichter weiß es; dieses Wissen gibt seinem Werk
1357 3587 2318 3653 für sich ein, Herr Stöckl war ein jugendlicher
389 3621 1335 3677 eine Melancholie die alles Theatralische bannt.
1357 3632 2316 3697 Fünfziger, dem man seine Erfolge in der Kunst
377 3657 1346 3738 Musik des Herbstes — obwohl das Stück „Im
1352 3681 2311 3734 und in der Liebe glaubte. Herr Jautsch wirkte
382 3710 1141 3773 Spiel der Sommerlüfte“ benannt ist.
1343 3718 2307 3774 durch die Pedanterie, mit der er seine „große
462 3746 1337 3813 Wenig Handlung. Die drei Akte spielen in
1354 3764 2315 3815 Passion“ absolvierte, efrischend komisch, Herr
374 3787 2313 3859 einem niederösterreichischem Dorf von einem[Padlesak war eine verniedlichte Ausgabe
380 3840 1787 3895 Morgen zum nächsten. Der Bildhauer Professor des Leutnants Gustl.
1829 3857 2319 3913 Das Publikum nahm
392 3881 2320 3969 Friedlein fährt nach Wien und kommt zurück; das Stück mit Interesse und respektvoller
372 3923 1343 3992 inzwischen hat sich mancherlei in der kleinen
1349 3938 1679 4008 Sympathie auf.
2086 3945 2317 4033 L.-
392 3969 1336 4043 Sommerfrische abgespielt. Eine Auseinander¬
1090 4021 1214 4086 ——
374 4055 667 4153 144
