3296 4320
1790 163 2260 259 box 34/4
1016 159 1297 235 Sonne
1314 169 1442 236 u
137 162 1663 263 31. Im Spiel der Sehn. Fderte
2505 1001 2800 1089 tein gevone.
1357 1063 1422 1130 #
2490 1070 2812 1133 #esen, er ist des¬
598 1110 2959 1180 anderen, sondern auch sich selber, und bei dieser Doppel= eines Kaufmannes, und — m#tawürdige Analogie mn
605 1161 1781 1219 gesichtigkeit die gerade Linie notwendig verlieren muß. Als
1779 1166 2953 1233 Hilferding — auch dieser Herr William Schacht aus Tingleff.
616 1207 2963 1274 Radikaler vertritt er die gemäßigte Fraktur. Das Bünd= nahe bei Flensburg, widmete sich dem Versicherungswesen.
2195 1381 2895 1468 Hotel des Kohiiennts
654 1371 2157 1492 Berim Holel Exteisior ürossl
1878 1459 2877 1540 Ausgestattet mit allen Errungenschalten der Neuzen
813 1476 1723 1526 Sehenswürdigkeit
48 1441 531 1557 Take
2100 1514 2402 1564 Zimmer von M
2396 1519 2618 1567 k. 8.— an.
742 1501 1897 1568 nhalter Bahnhof (direkter Zugang vom Bannsteig) durch eigenen Tungel
15 1557 443 1666 hturmste 27
720 1656 1753 1732 Die nächste Nummer der „Neuen Freien Presse“
1776 1650 2955 1729 fassung“ sagt der Bildhauer. Dieser Auffassung pflichtet er
93 1642 523 1746 hilferstr. 5o
715 1709 1433 1771 erscheint Montag nachmittags.
1786 1693 2963 1782 wohl auch sonst bei, und wenn er den Abend nicht im Familien¬
1777 1763 2950 1819 kreise, sondern in Wien zubringt, muß es nicht gerade der In¬
1777 1807 2957 1867 tendant aus Kassel sein, der ihn hinzieht. Was aber den Fa¬
1786 1851 2953 1900 milienkreis betrifft: ihn bilden Frau Josefa, der siebzehn¬
991 1803 1386 1929 Feuilleton.
1781 1899 2955 1958 jährige Eduard und Fräulein Gusti Pilegner. Frau Josesa ist
1783 1948 2960 1998 sechsunddreißig, „das ist nicht alt“, meint ihr Mann. Auch
847 1942 1528 2036 Schnitzler=Uraufführung.
1782 1993 2950 2049 sie selbst meint das. Sie meint sogar, daß man sie ein wenig
634 2014 1746 2103 „Im Spiel der Sommerlüfte.“ — Deutsches
1782 2043 2964 2096 abseits stehen und zuschauen lasse, obschon sie Kraft und
998 2067 1389 2141 Volkstheater.
1773 2080 2952 2138 Wünsche treiben — Wünsche, wonach? Hat sie nicht Mann
1778 2128 2949 2194 und Kind? Einen Mann, der teils „Meister“, teils „Herr
676 2130 1190 2198 Nehmt es nicht schwer.
1776 2176 2941 2237 Professor“ angesprochen und bis nach Kassel geehrt wird?
689 2161 1769 2237 Am Himmel des Herbstsommers ziehen Wolken auf,
1772 2217 2946 2290 Einen netten, gesunden Buben? Jawohl, sie hat beides.
599 2223 1764 2276 weiß stehen sie hoch oben; sie werden tief, schiesergrau und
1772 2263 2958 2330 Nur — besitzt sie es nicht. „Keine Mutter“, sagt sie, „hat
599 2273 1763 2329 drohend. Im Winde aber, der wie Sturm beginnt, lösen sie
1777 2314 2945 2375 ihren Sohn und keine Frau hat ihren Mann — so, wie sie
603 2318 1765 2374 sich, rändern sich hell, verschwimmen. Fast hätte es Gewitter¬
1779 2357 2947 2412 ihn haben möchte. Wenn es gerade ruft und lockt von irgend¬
612 2366 1765 2425 schaden abgesetzt! Doch das Wetter wird sanft, bald haftet
1783 2402 2950 2467 woher, so laufen sie ins Wetter, in die Nacht und ins Leben
605 2412 1772 2459 keine Spur davon im Blauen, es hat Wolken gegeben, wo
1773 2452 2956 2496 hinaus — und man bleibt allein.“ Sie hat recht, die Frau
612 2445 1777 2519 sind sie, es hat geblitzt und gedonnert, die Drohung ist vor¬
1783 2500 2953 2554 Josefa. Mit diesen wenigen Worten sprach sie ihr Schicksal
600 2503 1607 2562 bei. Wolken bleiben nicht: Nehmt es nicht schwer.
1779 2544 2949 2602 aus, das zugleich das Elternschicksal ist. Hat man darüber
687 2532 1773 2605 So lautet der seelische und atmosphärische Wetterbericht
1783 2589 2951 2644 nachgedacht, wie unfaßbar es ist, daß Menschen einander
609 2591 1771 2652 für das Dörschen Kirchau im Wienerwald. Dort bringt (an
1782 2638 2941 2696 irgendwann entgleiten? Da sind zwei oder drei immer zu¬
601 2640 1763 2698 der Wende des Jahrhunderts, also zu einer Zeit, die vorbei
1779 2677 2949 2742 sammen, Tag und Nacht und Jahre und Jahrzehnte, alles
608 2670 1767 2743 ist) der Bildhauer Friedlein mit seiner Familie den Sommer
1771 2729 2008 2792 teilen sie
2072 2726 2942 2795 einmal entgleiten sie einander. Gestern
608 2733 1767 2797 zu. Friedlein, Komposition aus Künstler und Handwerker,
2577 2764 2951 2834 so und morgen
1783 2774 2589 2839 hatten sie sich noch ganz, heute nicht
603 2776 1762 2831 scheint ein Mann zu sein, der seine Sache meistert; zumindest
1779 2815 2941 2880 nicht mehr. Aus irgendeinem Dunkel fällt sie, einen oder
604 2807 1772 2877 finden seine Werke Absatz, denn seinen zwölfeinhalb Meter
1766 2869 2872 2928 alle, plötzlich etwas an. Aus einem Uhrschlag fällt es
606 2860 1771 2922 langen Fries „Dionysoszug“ wird man nächstens im Kasseler
1758 2891 2955 2979 I da entgleiten sie einander für immer. Und hat man darüber
604 2914 1769 2985 Schauspielhaus enthüllen. Ein Werk „in ziemlich freier Auf¬
595 3066 2866 3139 Passendes, das bestimmt auch viel Freude macht, in allen unseren Abtellungen bei kolossel herab¬
1520 3106 1947 3175 gesetzten Preisen.
594 3135 2877 3233 Vergessen Sie la nicht, unsere Restenschwemme aufzusuchen, die ihnen eine Riesenauswahl praktischer
1517 3216 1959 3276 Geschenke bietet.
880 3234 2611 3323 Heute Geschäftszeit von 10 bis 1 Uhr und von 3 bis 6 Uhr.
578 3296 2864 3383 Modeausstellung in der Herzmansky-Passage täglich bis 8 Uhr abends. Sonntag von 10 Uhr vor¬
1248 3367 2206 3426 mittags bis 8 Uhr abends frei zugänglich
411 3417 604 3526 11
