3296 4320
1089 267 1160 324 m
1786 255 2253 347 box 34/4
129 258 1641 358 31. Im Spiel der S#nerluefte
1939 666 2357 838 9e Bieushr
2328 790 2694 900 R4./7).
478 857 1488 932 Schurken, den sie auf den ersten Blick durchschauen
1483 866 2478 931 Seine Gefühle behält er für sich, die stehen nicht im
479 918 1470 993 muß und auch durchschaut, als Zimmermieter trotzdem
1474 923 2471 984 Dienstvertrag. Auch der Handel mit dem Backfisch tritt
484 978 1468 1035 in ihre Wohnung auf. Verkauft sich ihm, da ihr Kind er¬
1482 983 2478 1033 unter diesen Gesichtspunkt. Entjungferung gehört nicht
485 1028 1461 1102 krankt ist und es der Kleinen in dieser Zeit, da es an
1477 1037 2483 1091 zu den ihm übertragenen Dienstobliegenheiten. Erst als
478 1079 1460 1147 allen Lebensmitteln fehlt, für ein Pfund Butter und
1478 1089 2464 1146 das Mädel ihm klar macht, daß es gelte, ihr die „bürger¬
482 1143 1460 1214 zwei Pfund Speck. Heuchelt Leidenschaft, um den Kauf
1486 1140 2469 1215 liche Ehre zu nehmen“, schreitet er zur Tat. Im Schluß¬
477 1192 1462 1264 zum Abschluß zu bringen. Läßt das Kind, das sie von
1486 1198 2475 1265 akt wird dieser Diener aus dem akademischen in den
487 1243 1457 1314 diesem Niederträchtigen empfangen, abtreiben. Wird
1479 1254 2477 1325 zielbewußten Proletarier verwandelt. Er schlägt mit
485 1297 1470 1349 lernbegierige Schülerin im Lebensmittelschmuggel.
1485 1317 2471 1365 der Faust auf den Tisch. Die Gartenlaube gerät ins
473 1352 1468 1401 Tritt in den Postdienst ein. Sieht der Rückkehr ihres
1483 1353 2043 1426 Wanken, aber sie bleibt stehn.
480 1407 1465 1471 Mannes aus dem Feld, im stolzen Bewußtsein ihres
1489 1408 2472 1466 In Hermann Ungars Sinn, der sich gerade diese Gabe
479 1460 1280 1527 Heimatkämpfertums, seelenruhig entgegen.
1489 1466 2469 1534 erflehte, (ogl. S. 279) eine „einmalige Figur“. Auch in
479 1527 1464 1582 Wofür hat Frau Emma im Hinterland gekämpft? Man
1478 1519 2479 1585 unserem Sinne. Und doch ist nicht zu verkennen, daß
469 1575 1272 1635 kann nur sagen: für die komplette Amoral.
1481 1578 2478 1632 auch dieser Diener Hirngeburt ist, wie die gesamte
479 1614 1459 1676 Dies ist das Drama einer im Kohlrübenacker der Kriegs¬
1485 1626 2473 1678 Gartenlaube aus literarischen Staketen zusammen¬
480 1676 928 1752 zeit gärtnernden Frau.
1480 1679 1855 1747 gehämmert wurde.
1487 1732 2463 1799 In Hermann Ungars Tagebüchern steht das Be¬
1485 1786 2465 1859 kenntnis, daß Ungar in diesen letzten Gefahren an der
1486 1842 2474 1906 Front zu Gott betete, ihn nur dann am Leben zu er¬
510 1836 1417 1921 „Die Gartenlaube.“ Komödie in 3 Akten von Her¬
1492 1900 2379 1971 halten, wenn aus ihm ein Dichter werden könne.
507 1914 1433 1966 mann Ungar. (Uraufführung im Theater am Schiff¬
657 1952 1307 2024 bauerdamm am 12. Dezemher 1929.)
2064 1950 2434 2028 Ernst Heilborn
467 2005 1458 2086 In diesem letzten Werk des Jungverstorbenen ist die
1875 2052 2069 2147 Wien
465 2077 1459 2139 Erotik auf „Nackt“ gestellt. Die Bourgeoistochter,
466 2133 1474 2193 sechzehnjährig, verhandelt wiederholt mit dem Diener
471 2191 1473 2242 der Familie über ihre Entjungferung; läßt sich von ihm
1524 2189 2427 2255 „Spuk: Die schwarze Maske“. Schauspiel. „Hexen¬
466 2240 1468 2307 Bilder zeigen, die den Vorgang anschaulich machen;
1518 2254 2426 2302 ritt.“ Satyrspiel. Von Gerhart Hauptmann. (Ur¬
1512 2291 2436 2364 aufführung im Burgtheater am 3. Dezember 1929.)
476 2299 1462 2366 setzt ihren Willen durch und — verlobt sich alsbald mit
470 2343 926 2403 dem beliebigen andern.
1486 2332 2459 2407 Obzwar ein Einakter von recht ansehnlichen Dimen¬
478 2398 1470 2469 Diese Nacktstellung der Erotik bewirkt, daß sich nach erster
1489 2408 2465 2457 sionen, erscheint die „Schwarze Maske“ dennoch mit
479 2452 1470 2510 Überraschung jeder erotische Reiz verflüchtigt. Nur im
1479 2460 2463 2518 schwererer Fracht beladen, als sie zu tragen vermag.
467 2511 1460 2574 Schleier wohnt die Sehnsucht. Sie hat aber auch zur
1480 2510 2474 2581 Da sind erstlich Verpflichtungen gegenüber der Ge¬
469 2565 1469 2612 Folge, daß der satirischen Verulkung des Bourgeois¬
1481 2561 2468 2627 schichtlichkeit, weil die Begebenheiten unnötigerweise
463 2617 1465 2679 tums ihr bester Stachel genommen wird. Denn das
1480 2624 2462 2690 irgendwann nach dem Dreißigjährigen Krieg ange¬
472 2671 1454 2737 Wesen des Bourgeoistums ist Lüge. Was sich derart
1474 2682 2455 2738 siedelt sind; da ist ferner eine überaus verwickelte Vor¬
466 2723 1321 2796 aber nackt gibt, ist — sagt man — Wahrheit.
1480 2731 2463 2791 geschichte, deren Dschungel sich auch nach einer (schau¬
474 2782 1454 2830 Unter der Nacktstellung der Erotik leidet auch die Hand¬
1484 2777 2469 2854 spielerisch beinahe unmöglichen) Generalbeichte der
461 2840 1462 2898 lungsführung, der dadurch die Spannung genommen
1489 2837 2460 2894 Hauptperson nicht völlig lichtet; da werden endlich so
461 2885 1454 2947 wird. Es ist hier Handlungsstrom mit stetem Kurzschluß.
1487 2895 2460 2961 oft, mit so unverkennbarer Absicht und gleichwohl so
465 2943 1464 2995 Ohnedies ein schwacher Handlungsstrom. Die Elemente,
1480 2949 2465 2995 wahllos alle Geister und Erreger und Behelfe des
466 3003 1459 3065 die zu seiner Verstärkung herangezogen werden, ent¬
1475 2999 2455 3050 Grauens aufgeboten, daß die beabsichtigte Wirkung
476 3048 1241 3114 stammen verbrauchten Lustspielbatterien.
1478 3051 2466 3121 ausbleibt, ja die entgegengesetzte sich einstellt und
472 3103 1457 3161 Wer in dieser Komödie nach Originalität suchen wollte,
1484 3112 2469 3167 einer, der auszieht, um das Gruseln zu lernen, in
466 3148 1472 3229 könate sie nur im Übertrumpfen entdecken. Aus jedem
1483 3157 2465 3226 dieser Schreckenskammer nicht auf seine Rechnung
472 3208 1456 3280 Einzelzug, aus jeder Physiognomiegebung lugt litera¬
1481 3217 2464 3286 kommt. Im Wesentlichen geht es um die geschlecht¬
469 3266 1466 3329 rische Tradition. Auch aus dem Stil. Nur daß stets,
1476 3266 2458 3327 liche Hörigkeit einer Frau, vielmehr um das dem Tat¬
471 3322 1457 3377 wo ein Häkchen üblich und am Platz war, mit einigem
1480 3322 2450 3370 bestand nach nur im ungewissen Helldunkel wahrnehm¬
467 3382 1227 3442 Applomb ein Haken eingeschlagen wird.
1480 3379 2462 3449 bare letzte katastrophale Stadium dieses Verhältnisses
466 3432 1463 3493 Bleibt die Gestalt des Dieners. Man könnte ihn als
1472 3434 2457 3501 einer Weißen zu einem dämonischen Halbneger; auf
464 3484 1459 3553 den „akademischen Proletarier" bezeichnen. Vater starb,
1484 3487 2468 3550 das Shakespearesche Vorbild wird in der Konversation
461 3537 1454 3603 als er, beim Diebstahl ertappt, von der Leiter fiel:
1476 3538 2468 3607 des Schauspiels (unglaubwürdig genug) hingewiesen.
474 3594 1458 3640 daher der proletarische Groll. Dieser Diener stellt sich
1473 3596 2468 3664 Dieser neue Othello, seinem Urbild so ähnlich wie ein
1476 3651 2465 3719 Satyr dem Hyperion, wird übrigens nur zweimal auf
469 3650 1458 3710 bewußt auf: ich tu meine Pflicht, und damit basta.
1339 3713 1584 3788 K 280 „
