3436 4384
1 2071 108 2135 1e ab
14 2120 119 2190 eren
50 2226 92 2289 1
-4 3250 142 3348 Bau
1 3344 140 3424 phon
2467 101 2524 198 1
1998 189 2437 280 box 34/4
330 204 1840 337 31. Im Spiel der Sonnerluefte
2211 1135 2436 1195 Juweller
222 1123 904 1250 Prk und Widerhall.
245 1215 913 1292 „Buch der Sprüche und Bedenken“.
2451 1152 2735 1296 ETZ
238 1267 590 1337 erlag. Wien 1927.
2215 1279 2738 1352 VI., Mariahilfer Straße 45
1664 1318 1941 1367 WVALITAT!
241 1311 919 1401 hin reines Dasein in der Welt
236 1382 925 1459 ünstlerische Arbeit zu leisten.
249 1429 930 1528 n Gestalten in ein menschliches
1385 1443 2792 1545 Im Wesen des Genies liegt es. daß es alle möglichen inneren und
1334 1502 2788 1588 äußeren Mißlichkeiten, die von dem Talent als Hemmnisse emp¬
1348 1543 2793 1646 Tunden werden, ja an denen es manchesmal rettungslos zugrunde
1344 1599 2799 1708 geht, zu fördernden Elementen umzubilden, ja aus ihnen den ietz¬
1340 1654 2498 1736 ten Antrieb zur Vollendung zu empfangen verstehl.
1393 1732 2813 1840 Als Künstlernatur bezeiehnen wir im allgemeinen die Summe von
1356 1802 2649 1886 Eigenschaften. die den Künstler im Produzieren behindert.
1397 1882 2803 1981 Wir sind allzuoft geneigt. unter einer trübe schillernden Ober¬
1347 1939 2807 2036 fläche Tiefe zu vermnten: — und wenn wir uns entschließen, nach¬
1357 2005 2818 2076 zuprüfen. reicht sicher unser kleiner Finger bis auf den Grund
1354 2057 2804 2136 hinab. Eine klare Oberfläche aber tanscht uns immer wieder Seich¬
1359 2094 2824 2198 tigkeit vor. indem sie unserem ahnenden Blick gestattel, bis in
1353 2155 2818 2228 eine Tiefe hinabzuschauen, die wir mit dem Senklot des Ver¬
1367 2207 2268 2298 standes niemals zu erreichen vermögen.
1416 2282 2816 2377 In jeder wirklich guten Anekdote steckt der Keim zu einem
1368 2343 2832 2431 Mythos, jede dichterische Allegorie nimmt die Richtung auf ein
1368 2427 1638 2498 Symbol zu.
255 2465 393 2543 Moisst
1408 2499 2831 2572 Daß wir in der Tragödie nach dem Untergang des Helden ver¬
267 2512 935 2609 er lebt. in ein künstlerisches
1369 2542 2823 2655 langen, hat vielleicht auch darin seinen Grund, daß wir uns niemals
1362 2591 2832 2696 entschließen können, dem Schicksal vorbehaltlos zu vertrauen. Wir
1368 2659 2824 2729 kennen die Unberechenbarkeit der unzähligen, außerhalb des In¬
265 2659 960 2747 wird uns ein gewandter Autor
1370 2689 2829 2762 dividuums wirkenden Kräfte, die ihm. auch als lächerliche Zufällig¬
270 2728 947 2802 nie jedoch über den Grad des
1367 2743 2836 2820 keiten verkleidet. Schieksale zu werden vermögen, und wir geben
264 2782 945 2854 blem und seinen Gestalten ent¬
1369 2802 2838 2882 uns nicht zufrieden, wenn der Held, der uns teuer ward, vom
1427 2980 2738 3116 Pelzmodellhaus Furs - Fourrures
261 2978 897 3119 ER-SCHUHE
1470 3087 2739 3271 Gebrüder Brainin
1629 3237 2563 3363 Wien, I., Bauernmarkt 2a
260 3302 421 3383 ERTE
1838 3334 2342 3416 Telephon U-22-3-59
257 3362 917 3466 TNERSTRASSE 44
