3296 4320
1372 114 1507 189 K S
173 130 1621 211 Die Frage an das SchT
349 1269 572 1348 Datum:
1072 1277 1478 1383 401
1224 1381 1563 1449 smaueuenn
497 1430 1396 1551 Arthur Schnitzler=Abend
422 1535 1473 1635 im Theater in der Königgrätzerstraße.
372 1593 1555 1690 F. E. Wenn schon Sommerkunst sein soll, dann von der anmut¬
306 1661 1546 1740 reichen Art, wie dieser Abend sie brachte. Dann diese leichtgeklei¬
307 1691 1544 1780 deten Ideen, ein Nichis heinahe und dennoch Leben, müßiggänge¬
315 1735 1537 1818 risch und darrum zuerst fremd in unserer harten Arbeitswelt, die
307 1786 1540 1847 aber so liebenswürdig gekönt, so von Heiterkeit durchdrungen, so
301 1839 1557 1918 von Ironie gesättigt, so weltmännisch überlegen, so klug gesteigert
304 1863 425 1918 sind.
363 1907 1538 1997 Von den vier Einaktern, „Die Frage an das Schicksal",
319 1953 1548 2033 „Denksteine", „Abschiedssouper" und „Literatur“
299 2002 1557 2086 sind nur „Denksteine" in Berlin nicht gespielt worden. Es ist auch
291 2050 1550 2107 das schwächste der Stückchen, die alle um das Motiv Treue und Un¬
291 2094 1552 2171 treue und mehr um die Untreue als die Treue gankeln. Hier hat
297 2123 1549 2209 selbst die Sprache des Dialogkünstlers Schnipler einige Härten und
298 2177 1550 2255 Gemeinplätze. Die anderen drei sind uns wohlbekannt; ihre ersten
298 2208 1538 2296 Altersschäden sind kaum wahrnehmbar, im ganzen haben sie den
288 2259 1529 2336 Glanz reizvollster Kleinkunstwerke behalten. Und wenn man er¬
292 2306 1545 2374 mißt, wie Arthur Schnitzler sich von diesen Stücken, die zum Teil in
288 2345 1535 2426 seine Anfänge follen, aufwärts entwickelt, sich geistig vertieft und
290 2380 1531 2474 technisch erweitert hat, so kann man nicht umhin, von neuem liebe¬
282 2433 1244 2501 voll jenes Theaterkuliurkämpfers C. W. Gerst zu
1240 2452 1535 2508 gedenken, der
284 2471 1531 2566 den Dichter den „gemeingefährlichsten der Volksvergifter“ ge¬
279 2505 506 2572 nannt hat.
346 2558 1537 2625 Dier Schaufpieler tragen unter der Regie von Ernst
275 2592 1523 2676 Welisch den ganzen Abend: Engen Burg, Alexander
276 2640 1198 2714 Ekert, Irene Triesch und. Marie
1264 2659 1529 2721 rska. Burg.
278 2677 389 2728 ein
410 2689 1488 2761 ausgezeichnieter, nie versagender Lustspieldarsteller, is
280 2720 1525 2778 dreimal Anatol, und einmal — in „Literatur“ — heißt er Clemens
272 2767 1525 2849 und ist damit in stärkerem Auftragen doch nur wieder Anatol. Er
273 2817 1523 2898 mag für den zärtlichen Jüngling ein wenig reif sein, aber auch
276 2852 1527 2928 sein Können hat die Gepflegtheit der Reife mit sein verteilten
263 2902 1512 2970 Wirkungen und der lässigen Würde, die man auch den Wiener Ton
276 2934 1517 3018 nennt. Herr Ekert gibt dreimal nur den Herrn, der den Haupt¬
269 2982 1512 3068 spielern das Stichwort zu bieten hat. Er macht das sehr schnitzle¬
268 3019 1527 3104 risch, mit ruhigem Lächeln und gemütlicher Spitzigkeit. In „Lite¬
273 3055 1507 3153 ratur“ ist er der struppige, geschwollene, kribbelige Poet: ein sehr
267 3107 747 3174 amüsantes Menschenbild.
320 3156 1508 3240 Irene Triesch muß sich verstellen, wenn sie leichte
262 3192 1517 3285 Frauen spielen soll. Spätere Frauen Schnipzlers, die aus einer
267 3244 1499 3325 satteren Psychologie erstehen als die bunten, primitiven Schmetter¬
250 3294 1518 3385 linge dieser Einakter, sind mehr für sie geschaffen. Sie hat, neben
1734 124 2226 213 box 34/5
1596 1361 1815 1456 K  n aumsaun.
1561 1445 2809 1532 ausgezeichneten Momenten, nicht die Courage, die den kleinen, aller¬
1558 1491 2806 1579 liebsten Kanaillen nottut. Aber Maria Orska, die hat davon,
1572 1537 2804 1621 was man braucht. Ihr Theatervollblut, durch Geschmack gedämpft,
1562 1585 2794 1670 durch große Lustigkeit ins Rollen gebracht, ist ganz und gar bei der
1561 1618 2803 1713 Sache. Sie gibt in der „Frage an das Schicksal“ die Cora und im
1568 1665 2806 1747 „Abschiedssonper“ jene unverwüstliche Annie, die wir schon von so
1562 1709 2797 1788 vielen, von der Sorma, von der Niese und sogar von Schauspiele¬
1569 1751 2800 1831 rinnen gesehen haben, die das Abschiedssouper von der Jugend
1573 1791 2122 1861 selber längst hinter sich hatten.
