3296 4320
62 195 1580 271 31. In Spiel der Sonnerluefte
705 794 1579 870 Der Herr, Die Dame
743 856 1526 920 Elegante Maßschneiderei
606 913 1673 957 A. Berkowitz, Joachimsthalerstr. 38. ] 1 Bismarck 7640
517 985 1750 1056 tender wird, der ihr in einer augenblicklichen Verzweiflung,
526 1033 1749 1090 halb wider Willen und gegen die Pflicht, Zweifel beichtet.
523 1076 1745 1157 Aber schmerzlos lösen sich alle Konflikte und Konfliktchen.
526 1147 1744 1205 Frau Josefa und ihr Vincenz werden 14 Tage ehelicher Be¬
532 1183 1743 1234 schaulichkeit in ihrem herbstlichen Garten genießen, der Sohn
522 1230 1747 1290 Eduard wird noch manchmal an seine Gusti, mehr aber an
534 1283 1747 1353 seine Schularbeiten denken müssen, der Priester Kranken und
533 1338 1745 1391 Sterbenden im Dorf zur Seite stehen. Und die angehende
520 1377 1750 1450 Schauspielerin wird ihre erfolgreiche Rolle weiter spielen, im
532 1437 1097 1503 Leben und auf der Bühne.
619 1558 1747 1640 Für die Künstlergattin setzt Jenny Schaffer eine
525 1635 1756 1678 empfindsame Mütterlichkeit, Fraulichkeit und Weiblichkeit ein
536 1663 1765 1720 und läßt durch Schleier eines milden Lächelns gebändigte
541 1722 1753 1778 Sehnsucht und ein Herz voll unerfüllter Wünsche ahnen. Ein
542 1773 1760 1830 Kaplan reinster Demut, in gleicher Weise himmlischen wie
536 1822 1744 1877 irdischen Dingen zugewandt, ist Martin Brandt. Heinz
527 1876 1753 1922 Friedeberg hat den Trotz und die Keckheit eines Schul¬
525 1912 1751 1988 buben und den Drang frischer Jugend zum ersten Abenteuer.
525 1965 1762 2022 Die junge Schauspielerin ist Mira Rosowsky: ein hek¬
536 2007 1756 2070 tisches, haltloses junges Ding, das im Sein und im Schein alle
544 2077 1760 2121 Verstellungskünste beherrscht. In kleineren Rollen: Fritz
545 2107 1772 2166 Wisten, Walther Hertner und Ernst Lenart. Neben
545 2152 1765 2219 dem Regisseur Fritz Jeßner und dem Bühnenbildner Heinz
531 2211 1769 2270 Condell muß auch der Veranstalter eines naturechten Ge¬
533 2263 1772 2329 witters, Hans Sondheimer, lobend genannt werden. Das
543 2320 1181 2387 Publikum zeigte sich dankbar.
634 2430 1762 2498 Von der Kunst zur Künstlerhilfe. Von der Sommerluft
543 2493 1772 2544 in die Winterkluft. „Ein Tag für die jüdische
550 2530 1760 2589 Frau“ war das Motto einer vielseitigen Veranstaltung, die
546 2580 1772 2625 die Künstlerhilfe der Jüdischen Gemeinde unter der Leitung
544 2605 1777 2659 von Lucy Gelber im Brüdervereinshaus inszeniert hatte.
552 2648 1766 2700 Ihr Sinn: die jüdische Frau in Kontakt zu bringen mit jüdi¬
555 2687 1764 2756 schen Firmen, die Interessen der jüdischen Frau in die jüdi¬
556 2728 1768 2779 sche Wirtschaftshilfe einzubeziehen. Ahnliche Veranstaltungen
556 2774 1765 2833 sollen, wie Bruno Woyda in seiner Eröffnungsansprache
538 2824 1349 2861 mitteilte, im Laufe des Winters folgen.
644 2836 1761 2898 Eine glückliche, gut dosierte Mischung von Ausstellung,
544 2886 1768 2956 künstlerischen Kosthäppchen, Modeschau und Gesellschafts¬
557 2941 708 2996 pause.
657 2946 1765 3014 Das Brüdervereinshaus hatte sich in ein Warenhaus i#:
553 2999 1781 3059 kleinen verwandelt, zur Befriedigung weiblicher Schaugier .d
551 3038 1773 3092 zum Anreiz femininer und, falls vorhanden, maskuliner Kauf¬
555 3070 1776 3141 lust. Rund fünfzig Namen wies das Ausstellerverzeichnis
550 3122 1770 3183 auf. Vertreten durch (Ruth Samuels) Puppen und Pelze, durch
562 3163 1776 3217 Kosmetik und Keramik, durch Koscherwaren und Korbmöbel.
555 3200 1777 3259 Alles greifbar. Vom handgemalien Taschentüchelchen Alice
566 3236 1781 3303 Simons bis zum Luxusradioapparat. Von der Babywäsche bis
552 3280 1778 3333 zum Nerzmantel. Pullover und Bücher. Rahel Ruth Sinasohn
556 3320 1787 3384 hat eine festliche Sabbattafel gedeckt. Irma Cohn erweckt mit
564 3361 1775 3416 ihren Bildern die Lust, sich in Großaufnahme photographieren
564 3400 1775 3456 zu lassen. Eine Verkäuferin offeriert praktisch zusammen¬
572 3554 1739 3676 Rabarc&, Aine, Restaurants
712 3701 1637 3754 Mmmmmmmmmmmmntimnmmmmmmmmmmmmmmmmmmmmmmmmmnmmmmmmhmm
802 3739 1544 3804 TANZ-STIMMUNG
838 3786 1501 3846 Wo können wir uns gut amüsieren!
705 3833 1641 3919 „Café Trianon“ Inh. Bornstein
708 3898 1637 3950 Bayerischer Platz 1. Tel. B 6 0835 Mitgl. d. jüd. Gemeinde
707 3937 1633 3997 Täglich nachmittags und abends TANZ Eintritt frei
703 3988 1640 4029 Auerkannt beste Wiener Küche bei ganz billigen Preisen.
712 4014 1635 4067 Vochentags nachm. 1 Tasse Kaffse 33 Pf. Gedeck 55 Pf.Abends
721 4057 1637 4110 1Tasse Kalfee 46 Pf. Samst. u. Sonnt. Abend 1 Kännch.Kaffee62Pf.
713 4098 1640 4148 Vereins- u. Unterhaltungsräumlichkeiten stehen zur Verfügung
710 4139 1640 4184 Inmmmmimmmminmmmmmmmmmmmmmmmmmmmnmmmmmmmmmmmmmmmmmmmmimm
1733 184 2191 272 box 34/4
1764 743 2995 814 klappbare Einkaufstaschen. Da gibt es appetitanregende und
1764 807 2993 849 hungerstillende Freßpakete für Junggesellen und Ehepaare.
1763 847 2996 886 Hühner-Eier und Stopf-Eier. Kindergarderebe und Damen¬
1762 878 2999 931 konfektion. In der Nähe elektrischer Kochapparate liegen
1759 925 2998 980 gerupfte Gänse in Erwartung des Neujahrsfestes. Auf einem
1769 950 2991 1002 Tisch sind Knallbonbons ausgebreitet. Sieht man näher zu,
1769 992 2989 1045 dann ist es eine Strumpfpackung. Eine Parfümeriefirma leistet
1765 1035 2987 1090 sich sogar den Luxus, alle Besucher gratis mit Duft zu
1766 1084 2003 1139 bestäuben.
1854 1097 2980 1163 Den optischen Eindrücken folgen die akustischen. Bert¬
1763 1147 2984 1212 hold Goldschmidt hat sein Orchester der Künstlerhilfe
1770 1203 2990 1243 schon gut auf Offenbach, Johann Strauß und Abraham ge¬
1767 1233 2985 1285 drillt. Charlie Brock Marion Koegel und Annemarie
1776 1270 2983 1331 Hase, von Alfons Fink angesagt, bringen die Glanz¬
1763 1364 2974 1428 Köpenicker Wäscherei Ernst Richter
2680 1413 2984 1462 F 4 Köpenick 0263
1769 1428 2372 1466 Köpenick, Mahlsdorfer Straße 90
1771 1454 2980 1507 Telef. Bestellungen täglich, außer Freitag u. Sonnabend, schonendste Behandlung
1775 1527 2980 1591 nummern ihres kleinkünstlerischen Repertoires. Mit seinem
1778 1572 2981 1630 machtvollen Bariton und seinem Humor versetzt Wilhelm
1765 1623 2981 1667 Guttmann die Hörer in figarosigste Stimmung, die durch
1765 1656 2988 1713 Lucy Gelbers routinierte Kinderschar mit zwei lustigen
1773 1705 3002 1748 Szenen der Dichter-Regisseurin bestens vorbereitet ist. (Wer¬
1776 1742 3007 1789 den hier die künftigen Stars des Kulturbunds gezüchtet?) Und
1766 1774 2993 1824 zwischendurch läßt Elsa Herzog in gewandter Conférence
1775 1813 3006 1885 die kommende Wintermode in ausgewählten Exemplaren auf
1775 1858 2450 1917 einem Laufsteg Revue passieren.
1875 1887 2998 1943 Hoffentlich hat der zum Kaufen anregende Tag für die
1778 1930 3004 1997 jüdische Frau keine unruhige Nacht für den jüdischen Mann
2781 1973 2958 2033 E. Ta.
1773 1979 2181 2043 im Gefolge gehabt.
1936 2074 2844 2184 Rosch haschanah-Wünsche
1919 2168 2868 2267 amerikanischer Staatsmänner
1970 2279 2806 2349 Fortsetzung von der 1. Seite
1879 2345 3003 2412 Der Gouverneur von IIlinois, Henry Horner,
1784 2392 1989 2452 schreibt:
1873 2420 3001 2486 „Beim Eintritt in das neue Jahr freue mich, meine herz¬
1785 2475 2997 2534 lichsten Festtagsgrüße und Glückwünsche meinen Glau¬
1778 2514 3007 2564 bensgenossen wo immer sie leben, zu entbieten. Das
1783 2553 3003 2612 jetzt zu Ende gehende Jahr war gekennzeichnet durch be¬
1779 2594 3012 2639 deutende Beiträge, die Juden auf vielen Gebieten zur all¬
1793 2632 3009 2689 gemeinen Wohlfahrt geleistet haben, und war in einer Reihe
1783 2667 3007 2734 von Ländern von einem tragischen Schatten umdüstert.
1881 2718 3003 2761 Durch die Jahrhunderte hindurch hat Rosch Haschanah
1789 2752 3012 2797 immer die Melodie ewiger Hoffnung erklingen
1788 2786 3008 2842 lassen. Aus dieser Hoffnung schöpfen wir den Mut, weiter¬
1779 2822 3012 2886 zuschreiten und unserem Lande und der Welt das Beste, was
1789 2862 3011 2923 in uns liegt, zur Erhöhung der Wohlfahrt der Allgemeinheit
1788 2898 3013 2957 zu geben. Unser Glaube an das Morgen wurzelt in einer
1796 2949 3014 3003 Vergangenheit, die Zuversicht rechtfertigt. Das Neue Jahr
1791 2994 3016 3042 wird ein Markstein der fortgesetzten Ergebenheit der Juden
1793 3017 3010 3073 der Vereinigten Staaten gegenüber den Idealen Amerikas und
1792 3074 3008 3127 dem Dienst an ihm sein, die sie seit Gründung der Republik
1792 3114 2242 3170 stets bewiesen haben.
1893 3138 3012 3197 Möge das Neue Jahr allen Gesundheit und Glück bringen
1805 3186 3013 3249 und die Welt näher an das Ziel der Gerechtigkeit und des
1796 3232 2275 3283 Friedens heranführen.“
1893 3258 3004 3321 Glückwünsche haben ferner entboten: George C. Per¬
1891 3317 3015 3367 Gonverneur von Virginia, Gouverneur Gifford Pichot
1772 3303 1826 3374 1
1789 3366 3014 3410 von Pennsylvanien und der stellvertretende Generalstaats¬
1797 3389 2823 3454 anwalt der Vereinigten Staaten, William Stanley.
2425 3492 3009 3553 Mnmimmmimmmmmmmmmmmmmmm
1805 3504 2222 3570 Von der Reise zurück
1907 3554 2288 3619 Ernst Ruben
2418 3586 3020 3659 Krankenschwestern-Beruf
1800 3609 2393 3654 Landgerichtsdirektor am Landgericht Berlin
1805 3645 2389 3697 und Vorsitzender am Landesarbeitsgericht
2423 3645 2885 3707 eignen, finden Aufnahme als
2005 3671 2210 3717 Berlin a. D.
2506 3687 2917 3755 Lehrschwestern
1911 3699 2282 3767 Wirtschaftsberater
2418 3739 3003 3806 im Verein für jüd. Krankenpflegerinnen
1825 3754 2367 3794 insbesondere Vermögensvertenltungen.
2418 3779 2690 3818 zum 1. Oktober.
1809 3789 2387 3847 Liquidotionen, Derisen- und Steiterrecht,
2425 3794 3002 3845 Schriftliche Bewerbungen an den Verein
1975 3822 2204 3862 Auslandsrecht
2416 3841 3006 3890 für jüdische Krankenpflegerinnen, Berlin
1900 3852 2283 3917 Familienforschung
2419 3869 2826 3921 N 65, Exerzierstraße 11 b.
2420 3908 3005 3954 Immmmmmmmmmmmmmmmmmmmmmmmmmmmnmnm
1809 3902 2155 3967 Berlin-Schöneberg,
2035 3933 2388 3996 Eisenacher Str. 48
1809 3985 2392 4026 #teischen Gruneiald- und Hauptstrass.)
2424 3975 2933 4041 Von der Reise zurück:
1805 4015 2402 4053 6 1 Stephan 8441, Sprechstunde 3-4 Uhr
2422 4031 3007 4089 Dr. Alfred Caro
1817 4072 2394 4142 Von der Reise zurück
2412 4075 3017 4133 Arzt für innere Krankheiten
2421 4126 3016 4192 Charlbg.-Westend, Ahornallee 29
