3296 4320
564 93 1448 185 Schnitzler im Kulturbund
486 166 1597 228 Montag Trüh ist man zufällig auf dem Anhalter Bahnhof, da
391 207 1597 253 hemerkt man vor dem direkten Wagen Prag Wien Rosa
541 249 1610 313 ##i inmitten eines großen Kreises, der freundschaftlich
404 290 1598 341 und herzlich von ihr Abschied nimmnt. Die Künstlerin, die
394 331 1626 383 mehrere Wochen hindurch der Mittelpunkt des Theaters des
406 365 1103 420 Kusfarbundes war, verläßt Berlin
1139 364 1603 419 ein Zeichen, daß das
404 397 1391 440 Repertoire sich ändert. Die zu so früher Stunde —
1414 387 1613 452 Abfahrt
408 431 1599 482 7.54 Uhr = iu sie stehen, sind ihre Kollegen und Kolleginnen,
393 477 1610 521 die Schanspieler vom Kulturbund. Plier merkt man, daß imter
393 510 1604 560 diesen jüdischen Schauspielern, die, aus ihrer früheren Um¬
399 556 1602 608 gebung herausgerissen, plotzlich unter ganz änderen Verhält¬
401 590 1595 643 nissen spielen müssen und zum Teil vielleicht jetzt erst
389 629 1600 671 erfahren haben, was Jndesein bedentet, so etwas wie eine Ge¬
394 662 1601 716 meinschaft entstanden ist. Die Valetti war einst der Liebling
399 707 1598 753 vieler Berliner, jetzt begleiten sie nur Juden, es mag
388 734 1592 786 schmerzlich sein, aber es ist fast syinbolisch für uns alle:
397 785 1598 835 manches wurde verloren, aber auch manches gewonnen, und
395 818 1608 852 es hängt davon ab, was wir aus dem neuen, dem jüdischen
387 852 1243 905 Gemeinschaftsgefchl zu machen vermögen.
477 897 1608 958 Vom Bahnhof geht es wahrscheinlich zur letzten Probe,
384 933 1594 998 und abends sicllt ma: dieselben Meuschen auf der Bühne in
859 971 1596 1019 der Sommerlüfte“, Es ist das
387 977 839 1035 Schnitzlers „Im Spi
391 1019 1598 1062 letzte Stück, das #e1 tler vor seinem Tode schrieb, der
398 1046 1597 1108 alternde Schnitzler, dr. doch unverbrüchlich noch in derselben
398 1089 1590 1137 Welt leht wie sein eigenes Schauspiel, in der Welt um 1000,
391 1122 1601 1176 in jener Atmosphäre des franzisks, osefinischen Oesterreich, in
385 1167 1590 1215 der die österreichische Eigenart zu einer liebenswürdigen,
395 1203 1598 1240 weichen, untragischen Entfaltung kam, obwohl die Grund¬
380 1239 1593 1304 lagen, auf denen diese Weit ruhte, bereits erbebten. So sehr
391 1279 1603 1332 die Erinnerung an diese Welt denen, die sie miterlebt haben
396 1318 1597 1372 und ihr schöne Stunden verdanken, wert sein mag, der heuti¬
386 1359 1593 1414 gen Jugend, der Nachkriegsgeneration, hat sie wohl wenig zu
396 1394 1595 1441 sagen. Die leichte Melanchoile, die Müdigkeit und Todes¬
385 1432 1609 1478 äbnung, die uns aus der Literatur jenes Wien, in manchen
380 1475 1596 1520 Gedichten Hofmannsthals, in den Novellen und Dramen Arthur
395 1509 1591 1555 Schntiers entgegenwehen, tragen deutlich die Spuren des
397 1544 1600 1599 Verzichtes und der Auflösung. Dieser Atmosphäre hat sich
390 1583 1591 1635 ein jüdisches Element sehr stark eingeprägt. Denn dae
384 1617 1597 1674 alte Volk der Judien mit seiner Gefühls- und Versiandes¬
377 1676 1601 1717 intensität, das nun in der Spanne eines Jahrhunderts die ganze
379 1713 1597 1752 europäische Bildung ausgenommen hatte und sich selbst immer
386 1746 1594 1799 mehr hinsinken ließ, hatte nichts von der Tlärte, die zu Er¬
391 1779 1600 1822 mannung und Taten treibt, wolll aber ein tiefes Verständnis
383 1816 1598 1861 für die geheimen Regungen der Seele und — über alle Zweisel
394 1856 1595 1900 hinweg — ein seines Empfinden für die Reize und die Schön¬
377 1886 1594 1935 heit des Lebens, das mit allen seinen Konflikten zugleich unter
384 1928 1601 1977 der Verspektive der Jahrtausende wie ein Traum vorüberzicht.
536 1961 1591 2015 vielleicht kein Zufall, daß der repräsentative Dichter
385 2004 1593 2059 dieses Wien der Jude Artlur Schnitzler war; aber wir Juden
382 2039 1598 2087 müssen uns auch erinnern, daß dieser Schnitzler der Jugend¬
383 2083 1588 2128 freund eines anderen Wiener Literaten, Thcodor Herzi's,
390 2116 1590 2162 Wal, uat dem er einmal ein denkwürdiges Gespräch über
378 2153 1597 2200 die Judenfrage hatte. Diesel Theodor Verzl, der auch die
383 2190 1597 2241 Wiener Pomantik nicht verlengnen konnte, hatte andere
386 2234 1148 2292 Träume als das Spiel der Sommerlüfte.
472 2275 1597 2325 Dieses Spiel, das nun vor uns vorüberzicht, ist ein Spiel
388 2321 1603 2366 von Liebe, Genuß und Verzicht, typisch geschene Figuren,
382 2352 1595 2401 Situationen und Konflikte des alltäglichen Lebens, alles im
394 2389 1587 2442 Gewande des Wienertums von 1000. Die „Handllung“ ist
381 2430 1597 2489 dunn, mehr hingehaucht als dramatisch, der Gegenstand ist
391 2477 1594 2519 zu „unbedeutend“, es ist wolll Schnitzlers schwächstes Stück,
382 2512 1589 2565 aber doch auch voll keiner Pointen und kluger Giespräche
389 2549 1592 2593 (Buchausgabe bei S. icher Verlag, Berlin). Im Vordergrunde
391 2580 1596 2643 des Interesses stehen ei der Aufführung des Kulturbundes
382 2627 1584 2679 die beiden Frauen, jer iy Schaffer ist die reise Frau an
384 2674 1585 2725 der Schwelle des Alue;, die an dem Werk, dem der Mann
377 2699 1584 2756 sich widmen muß, keinen vollen Anteil nehmen kann und
386 2742 1555 2788 sich darum einsam fühlt; in dem Moment, wo ihr Mann eie
371 2775 1595 2828 ihr wieder voll zuwendet, ist die Aufechtung, die in Gestalt
391 2818 1587 2861 einer Zuneigung zum Kaplan sich geregt hatte, verklogen.
382 2857 1585 2907 Neben ihr Mira Rosowsky als entzückende 10jährige Gusti,
373 2901 1584 2946 in die sich alle Männer mehr oder weniger ernsthaft verlieben
381 2943 1599 2986 und die dieser Situation sehr gut gewachsen ist. Beide Frauen
388 2968 1594 3014 waren in Erscheinung und Spiel ausgezeichnet. Wenn Schnitz¬
388 3010 1587 3064 ler Frau Josefa zu der angehenden Schauspielerin Gusti sagen
376 3053 1590 3094 läßt, sie würde schon Erfolg haben „mit dem Giesichtl und der
391 3093 1599 3143 Figur“ und von Talent“ nicht reden will, so kann man von
377 3131 1595 3177 den zwei Schauspielerinnen dieser Aufführung sagen, daß sie
389 3167 1588 3218 all dies in hohem Maß besitzen, und darum auch den ver¬
385 3216 1593 3257 dienten Erfolg finden. Den Professor, der auf der Höhe des
392 3246 1591 3295 Mannesalters mit überlegener Lebenskiugheit auf das wech¬
391 3283 1596 3323 seinde Liebesspiel binabschaut, obwohll er selbst innerlich
379 3321 1587 3378 nicht ganz unberührt ist, gibt Fritz Wisten mit der nötigen
386 3362 1588 3412 weichen Würde. Als unglucklicher Liebhaber stellte sich ein
383 3409 1586 3457 neuer Schauspieler, Walther Mertner, vor, der durch seine
379 3440 1598 3476 undankbare Rolle handicapped war. Den Kaplan gab Martin
389 3470 1595 3526 Brandt mit großer innerer Bewegtheit. Die religiösen Fra¬
378 3506 1593 3581 gen, die in seinem Gesprach mit Fran Josefa hervorbrechen,
379 3557 1592 3606 sind wohl nicht nur „christliche“ es sind Fragen der mensch¬
381 3596 1598 3634 lichen Existenz überhaupt, mit denen jede Religion ferig in
389 3632 1594 3692 werden hat. Trotzlem fragen wir uns, warum der Kulturbund
385 3670 1604 3725 gerade ein Stuck gewählt hat, in dem ein christlicher Kaplan
382 3710 1587 3759 die Hauptligur ist. In dem Dialog, dem Hehepunkt des
383 3743 1603 3802 Stückes, ucht es um die degenübersteilung menschlicher und
384 3787 1589 3840 göttlicher Weisheit und um die Aufgabe, Gott auch dort ge¬
390 3824 1597 3867 treu zu sein, wo sein Ratschluß den Merschen unverstämtlich
388 3860 1595 3916 oder dem eigenen Wunsch entgegengesett ist. Das ethische
399 3899 1598 3949 und theolonische Problem der Rolle des Bösen in der Welt
404 3935 1604 3997 (und in Gottes Heilsplan) wird hier von dem Skeptiker
1613 109 3120 238 „Im Spiel der Sommerlüfte
2201 876 2345 1020 7
1991 1442 2049 1514 4
2021 1490 2195 1586 920
2919 1517 2983 1623 □
2327 1588 2521 1694 *
2836 1837 2925 1951 *
1630 2321 1998 2444 SU
1632 2540 2044 2626 Lra
1598 2634 3191 2715 Fotos: Links oben: Eduard (Friedeberg) und Pros. Friedlein (Wisten)
1611 2699 3203 2768 Josesa Friedlein (Schaffer) — Unten: Dr. Faber (Hertner). Gusti Pflegner
1608 2772 3233 2823 Zeichnungen: Links unten: Josesa Friedlein (Schaffer) und Kaplan H#
1605 2816 3164 2877 Gusti Pflegner (Rosowsky) und Leutnant Holl (Lenart) im I. Akt -
2973 2844 3227 2926 Potos und Mon
1611 2858 2459 2920 Gusti Pflegner (Rosowsky) im II. Akt.
1603 2988 2814 3064 Schnitzler gerade nur angedeutet. Die Frau ertappt den Priester
2939 3014 3221 3101 Nächste
1612 3050 2822 3103 bei seiner eigenen Schwäche, aber der Zweifel, der dann aus
1605 3101 2826 3146 ihm hervorbricht und den er niederkämpft, wird ebenso wenig
1612 3120 2820 3183 tragisch wie sonst irgendetwas in diesem Stück. Den Sohn
3014 3141 3227 3213 Friedrich
1603 3166 2816 3218 Eduard gibt keinz Friedeberg, ein junger Schauspieler,
1604 3215 2817 3262 der, wie mitgeteilt wurde, hier zum ersten Male auf der
2902 3204 3062 3269 Pilsna
1611 3243 2815 3286 Bühne stcht. Er hat das Jungenhafte, die Mischung von Un¬
2899 3250 3153 3318 Providence
1610 3281 2814 3343 gelenkigkeit, Lebensabnung und Verspieltheit sehr gut heraus¬
2901 3296 3106 3348 Helonan
1612 3327 2817 3375 gebracht. Ernst Leuart hatte diesmal nur die kleine Rolle des
2908 3337 3117 3385 Helouan
1615 3364 2824 3408 Lentnants zu betrenen. Außerdem wirkten in Nebenrollen
2904 3366 3180 3440 Gierusalemme
1619 3409 2824 3449 Cina Petruschka, Lieselotte Jacobi, Ruth Anselm, Ernst Ra¬
2906 3408 3071 3461 Sohinx
1613 3431 2813 3491 den. Die Regie führte Hott und bewährt Fritz Jessner, Bühnen¬
2901 3449 3065 3498 Pilsna
1607 3473 2824 3534 bild und Kostume stammen von Heinz Condell, der bemüht
2916 3484 3082 3538 Tevere
1610 3513 2813 3566 war, den Stil jener Zeit von 1000 zu treffen. Im ganzen war es
2912 3521 3094 3575 Tevere
1611 3559 2485 3609 ein gelungener und unbeschwerter Abend,
2478 3554 2810 3611 — freilich schr
2913 3553 3218 3617 Mariette Pacha
2618 3593 2782 3658 Mi—r.
1606 3596 2378 3661 fern von der Weit, in der wir leben.
2905 3603 3187 3657 Gierusalemme
2903 3638 3148 3699 Providence
1687 3662 2804 3721 Hebräische Lehrer gesucht. Für einen größeren Ort in
2909 3681 3071 3730 Pilsna
1641 3713 2812 3765 süddentschland fur Kursus- und Privatunterricht, möglichst Pa¬
2898 3715 3083 3775 Polonia
1607 3750 2817 3805 lastinenser. Garantiertes Einkommen 200 300 RM. monatlich.
2907 3754 3078 3808 Vienna
1766 3792 2812 3841 eine größere Stadt in Westdeutschland, in der Nähe
2913 3793 3084 3850 Vienna
1611 3817 2808 3873 einer Universitätsstadt, mit deutscher Staatsangehörigkeit.
2910 3833 3072 3897 Patria
1610 3870 2813 3916 Garantiertes Giehalt von 150 RM. monatlich. Bewerbungen
2825 3874 3224 3963 Flugverbindun
1604 3898 2813 3943 zur Weiterleitung erbeten an die Zionistische Vereinigung
1609 3931 2511 4008 für Deutschland, Berlin W 15, Meinekestr. 10.
2962 4000 3190 4072 Mbbnonmimnanuig
3046 802 3124 891 5
3099 114 3210 200 44
