3392 4352
1265 239 1361 297 m
1952 223 2422 335 box 34/4
279 224 1802 352 31. In Spiel der Sonnerluefte
2458 1162 2638 1231 unzar
1765 1164 2255 1263 scen die für den
2429 1185 3045 1277 von unge- begünsgung
1331 1210 2323 1317 Arund des mit heutg“ zedeutung sind. Trotz.“
2381 1238 3362 1325 rhöhung der und Gebührenbegünstigu
622 1275 3367 1378 den Parteien gepflogenen Einvernehmens den Zuckerstster im vergangenen #### eine ganz be= endlich über eine Anderung des 6
614 1316 3360 1411 Bundesrat erst für den 30. Dezember einberufen deutende Verbilligung des Zuckors eingetreten und zentralegesetzes, über welch
1636 1453 3349 1541 sprächsthema trostl##rum. Jeder sein eigener sein leicht entflammtes Herz an die
724 1444 1576 1547 „Im Spiel der Sommerlüfte.“
1644 1509 3368 1582 Hamlet. Es fehlkor Bc zur Sünde und am herz. Frau des Professors verliert. Wäh
612 1514 1652 1608 Schauspiel in drei Akten. Zum ersten Male aufgeführt
1652 1555 3365 1627 haften Mut zur Tugend. Sie zögern und zaudern starken Ausspracheszene dieker bei
654 1588 1637 1654 im Deutschen Volkstheater, 21. Dezember.
1634 1597 3364 1686 alle grillparzerisch Tod und Schicksal heran, stehen draußen und Sohn Eduard st bei
653 1634 1658 1708 Das jüngste Werk Artur Schnitzlers, das den
1647 1649 2673 1728 betroffen, bestürzt vor dem unwiderruflichen „Zu
2654 1660 3363 1735 der Schutzhütte — der Herr Gema
622 1679 1658 1757 flatternden, beschwingten Titel führt „Im Spiel
1660 1703 2669 1791 spät!“ Doch gleitet diesmal alles Bedrohliche noch
2658 1709 3366 1778 geblich in Angelegenheit eines
617 1746 1657 1808 der Sommerlüfte“, der einem Gedichtbande
1649 1758 3369 1828 glücklich an ihnen ab und sachte vorbei. Gottes Dionysos=Zug, für das Stadttheate
613 1789 1649 1847 vorangestellt sein könnte, wurde Samstag zum über¬
1646 1803 2679 1889 Sonne lächelt ihnen wieder gnädiglich zu. Das ist
2656 1814 3364 1888 Aber den Künstlern ist doch nicht
610 1825 1657 1900 haupt ersten Male dargestellt. Der Zettel verspricht
1647 1851 2670 1925 ein sehr österreichisches Stück von der Jahrhundert¬
2663 1866 3361 1925 Und während dieses Auftrittes ha
606 1884 1642 1951 weder Schauspiel noch Komödie, enthält sich vor¬
1639 1902 2662 1970 wende. Nur kein Aufsehen. Standal ist vor allem
2666 1908 3354 1992 nant sein Außenschicksal, einen ge
618 1942 1650 2006 sichtig jeder näheren verpflichtenden Artkennzeich¬
1644 1952 2660 2031 zu meiden als unvornehm und unstandesgemäß.
2657 1963 3358 2036 handel, der seinem geistlichen H#
609 1988 1652 2058 nung. Nur von „drei Akten“ vermeldet er, und die
1652 2004 2664 2067 Das ist oder war die Welt, die österreichische Kultur¬
2658 2013 3363 2086 größten Besorgnisse einflößt. Man
603 2028 1653 2112 sind denn auch schließlich da. Eine „Opera lyrique“
1650 2053 2663 2122 welt der Ebner und des Saar und, unendlich ver¬
2655 2083 3356 2132 eigentlich dramatischen Vorgäng
603 2078 1649 2157 ohne Musik, oder mit einer bis zur Unhörbarkeit
1642 2104 2661 2172 feinert, noch durchgeistigter — Artur Schnitzlers!
2651 2113 3356 2183 Dichter mit weiser Kunstabsicht auße
602 2137 1655 2195 zarten, hinsterbenden Musik der mitschwingenden
2643 2162 3362 2240 lichen theatralischen Gefüges verle
606 2182 1656 2249 verklingenden Obertöne des Gefühls hebt doleissimo
2655 2218 3360 2291 der jungen Liebenden — das Schi#
1669 2188 2665 2291 Wir sind in Kirchau, einem niederösterreichischen
605 2253 1624 2310 an. Andante sostenuto — Scherzo con variazioni —
1626 2246 2659 2337 Dorfe, und die Zeit ist ungefähr so um 1895 herum.
2651 2259 3359 2346 den Gatten — das Geschick des Leu
603 2292 1639 2359 Menuetto in Moll. Ein unendlich zart empfundenes
1636 2312 2666 2387 Spätsommer. Der Herr Professor Vinzenz Friedlein,
2652 2317 3364 2389 verbleibt Drama genug, Seelendra
615 2341 1641 2410 und gleicherweis zart=zärtlich durchgeformtes lyri¬
1636 2365 3349 2439 der berühmte Bildhauer mit dem feschen, kotetten schauspiel, Abrechnungskonflikt,
605 2382 1638 2464 sches Poem entrollt sich, ein tragisch nachgedunkeltes
1642 2416 3359 2477 Künstlerkopf, hat eine edle, von ihm un= oder miß= wühlende Beichte hüben wie drübe
614 2447 1643 2508 Idyll. Wolkenschatten gleiten drüber hinweg. Es.
1642 2469 3355 2524 verstandene Frau im schönsten, kritischen Alter, Fall= alte, wohlbekannte Schnitzler=Geste
613 2491 1646 2551 gewittert wohl, aber es schlägt nicht ein. Spiel der
1632 2515 3352 2576 obst der ehelichen Misere, und einen halbwüchsigen Situationen leicht wieder. Sogar bi
616 2545 3365 2635 schwerelosen, heimlichen Worte, der naturnahen, Sohn — ebenfalls in seinem gefährlichen Alter. Der meisterwerk „Liebelei“ greift der Di
607 2590 3360 2637 liebreich gehegten. Das sich selbst schamhaft oder feig junge Herr ist in Griechisch durchgesaust und zur nicht, um sich selbst abzuschreiben,
609 2638 2664 2739 Uneingestandene, kaum Geahnte, sogleich Verdrängte Nachprüfung bestimmt. Weit mehr jedoch als die
2661 2665 3366 2740 und abgeklärt, gewachsen und gewo
608 2685 2669 2793 steht obenan. Die Sünde lockt und das Leben lacht, anspruchsvollen Zeitwörter auf mi interessiert den
2657 2716 3359 2792 neu zu fassen, frisch zu formen, i
596 2746 3355 2831 doch gilt es, sich überwinden, sich bescheiden. Ver serotisch Erwachenden die fesche Nichte seiner Fräuffäße neuen, köstlichen. Wein zu
609 2788 3361 2885 zicht ist die große Losung des Tages. Doch auch Ver=Mutter, die absolvierte, nach Innsbruck engagierte „Pfarrer von=Kirchfeld“=Kuttenprob
593 2842 3363 2933 zicht kennt seine Neue, seine Selbstantlagen und Schauspielelevin Gusti Pflegner, die von ihm ihre zur Stelle und es sei den kommende#
605 2892 2660 2966 nicht einzuschläfernden Vorwürse. Dieser Menschheit Rollen sich überhören läßt. Diese junge Dame ist ein
2647 2922 3359 2980 der nächsten Germanistengeneration
610 2941 1632 3015 fehlt jeder Mut zu tragischer Schuld. Deshalb ist
1627 2966 2653 3032 echtes Schnitzler=Mädel, süß und herb zugleich. Sie
2648 2971 3342 3035 „Unterschiede" und „Ahnlichkeiten“
611 2997 1651 3073 sie auch im landläusigen Sinn undramatisch. Das
1633 3012 3353 3102 spielt mit den Männern, hält einen jungen Arzt, gegeneinander auszuwiegen. Auch d
603 3038 2658 3135 äußere, explosive Drama kommt hier nur ein einziges der sie umwirbt, kräftig zum besten und flirtet im
2646 3074 3345 3138 mit Wedetinds „Frühlingserwach
607 3092 2651 3169 Mal, doch dafür mit vehementer Brisanz zum Vorbeigehen, Vorüberflattern, mit einem eleganten
2645 3120 3354 3184 gleichem Behufe recht sehr empfohlen
603 3154 3362 3232 Durchbruch. Sonst aber schleppt ein jedes, Männlein Leutnant, und man ahnt, daß hier sich was Galantes uns derlei vorläufig noch lange ni
596 3208 2477 3274 wie Weibchen, Verlangen nach Schuld, Lust zur sentwickeln muß. Im Herbst. In Innsbruck
2523 3230 3368 3287 Der nur zu danken für köstliche dichter
595 3239 2479 3329 Sünde als selbstquälerisches, nie aufgearbeitetes Er= Herr Leutnant nom Regiment Braganzo
2472 3266 3358 3348 ist der Vollwert so rasch nicht auszuschöp
603 3290 3349 3407 wägungsmaterial und psychoanalytisches, ewiges Ga= Bruder des sehr edlen Kaplans Ferdinand Holl. der wohl noch lange vorhalten wird. 1
2046 3515 2296 3638 IV
