3436 4320
1910 179 2380 288 box 34/4
248 192 1765 308 31. Im. Spielder Sonnerluefte
3021 1125 3226 1209 Prschafte
1975 1150 2448 1228 —.—
3041 1193 3221 1265 sei un
2976 1109 3034 1226 —
3048 1247 3222 1305 tig. D.
679 1262 3057 1328 lich der Bildhauer selbst, der, ohne gerade ein Solneß zu Siegfried Geyer, dem deutschen Bearbeiter der Komödie,
684 1327 3229 1387 sein, doch auch seine Heimlichkeiten hat. Aus den wenigen einem bühnenkundigen und bewährten Autor, förmlich an, persön
1869 1337 3225 1429 wie er um jedes pikante Detail gekämpft hat. Es ist glück= obman
696 1371 1881 1424 Worten, die er in die eigene Ehe und in die fremden
3050 1393 3227 1475 dieser
1873 1412 3061 1480 licherweise immer noch genug davon übrig geblieben, und,
693 1417 1872 1477 Gspusis dreizureden hat, zieht Herr Homma ein Maximum
692 1472 3066 1522 von Bedeutsamkeit, wie ja überhaupt dieses offenkundige wenn ich nicht irre, sogar einiges dazugekommen. Die schöne
3052 1472 3209 1551 Maßst,
1864 1497 3062 1579 Haerlin, die noch nie so nett und herzig war wie in dieser
697 1516 1712 1578 Altersstück nicht ohne Symbole auskommen kann.
797 1540 3224 1618 Im Laufe des zweiten Aktes zieht sich ein Gewitter Nolle, schläft z. B. mit einem gewöhnlichen Matrosen. Sie zustell
3052 1589 3223 1648 ständer
688 1594 3062 1673 zusammen. Das Spiel der Sommerlüfte gerinnt und wan= geht freilich bald darauf auch in die Hände höherer Würden¬
684 1611 3238 1711 delt sich in vorübergehendes Unheil, vorausgesetzt, daß man träger über, so eines bolschewistischen Diplomaten, der am mentat
687 1688 3234 1770 es Unheil nennt, wenn eine angehende Schauspielerin und Schluße genötigt ist, seine frühere Geliebte, ein Scheusal, in den
689 1737 3198 1817 ein Gymnasiast, vom Wetter überrascht, in einer Schutz= das Frau Waldner sehr lebenswahr spielt, zu töten. Die auch
3056 1760 3220 1838 hintan
697 1802 3065 1866 hütte „Frühlingserwachen“ spielen. Die kleinste Rolle trägt Madonna vom Schlafwagen gelangt endlich auf dem Um¬
3057 1821 3231 1902 Rücksic
1881 1853 3067 1912 weg über Bolschewikenland in den Besitz ihres geliebten
697 1863 1885 1931 der brave und vielseitige Michael Xantho mit Geduld und
3052 1878 3235 1941 die Ve
1892 1901 3065 1960 Sekretärs, der auffallend wenig davon berührt wird, daß
689 1902 1884 1969 Anstand; er gibt jenen Arzt, der des jungen Fräuleins
1871 1944 3249 2011 er so viele glückliche Nebenbuhler hat. Ich pflege mich inser nich
694 1956 1309 2025 erster Liebhaber gewesen ist.
3058 1977 3229 2042 sei. So.
804 1994 3065 2063 Die Schauspieler ziehen diese Komödie wie Wolga=Theaterdinge, die zwischen Erotik und Politik spielen, grund¬
3052 2016 3219 2097 korpor
702 2044 3070 2114 schlepper ihren Kahn stromaufwärts ziehen. Sie haben, sätzlich nicht hineinzumischen. Das ist eine Angelegenheit, die
695 2087 3227 2165 neben den Sorgen um das Stück, auch ihre eigenen. Der ausschließlich zwischen dem Publikum und dem Theater seitigen
3053 2124 3234 2191 hier di.
701 2145 3069 2211 Dichter, rücksichtslos, zwingt sie immer wieder, vom Talent spielt. Je toller es dabei zugeht, desto vergnügter sind die
703 2174 3240 2258 haben, Schauspieler werden und ähnlichen spaßhaften Leute im Hause, denen Josef Jurno hier für lange Zeits nen pe
703 2214 3235 2311 Dingen zu sprechen, so daß das Publikum jedesmal mokantes ein erwünschtes, verbotenes Amusement bietet. Schon die danzen
691 2317 3236 2348 Beziehungen zwischen Theater und Wirklichkeit herstellen Ueberschriften, wie „das mysteriöse Mädchen“ oder „die kratie;
695 2373 3230 2408 kann. Der junge, frische Tonio Riedl, der den Gymnasiasten Nackttänzerin“ lassen glücklicherweise das Schlimmste be= der faß
699 2379 3243 2471 gibt, tut, als merkte er es nicht; er hat den Mut eines fürchten. Es ist, als sollte hier, noch ehe das Dunkel des staates¬
707 2461 3223 2509 Waghalses, der die Gefahren nicht kennt, aber das junge neuen Preßgesetzes über uns hereinbricht, ein letzter Blick wahr
3052 2463 3234 2531 Seivelt
695 2491 3066 2561 Fräulein Ullrich wittert die Zwiespältigkeit ihrer Rolle auf die höchstanziehenden, unbekleideten Dinge geworfen
3071 2518 3214 2582 nicht,
697 2542 3071 2626 ganz deutlich. Sie bietet ein ansehnliches Maß von Unnatur werden, die ihre Beliebtheit bei jung und alt niemals ver¬
3065 2571 3227 2646 nur e
710 2625 3065 2647 auf, um natürlich zu sein. Das Spiel der Volkstheaterlüfte lieren. Dazu kommt, daß Friedl Haerlin nicht nur nackt
3053 2612 3218 2677 Werk.
711 2631 3082 2714 schlägt ihr nicht gut an. Ohne ernstliche Regiehilfe entfernt ist, sondern auch Kultur hat, ein idealer Fall von Nackt¬
3057 2655 3252 2727 reichisch
715 2683 3231 2755 sie sich immer mehr und mehr von sich selbst, indem sie sich kultur, um den man den eleganten Herrn Kersten aufrichtig meine#
699 2748 3076 2804 sucht. Mit dem bloßen „wir sind jung und das ist schön“ ist beneidet. Er allein bekommt leider alles zu sehen, während
3072 2752 3245 2825 auf det
703 2788 3067 2855 beim Theater nichts getan. Man muß Talent nicht nur die dem Publikum zugewendete Hälfte durch einen herr¬
3065 2813 3250 2894 hingen
1874 2820 3079 2901 lichen Pelz verdeckt wird. Das halbgesättigte Auge kann sich
700 2851 1510 2931 haben, sondern auch mitbringen ....
1882 2881 3090 2950 allerdings an Lotte Hussarek schadlos halten, die auch sehr
1261 2903 1379 2978 II.
1888 2925 3253 3002 hübsch und anziehend ist, aber leider auch angezogen. Ich Stoffw
816 2945 1904 3019 Dekobras „Madonna im Schlafcoupé“ ist aus dem be¬
3078 2980 3249 3045 licher K
1894 2968 3070 3049 verließ die Madonna und den Schlafwagen noch vor dem
713 3016 1899 3080 rühmten und vielgelesenen Roman ins Theater übersiedelt.
1896 3031 3078 3091 glücklichen Ende, das dem Publikum ebenso behagte wie
703 3069 1905 3132 Sie erlebt hier genau dasselbe wie dort; die beiden fran¬
1885 3057 3257 3161 das ganze Stück, gegen das nur die betroffenen Politiker und C
705 3130 2846 3208 gösischen Autoren haben ihr bloß die gewagtesten Dinge Widerstand erhoben. Sie tun unrecht daran ...
3036 3135 3234 3206 anstalt
738 3167 1905 3258 weggenommen, um sie bühnenfähig zu machen. Man sieht
3060 3179 3256 3257 station.
