3436 4352
1948 145 2407 247 box 34/4
285 158 1806 259 31. Im. Spielder Sonnerluefte
1603 1044 2600 1143 HERRGESELL-MOBE
1590 1131 1805 1210 E
1948 1127 2669 1210 R
1601 1207 2636 1293 DIEFENBACHGASSE NR. 21/25
1398 1279 2843 1352 „NEUES WOHNEN“ ILLUSTR. BUCH GEGEN S 1·50 IN MARKEN
1380 1394 2830 1464 legenen Geist vortrefflich zu spielen vermag: — all dies sind Schau¬
346 1422 671 1520 appert
1390 1460 2837 1516 spielertypen, denen wir gar nicht so selten begegnen. Die wahrhaft
1392 1513 2848 1571 großen Menschendarsteller scheinen aber diejenigen zu sein, die
190 1510 673 1621 ENCCHNEIDER
1384 1563 2780 1620 ihr ureigenstes Wesen, das ihnen selbst verborgen sein mag,
1393 1612 2849 1660 vielleicht gerade darum, weil es ihnen verborgen ist, auf der
190 1604 574 1693 RNRING 75
1396 1667 2850 1738 Bühne unbewußt ins Satanische oder Dämonische zu steigern ver¬
187 1676 525 1773 EL. B-22-408
1389 1715 1579 1779 stehen.
1447 1788 2836 1852 Jede Art von künstlerischer Produktion fordert mit Notwendig¬
188 1785 574 1870 ekanntestes
1391 1842 2847 1894 keit Kritik heraus. Denn es liegt im Wesen der Produktion, sich
184 1857 648 1958 Pzialhaus
1396 1892 2846 1954 Schöpferwillen und Schöpferkraft= und damit in gewissem Sinne
1393 1944 2839 2006 Göttlichkeit anzumaßen. Und da das Göttliche ein Absolutes,
211 1948 497 2028 für vornehme
1397 1984 2855 2044 doch jede Art, auch die höchste der künstlerischen Produktion.
201 2003 662 2094 enbekleidung
1386 2045 2853 2104 immer nur ein Relatives vorstellt, so hat die Kritik im Prinzip
1381 2084 2848 2156 immer recht: doch in der Praxis oft auf eine recht wohlfeile Weise,
1397 2153 2350 2219 und beinahe stets an der unrechten Steile.
201 2145 562 2232 Reichhaltiges
213 2203 677 2286 neuester Modelle
1441 2221 2839 2289 Wenn dem Kritiker ein Werk zur Beurteilung vorliegt, stehen
1397 2282 2842 2346 ihm zwei Methoden zur Wahl. Entweder mag er sich auf dies eine
1404 2338 2808 2396 Werk beschränken und von den übrigen des Autors absehen, —
195 2303 686 2416 legante, praktische
1393 2389 2836 2453 oder er bezieht in sein Urteil die Gesamterscheinung des Autors ein.
218 2392 504 2479 MANTEL
1401 2432 2849 2501 Meist aber übt er eine dritte Methode, die ihm in jedem Falle
207 2458 582 2529 an guteltzende
1390 2487 2852 2534 verwehrt sein sollte, — indem er neben dem Werke, das ihm zur
222 2516 521 2606 KOSTUM
1385 2532 2849 2606 Beurteilung unterbreitet ist, einzelne andere nach Wahl und Laune
1386 2586 2848 2637 in den Kreis seiner Betrachtungen aufnimmt, die Existenz der
212 2586 544 2655 das schicke
1389 2650 2849 2703 übrigen, die ihm für seinen Zweck und seine Wirkung im Augen¬
205 2641 619 2712 ITTAG- und ABEND-
1391 2684 2864 2757 blick eben nicht genehm sind, willkürlich außer Acht läßt und sich
215 2683 441 2767 KLEID
195 2759 340 2825 lotte
207 2795 467 2892 RKLEID
205 2874 419 2951 exakter
1582 2861 2661 2961 Friedrich Josef Mangs
215 2947 305 3014 zU
1441 2955 2822 3079 RESTAURANT HOPFNER
386 2949 633 3117 ##
1431 3071 2814 3164 Tel. U-49-0-90 I., Kärntnerstraße 61 Tel. U-4.-2-45
1626 3181 2626 3258 Vor und nach dem Theater warme Küche
1470 3241 2783 3316 Bürgerliche Preise — Gesellschaftszimmer — Separees
1847 3293 2405 3362 Vorzügliche Getränke
