3436 4320
2423 51 3197 134 eene Pe  eece
274 70 1394 136 nshenste eelele e e  ee ee eee
1408 113 2292 163 auf seine Art sehr drollig Herr Homma als
353 133 491 183 1 den
2295 124 3215 187 Die Beamtensatire Courtelines wurde mit toller
499 128 1388 181 und die Bezeichnung der Organisation enthält,
1406 144 2295 194 arrivierter Künstler und Dumenfreund, Herr
264 157 491 223 eider und
2300 186 3209 235 Laune und saftiger Groteskkomik von Franz
491 180 1385 234 der er angehört. Zugelassen zum Wettbewerb ist
1402 195 2293 247 Riedl als Gymnasiast und Herr Kantho als
273 217 484 271 schen Be¬
2307 222 3220 267 Stoß und Franz Deutsch zu durchschlagender
498 212 1387 295 jedermann, der sozialdemokratisch organisiert ist.
1404 241 2299 297 unausstehlicher Bräutigom, dem man wirklich
262 255 478 312 iten und
2315 264 3221 319 Wirkung gebracht. Die Schauspieler und mit
545 270 1384 335 Die Preise betragen 300, 200 und 100 Schil¬
1403 286 2289 350 davonlaufen muß, vervollständigen das lebende
254 299 490 357 ill die
2307 313 3223 374 ihnen die Regisseurin des Abends konnten für
494 325 1394 389 ling. Die preisgekrönten Werke werden überdies
1406 334 2290 397 Inventar einer vergangenen Zeit und bemühen
267 335 494 396 rochen
2304 365 3217 434 den stürmischen Beifall eines dichtbesetzten Saales
487 373 1075 446 von der Kunststelle angekauft.
335 380 492 439 drei
265 383 344 435 58
1409 388 2302 461 sich nicht ohne Erfolg, es lebendig zu erhalten.
2306 410 2481 486 danken.
3036 411 3182 477 F. R.
270 421 497 482 chädigt
2123 428 2282 495 D. B.
548 427 1394 495 Zu Preisrichtern wurden bestellt die Genossen:
256 465 488 532 in frucht¬
494 452 1404 542 Bach, Beißer, Ellenbogen, Glöckel,
2349 494 3215 570 Exl=Bühne. Im Raimund=Theater
330 512 495 566 aufzu¬
495 533 1249 586 Hannak, Kuderna, Marmorek.
260 523 487 606 sie Akten¬
1571 529 2128 629 Weihnachtspremieren.
2312 552 3214 614 spielen jetzt die Exl=Leute eine Komödie: „Der
554 586 1423 640 Die Einsendungen sind an die Sozialdemo¬
259 593 491 650 uchswerk¬
2317 600 3219 657 letzte Kniff“ von Hans Renz, ein neues
1522 602 2213 694 Neues Wiener Schauspielhaus.
493 625 1418 699 kratische Kunststelle, 5., Sonnenhofgasse Nr. 6, zu
317 642 493 698 Reißer,
2313 648 3224 717 Bauernstückl. Auf dem Testamentshof will sich
1448 651 2299 726 Der Stoff des alten Intrigenstückes
496 678 1405 756 richten. Letzter „Einreichungsiermin: 15. Fe¬
261 681 494 745 er, Diet¬
2307 698 3220 752 und will sich halt kein „gesetzmäßiger Leibes¬
1407 716 2302 789 von Sardou ist eim Laufe der Jahrzehnte
273 728 490 777 ett, eine
502 728 755 805 bruar 1930.
2308 743 3226 817 erbe“ einstellen, immer wieder, jetzt schon in zwei
266 759 498 824 ebschnur.
1405 755 2305 842 schon ein wenig fadenscheinig geworden,
2315 796 3220 845 Generationen, kommt halt ein uneheliches Kind.
260 810 503 866 in Keller¬
1406 809 2296 890 aber die Haupttitel= und Bombeurolle der
2311 843 3216 908 Wenn nach dem alten Bauern aber kein gesetz¬
590 817 1398 914 Die neue Schnitzler=Komöhie. —
274 851 499 907 nd haben
1399 861 2297 928 mündfertigen Wäscherin, die auch als Mar¬
2306 899 3226 949 mäßiger Leibeserbe da ist, fällt der Hof an die
256 894 503 963 Leiter die
536 886 1400 964 (Als-Zeit der Handlung ist das Jahr 1895
1405 912 2308 982 schallin ihren gesunden Menschenverstand nicht
268 941 490 998 vo sie die
2321 937 3228 996 Schwester Portiunkula. Da heiratet der alte
492 938 1399 1015 angegeben. Ungefähr um dieselbe Zeit schreibt
1401 956 2305 1012 verloren hat, ist noch immer so prächtig wie nur
270 975 484 1039 Mit Blut
2322 991 3231 1052 Bauer in aller Heimlichkeit die Annelles, die vom
497 994 1399 1047 derselbe Artur Schnitzler seine Groteske „Der
1410 1010 2303 1072 je. Jetzt spielt die Konstantin die Madame
318 1026 479 1077 sie sich
2321 1035 3230 1087 unehelichen Sohn schon wieder was Uneheliches
500 1044 1400 1110 grüne Kakadu“, die, mag sie noch so unpolitisch
1406 1056 2308 1113 Sans=Gene und erreicht sicherlich ihre be¬
269 1067 496 1132 in verletzt
2315 1079 3229 1138 unter dem Herzen trägt, und wird dieses letztere
489 1092 1403 1158 gemeint sein, wahrhaft revolutionär wirkt. Auch
1414 1105 2307 1163 rühmtesten Vorgängerinnen. In ihrer Derbheit
2329 1133 3220 1189 in die Ehe schreiben lassen. Das ist der letzte
502 1149 1402 1202 heute, ja heute vielleicht noch mehr als zur Zeit
275 1122 481 1214 e Schrän¬
1411 1153 2302 1212 klingt immer etwas Zärtlichkeit mit, sie ist mit
2315 1179 3226 1239 Kuiff des Stückls, und er ist wirklich „nicht ganz
510 1187 1403 1253 ihres Entstehens. Denn damals sah man wohl
296 1198 490 1248 Martin
1403 1198 2310 1260 Grazie ungraziös, der Zuschauer freut sich mit
2320 1235 3229 1287 sauber“, wie der alte Pfarrer (Franz Ludwig)
510 1233 1399 1288 vor allem den Uebergang von Spiel in Wirklich¬
296 1237 489 1303 Gerüster
1418 1248 2307 1302 ihr, wenn sie der Hofetikette ein Schnippchen
2314 1268 3232 1325 immer sagen muß. Aber recht gut gespielt wird's
497 1279 1400 1335 keit, von Wirklichkeit in Spiel. Daß dieses Spiel
1415 1300 2308 1358 schlägt, und vibriert mit ihr, wenn sie in ein ge¬
2323 1324 3238 1384 von Eduard Köck, von Mimi Gstöttner, Ilse
502 1331 1395 1395 eine Aktion ist, der eine Aktion in der Wirklichkeit
1407 1340 2311 1399 lindes Pathos übergeht. Um sie herum die Kom¬
2311 1372 3233 1430 Exl, Ludwig Auer und besonders von Pepi
500 1377 1400 1445 entspricht, nämlich das ungeheure Ereignis einer
1413 1381 2313 1450 parserie selbst größerer Nollen, die eben in Wien
2323 1417 3235 1484 Marik, die eine gan, prachtvolle Hauserin war.
320 1389 474 1489 auf
489 1419 1401 1485 Revolution, eingeleitet durch den Bastillensturm,
1411 1443 2308 1506 den Stargast zu umgeben pflegt. Aber Herr
2322 1462 3145 1543 Hat also dem Publikum recht gut gefallen.
497 1467 1406 1525 das wird heute deutlicher erkannt als dazumal.
1414 1485 2310 1552 Feldhammer ist ein Napoleon und hält
271 1380 419 1556 190
3045 1483 3191 1568 O. K.
495 1519 1398 1572 Es gab also vor mehr als einem Mschenalter
1421 1523 2310 1602 seiner Partnerin stand. Im Aussehen viel ele¬
274 1543 495 1614 loridsdorf
2373 1535 3233 1626 Die Pläne des Deutschen Volkstheaters. Im
500 1569 1405 1639 für den Dichter Schnitzler andre Probleme,
1408 1583 2313 1641 ganter als der historische Napoleon, trifft er
273 1598 488 1657 getrieben,
2321 1587 3237 1666 Deutschen Volkstheater wird als erste Neuheit
510 1623 1403 1682 andre Inhalte, als sie jener Zeit zumindest auf
1413 1640 2313 1687 alle legendären Uebergänge von der Wildheit zur
283 1640 503 1698 in Gast¬
2320 1651 3235 1727 des kommenden Jahres das Lustspiel von Alex¬
502 1659 1182 1741 dem Theater zu entsprechen scheinen.
1413 1675 2306 1731 Herzlichkeit ausgezeichnet. Frau Konstantin und
278 1680 496 1744 ren Sitz
2322 1710 3230 1771 ander Lernet=Holenia, „Mariage“, zur
1413 1723 2316 1774 Herr Feldhammer wurden vom Publikum mit
287 1725 503 1788 der Hoff¬
549 1714 1407 1800 Nichtsdestoweniger, aus der Enge einer genau
2321 1751 3234 1813 Darstellung kommen. Daran schließen sich die
1413 1765 2307 1842 reichem Beifall bedacht, der auch der hübschen
285 1770 1409 1856 ammelten umschriebenen Welt ist dem Dichter Schnitzler oft
2326 1807 3229 1866 Komödie „Hellseherei“ von Georg Kaiser und
274 1809 505 1876 ilung zu
1421 1821 2312 1878 Inszenierung Niedermosers und der takt¬
275 1829 1401 1909 n wenig genug ein umfassendes, allgemein gültiges Welt¬
2325 1850 3237 1907 Franz Theodor Csokors Schauspiel „Gesell¬
1427 1870 2309 1950 vollen Regie Forster Larrinagas galt.
271 1876 1408 1962 hasthäuser bild erwachsen. Die Figuren seines Theaters
2333 1904 3228 1963 schaft der Menschenrechte“ (endlich!). Von Heinz
502 1933 1413 1986 kehren typisch wieder. Aber die Wiederholung
281 1947 502 2001 kassen der
1588 1935 2149 2020 Johann=Strauß Theater.
2322 1934 3240 2014 Ortner wurde das Volksstück „Sebastian¬
279 1954 1424 2063 chubladen zeigt nur an, daß dahinter auch ein immer
2326 1994 3232 2070 Legende" und von Vicki Baum die Komödie
1455 1990 2310 2055 In die Reihe der Johann=Strauß=Operetten,
314 2022 1409 2080 id dazu,wiederkehrendes Problem steckt. Es ist nicht das
2325 2043 3234 2109 „Menschen im Hotel“ erworben. Walter
1418 2040 2316 2105 die in ein neues textliches Gewand gesteckt und
284 2070 1408 2125 Verkzeuge Problem einer bestimmten Gesellschaftsschicht,
2322 2092 3240 2163 Hasenclever ist mit seinem jüngsten Werk,
1417 2093 2315 2155 auch musikalisch der Gegenwart angenähert
286 2121 1402 2197 ie, wo sie innerhalb der sich die Handlung abspielt, sondern
2324 2141 3230 2204 der Komödie „Napoleon greift ein“, vertreten;
1419 2147 2315 2207 werden, ist jetzt „Der lustige Krieg“ getreten.
298 2161 515 2236 Sie be¬
506 2171 1406 2218 nur die äußere Erscheinungsform ist festgehalten.
2320 2198 3224 2252 Georg Kaisers Volksstück „Zwei Krawatten“
1415 2195 2317 2257 Diesmal hat Felix Günther die Neubearbei¬
278 2196 508 2267 asmitteln,
518 2210 1400 2275 Im Grunde handelt es sich auch in der Komödie
2324 2238 3238 2298 wird im April im Spielplan erscheinen. „Die
1416 2243 2315 2294 tung durchgeführt. Mit Ausnahme eines einzigen
292 2254 1414 2329 Der Ge= „Im Spiel der Sommerlüfte“ nicht nur
314 2287 507 2350 3000 S.
2332 2286 3234 2347 Affäre Dreyfus“ von Kestner (Pseudonym
1421 2280 2315 2344 Stückes (mit Saxophon) hat er keine Jazzelemente
505 2299 1414 2363 um die sanfte Verwirrung der Gefühle, in die
286 2326 510 2398 iter war
2318 2336 3231 2404 für Josef Rehfisch) wird wahrscheinlich das
1415 2335 2315 2407 eingefügt, dafür um so freier umgestellt,
283 2347 1403 2425 Kriminal= Mann und Frau, Mädchen und Junge und sogar
2328 2383 3246 2454 erste Auftreten Anton Edthofers, der am
1418 2397 2314 2448 verlängert und ergänzt. Das Orchester klingt im
505 2405 1412 2474 ein geistlicher Herr geraten, sondern es handelt
283 2423 505 2485 #nlich un¬
2324 2422 3235 2506 1. Februar wieder sein Engagement antritt,
1415 2430 2318 2497 allgemeinen gut, besonders die Begleitungen zu
502 2449 1407 2526 sich im wesentlichen um die glückliche unsentimen¬
283 2463 507 2527 rei be¬
2326 2481 3231 2534 bringen; ferner treten Margarete Koeppke
1415 2476 2317 2550 den Gesangsensembles sind nicht mehr zu dick
286 2488 1413 2562 e in dem tale Rücksichtslosigkeit einer weiblichen Jugend,
2322 2526 3235 2604 und Sibylle Binder in den kommenden
1415 2531 2322 2599 instrumentiert. Freilich, den Erfolg entscheiden
271 2543 399 2610 iren.
500 2554 1403 2617 die Liebe nicht durchaus in Beharren sucht und
2319 2570 3239 2640 Wochen wieder in den Verband des Hauses.
1429 2586 2325 2657 nicht Günther, nicht die neuen Gesangstexte von
279 2586 504 2654 en, einen
507 2598 1401 2659 die mit aller süßen, bedenkenlosen Zärtlichkeit
2326 2639 3233 2682 Emil Jannings, Fritzi Massary und
1430 2628 2315 2710 Wilhelm Sterk, auch nicht die Tanz¬
358 2628 498 2707 Zahn¬
510 2641 1421 2714 jederzeit bereit ist, andre zu opfern. Die Figur
2330 2670 3242 2736 Albert Bassermann werden als Gäste im
277 2675 389 2742 en
1422 2670 2322 2750 refrains, sondern allein Johann Strauß.
385 2684 499 2738 Ein¬
510 2695 1410 2762 der jungen Schauspielerin, die einen Bräutigam
302 2720 501 2787 Zwangs¬
2327 2715 3242 2800 Deutschen Volkstheater auftreten, und zwar Fritzi
1427 2721 2319 2799 Die Kraft seiner Melodien wirkt, stecken sie nun
510 2744 1410 2805 hat, mit einem Onkel anbandelt, den Vetter,
282 2765 505 2824 unehmen.
2335 2773 3239 2830 Massary in der englischen Komödie „Die erste
1429 2778 2311 2839 im Orchestergewand von 1880 oder 1930. Der
510 2793 1412 2848 einen Knaben, wissend macht und sicher ist, auch
291 2814 498 2870 opoldstadt
2320 2809 3229 2886 Frau Selby“, Emil Jannings in „Biberpelz“
1417 2824 2315 2897 Naturwalzer ist das prächtigste Stück der
506 2837 1407 2905 mit einem Herrn Leutnant ein Abenteuer zu
290 2851 503 2912 om Kopf
2320 2870 3240 2927 und „Geschäft ist Geschäft“, Bassermann in dem
1427 2872 2325 2938 Operette. Er wurde diesmal einigemal wieder¬
287 2884 1416 2948 gestrichen erleben, die keinen Augenblick zögert, alle mit¬
2326 2914 2932 2985 amerikanischen Stück „Straße".
1420 2932 2322 2982 holt, wohl auch, weil ihn Herr Bollmann so
282 2927 1411 3004 eidet, am einander zu verlassen, wenn es ihr Beruf fordert,
2382 2951 3232 3027 Vorlesung Max Winter. Vor einigen Tagen
1431 2965 2322 3038 schön sang. Dann waren zwei Polkas, ein in das
335 2977 1415 3056 er sei diese Figur hat Schnitzler schon in einer wunder¬
2326 3016 3246 3070 veranstaltete Genosse Max Winter im Saale
1421 3030 2326 3090 zweite Finale eingelegter Tanzwalzer und ein
285 2999 519 3084 hwarzen“.
515 3033 1157 3085 baren Novelle vorausgenommen.
2329 3060 3242 3130 der Bereitschaft eine Vorlesung aus seinem
294 3069 507 3128 komplicen
1425 3057 2313 3128 coupletartiges Lied im Schlußakt, die immer
564 3067 1419 3143 Auch die andern Gestalten der Komödie sind
2327 3103 3240 3161 Buche „Die lebende Mumie“. Der Abend wurde
296 3111 506 3174 torgehilfe
1431 3114 2323 3172 wieder gespielt werden mußten. Direktor Müller
521 3128 1415 3204 ähnlich oder andeutungsweise in früheren Werlen
295 3159 505 3213 ige Me¬
2324 3160 3239 3221 durch einen Vortrag von Ferdinand Kaska
1417 3162 2324 3237 machte diesmal den Versuch, mit „großer Auf¬
516 3180 1419 3238 Schnitzlers, in Dramen und Novellen zu finden
298 3189 511 3260 Kleeblatt
2334 3205 3234 3277 „Utopien und deren Verwirklichung“ eingeleitet.
1423 3209 2325 3272 machung“ in Wettbewerb mit dem Theater an
510 3228 1420 3293 Neu ist eigentlich die Figur des Kaplans, der
2332 3260 3238 3318 Der Vortragende erläuterte die verschiedenen
1421 3255 2317 3327 der Wien zu treten. Mehr als das Aeußerliche
511 3279 1418 3337 beinahe selbst der Stimmung eines schwülen
2329 3305 3249 3370 Utopien und utopischen Romane aller Zeiten in
1435 3299 2324 3384 wirkten jedoch die guten Darsteller. Anny
507 3332 1411 3400 Sommertages erliegt. Das bißchen Gewitter, das
2332 3351 3247 3405 anschaulicher Weise. Dann las Genosse Winter
1424 3347 2316 3414 Ahlers sang und spielte mit Laune, immer
285 3315 496 3440 tinder¬
508 3374 1419 3448 dann folgt, reinigt ihn, verjagt auch die tragi¬
2333 3402 3235 3462 einzelne Kapitel aus seinem fesselnden Werke vor
1437 3405 2322 3463 vornehm und künstlerisch. Sie überraschte auch
514 3412 1415 3478 schen Konflikte aus der Komödie. Demnach hat
2329 3449 3243 3513 und fügte dazwischen ab und zu Erklärungen
1425 3453 2327 3524 durch ihren großen Solotanzwalzer, den sie mit
523 3474 1416 3535 der Dichter diese tragischen Möglichkeiten nur
2327 3494 3247 3571 für jene Zuhörer ein, welche das Buch nicht
1424 3506 2313 3559 viel Bewegungsausdruck darstellte. Herr Boll¬
526 3513 1424 3583 aufzeigen, nicht ausführen wollen. Der Schwer¬
2333 3547 3242 3621 kannten. Die zahlreichen Zuhörer folgten dem
1423 3549 2317 3609 mann wurde beklatscht wie nur je ein Operetten¬
515 3561 1425 3632 punkt des Stückes wird in den Schluß des
294 3563 513 3647 ial Hirsch¬
2333 3596 3240 3665 genußreichen und spannenden Vortrag mit
1439 3599 2315 3661 held aller Mädchenherzen. Daß sich neben dem
517 3611 1422 3678 zweiten Aktes verschoben, in die Auseinander¬
291 3631 513 3719 ns=Steger¬
2333 3654 3247 3711 größter Aufmerksamkeit; als der Vortragende
1430 3660 2326 3705 ersten Liebespaar auch die natürliche, liebenswür¬
521 3663 1415 3723 setzung des Kaplans mit der reisen Frau. Doch
2340 3706 3244 3762 geendigt hatte, wurde er mit begeistertem Beifall
1430 3696 2319 3759 dige Marianne Kupfer und der diesmal diskret
517 3707 1431 3767 in Wahrheit ist das, was dem Dichter für seine
2321 3741 2943 3806 der dankbaren Zuhörer belohnt.
1437 3746 2319 3807 komische Tautenhayn behaupteten, spricht für
526 3757 1431 3823 Komödie wichtig ist und was auch dieses letzte
295 3785 528 3865 Gasthaus,
2391 3784 3235 3854 Neues Wiener Operettentheater. Von heute
1431 3792 2318 3848 ihre Klasse. Auch die Herren Waldemar und
518 3796 1425 3870 Werk von der Schilderung einer abgetanen Ge¬
2323 3825 3241 3908 bis inklusive Montag den 30. d. allabendlich 7.45,
1422 3837 2316 3922 [Straßberg haben ihre Rollen mit viel
520 3842 1429 3926 sellschaft und einer erledigten Zeit ins allge¬
293 3844 515 3942 aal, Hugl¬
2341 3890 3225 3952 am 25., 26. und 29. d. auch um 3.30: „Ich hab'
516 3898 2322 3966 mein Menschliche hinaushebt, erst so recht im Temperament gespielt. Der Abend wurde zur
2336 3939 3236 3999 mein Herz in Heidelberg verloren.“ 28. d.: „Der
525 3946 2327 4023 britten Akt offenbar. Dort nämlich geht es nicht] Feier für alle Mitwirkenden, vor allem aber zu
2321 3981 3237 4047 gestieselte Kater“ (3.30). 31. d. zum erstenmal:
509 3996 2327 4054 mehr um den Kaplan und nicht mehr um die einer Huldigung vor dem großen Wiener Volks¬
2185 4024 3247 4118 pp. 1 „Die Landstreicher“ von C. M. Ziehrer (7.45).
286 4021 1967 4127 I., Fleisch“ mehr oder minder sanften nervösen und eroti= komponisten Johann Strauß
