<?xml version="1.0" encoding="UTF-8" standalone="yes"?>
<PcGts xmlns="http://schema.primaresearch.org/PAGE/gts/pagecontent/2013-07-15" xmlns:xsi="http://www.w3.org/2001/XMLSchema-instance" xsi:schemaLocation="http://schema.primaresearch.org/PAGE/gts/pagecontent/2013-07-15 http://schema.primaresearch.org/PAGE/gts/pagecontent/2013-07-15/pagecontent.xsd">
    <Metadata>
        <Creator>prov=University of Rostock/Institute of Mathematics/CITlab/Gundram Leifert/gundram.leifert@uni-rostock.de:name=ONB_Newseye_GT_M1+(htr_id=10810)::::v=2.4.2
prov=University of Rostock/Institute of Mathematics/CITlab/Tobias Gruening/tobias.gruening@uni-rostock.de:name=de.uros.citlab.module.baseline2polygon.B2PSeamMultiOriented:v=2.4.2
prov=University of Rostock/Institute of Mathematics/CITlab/Tobias Gruening/tobias.gruening@uni-rostock.de:name=/mnt/transkribus/LA/DEA/URO/LA_news_onb_att.pb:de.uros.citlab.segmentation.CITlab_LA_ML:v=2.4.2
Transkribus</Creator>
        <Created>2019-10-07T11:09:35.959+02:00</Created>
        <LastChange>2019-10-07T18:27:32.199+02:00</LastChange>
        <TranskribusMetadata docId="223955" pageId="9494050" pageNr="84" tsid="16395590" status="IN_PROGRESS" userId="40391" imgUrl="https://files.transkribus.eu/Get?id=MCDOXWCDOHPZDQGRDTMFDPKR&amp;fileType=view" xmlUrl="https://files.transkribus.eu/Get?id=TFJJQNMIREFPPMKQNWHONIDE" imageId="6184277"/>
    </Metadata>
    <Page imageFilename="223955_0084.jpeg" imageWidth="3344" imageHeight="4352">
        <ReadingOrder>
            <OrderedGroup id="ro_1711444140335" caption="Regions reading order">
                <RegionRefIndexed index="0" regionRef="r1"/>
                <RegionRefIndexed index="1" regionRef="r2"/>
            </OrderedGroup>
        </ReadingOrder>
        <TextRegion orientation="0.0" id="r1" custom="readingOrder {index:0;}">
            <Coords points="305,189 305,2974 1795,2974 1795,189"/>
            <TextLine id="r1l1" custom="readingOrder {index:0;}">
                <Coords points="295,219 1805,256 1805,165 1686,140 549,159 480,209 296,162"/>
                <Baseline points="305,212 379,216 454,220 528,222 603,224 677,226 752,227 826,227 901,227 975,227 1050,227 1124,226 1199,226 1273,225 1348,225 1422,225 1497,225 1571,225 1646,226 1720,227 1795,229"/>
                <TextEquiv>
                    <Unicode>31. Im Spielder Sonnerluefte</Unicode>
                </TextEquiv>
            </TextLine>
            <TextLine id="r1l2" custom="readingOrder {index:1;}">
                <Coords points="399,1218 1188,1190 1581,1225 1560,1141 401,1125"/>
                <Baseline points="409,1189 467,1191 525,1193 583,1195 641,1197 699,1198 757,1199 816,1200 874,1201 932,1202 990,1203 1048,1204 1106,1204 1164,1205 1223,1206 1281,1206 1339,1207 1397,1208 1455,1209 1513,1210 1572,1211"/>
                <TextEquiv>
                    <Unicode>Die Uraufführung von Arthur Schnitzler „Im</Unicode>
                </TextEquiv>
            </TextLine>
            <TextLine id="r1l3" custom="readingOrder {index:2;}">
                <Coords points="366,1257 1585,1272 1585,1209 367,1184"/>
                <Baseline points="375,1242 435,1242 495,1243 555,1244 615,1245 675,1246 735,1247 795,1248 855,1249 915,1249 975,1250 1035,1251 1095,1252 1155,1252 1215,1253 1275,1253 1335,1254 1395,1254 1455,1254 1515,1254 1575,1254"/>
                <TextEquiv>
                    <Unicode>Spiel der Sommerlüfte“ am Deutschen Volks¬</Unicode>
                </TextEquiv>
            </TextLine>
            <TextLine id="r1l4" custom="readingOrder {index:3;}">
                <Coords points="366,1294 1587,1313 1571,1268 1412,1253 367,1259"/>
                <Baseline points="375,1286 435,1289 495,1290 555,1292 615,1294 675,1295 735,1296 796,1297 856,1297 916,1298 976,1298 1036,1299 1096,1299 1156,1299 1217,1300 1277,1300 1337,1301 1397,1301 1457,1303 1517,1304 1578,1305"/>
                <TextEquiv>
                    <Unicode>theater unter Mitwirkung von Moissi und Regieleitung</Unicode>
                </TextEquiv>
            </TextLine>
            <TextLine id="r1l5" custom="readingOrder {index:4;}">
                <Coords points="371,1342 1529,1371 1591,1357 1592,1294 371,1295"/>
                <Baseline points="380,1334 440,1337 500,1339 560,1341 620,1343 680,1345 740,1346 800,1347 860,1348 920,1349 981,1350 1041,1350 1101,1351 1161,1351 1221,1352 1281,1352 1341,1352 1401,1353 1461,1353 1521,1353 1582,1354"/>
                <TextEquiv>
                    <Unicode>von Direktor Beer war ein großer Erfolg. Schnitzlers</Unicode>
                </TextEquiv>
            </TextLine>
            <TextLine id="r1l6" custom="readingOrder {index:5;}">
                <Coords points="366,1388 1469,1398 1571,1430 1572,1355 366,1360"/>
                <Baseline points="375,1384 434,1386 493,1388 553,1389 612,1391 672,1393 731,1394 790,1396 850,1397 909,1398 969,1399 1028,1399 1087,1400 1147,1400 1206,1400 1266,1401 1325,1401 1384,1400 1444,1400 1503,1400 1563,1399"/>
                <TextEquiv>
                    <Unicode>neuestes Stück ist mit einer Kammersymphonie zu ver¬</Unicode>
                </TextEquiv>
            </TextLine>
            <TextLine id="r1l7" custom="readingOrder {index:6;}">
                <Coords points="356,1443 1572,1448 1485,1404 357,1404"/>
                <Baseline points="366,1435 425,1437 485,1438 545,1439 605,1440 665,1441 725,1442 784,1442 844,1443 904,1444 964,1445 1024,1445 1084,1446 1144,1447 1203,1447 1263,1448 1323,1449 1383,1449 1443,1450 1503,1451 1563,1452"/>
                <TextEquiv>
                    <Unicode>gleichen. Leichtbeschwingte Musik ohne Forte, ohne</Unicode>
                </TextEquiv>
            </TextLine>
            <TextLine id="r1l8" custom="readingOrder {index:7;}">
                <Coords points="355,1480 1555,1527 1569,1458 355,1452"/>
                <Baseline points="364,1484 423,1485 483,1486 543,1488 602,1489 662,1490 722,1491 781,1492 841,1492 901,1493 961,1494 1020,1494 1080,1495 1140,1495 1199,1496 1259,1496 1319,1496 1378,1497 1438,1497 1498,1497 1558,1497"/>
                <TextEquiv>
                    <Unicode>grellen Anstrich, zarte Töne, vorzüglicher Aufbau,</Unicode>
                </TextEquiv>
            </TextLine>
            <TextLine id="r1l9" custom="readingOrder {index:8;}">
                <Coords points="356,1526 1569,1568 1570,1512 1501,1503 357,1502"/>
                <Baseline points="365,1528 424,1530 484,1531 544,1533 604,1534 664,1535 723,1536 783,1537 843,1538 903,1539 963,1539 1022,1540 1082,1541 1142,1541 1202,1542 1262,1543 1321,1544 1381,1544 1441,1545 1501,1546 1561,1548"/>
                <TextEquiv>
                    <Unicode>reizende, dabei geistreiche Durchführung der Themen.</Unicode>
                </TextEquiv>
            </TextLine>
            <TextLine id="r1l10" custom="readingOrder {index:9;}">
                <Coords points="364,1583 1367,1612 1576,1581 1536,1549 365,1542"/>
                <Baseline points="374,1573 433,1576 493,1578 552,1581 612,1583 672,1584 731,1586 791,1587 851,1588 910,1589 970,1590 1030,1590 1089,1591 1149,1591 1209,1592 1268,1592 1328,1593 1388,1593 1447,1594 1507,1595 1567,1595"/>
                <TextEquiv>
                    <Unicode>Die Vorgänge auf der Bühne werden von entsprechen¬</Unicode>
                </TextEquiv>
            </TextLine>
            <TextLine id="r1l11" custom="readingOrder {index:10;}">
                <Coords points="359,1636 1134,1664 1568,1651 1569,1618 360,1593"/>
                <Baseline points="368,1625 427,1627 487,1629 546,1630 606,1632 666,1633 725,1634 785,1636 844,1637 904,1638 964,1639 1023,1640 1083,1641 1142,1641 1202,1642 1262,1642 1321,1642 1381,1642 1440,1642 1500,1642 1560,1641"/>
                <TextEquiv>
                    <Unicode>den Naturerscheinungen begleitet und wie ein auf¬</Unicode>
                </TextEquiv>
            </TextLine>
            <TextLine id="r1l12" custom="readingOrder {index:11;}">
                <Coords points="350,1671 1576,1710 1564,1648 351,1634"/>
                <Baseline points="360,1674 420,1676 480,1677 541,1679 601,1681 662,1682 722,1683 782,1684 843,1685 903,1686 964,1686 1024,1687 1084,1687 1145,1688 1205,1689 1266,1689 1326,1690 1386,1691 1447,1692 1507,1693 1568,1694"/>
                <TextEquiv>
                    <Unicode>steigendes Gewitter, das zunächst gefährlich aussicht,</Unicode>
                </TextEquiv>
            </TextLine>
            <TextLine id="r1l13" custom="readingOrder {index:12;}">
                <Coords points="358,1729 1572,1735 1488,1693 359,1688"/>
                <Baseline points="368,1719 427,1722 487,1724 547,1726 606,1727 666,1729 726,1730 785,1731 845,1732 905,1733 965,1734 1024,1734 1084,1735 1144,1735 1203,1736 1263,1736 1323,1736 1382,1736 1442,1736 1502,1736 1562,1736"/>
                <TextEquiv>
                    <Unicode>beruhigend abklingt, so lösen sich auch alle Konflikte</Unicode>
                </TextEquiv>
            </TextLine>
            <TextLine id="r1l14" custom="readingOrder {index:13;}">
                <Coords points="355,1778 1577,1821 1578,1751 355,1743"/>
                <Baseline points="364,1769 424,1770 484,1771 544,1772 604,1774 665,1775 725,1776 785,1777 845,1779 905,1780 966,1781 1026,1782 1086,1783 1146,1784 1206,1784 1267,1785 1327,1785 1387,1786 1447,1786 1507,1786 1568,1786"/>
                <TextEquiv>
                    <Unicode>des Stückes harmonisch im schönsten Pianissimo.</Unicode>
                </TextEquiv>
            </TextLine>
            <TextLine id="r1l15" custom="readingOrder {index:14;}">
                <Coords points="364,1830 1568,1837 1552,1805 1306,1783 1252,1811 365,1789"/>
                <Baseline points="373,1820 432,1821 491,1823 550,1824 610,1825 669,1826 728,1827 787,1828 847,1829 906,1830 965,1831 1024,1832 1084,1832 1143,1833 1202,1834 1261,1834 1321,1835 1380,1835 1439,1836 1498,1836 1558,1837"/>
                <TextEquiv>
                    <Unicode>Schnitzler bringt uns in seinem Stücke, das in einer</Unicode>
                </TextEquiv>
            </TextLine>
            <TextLine id="r1l16" custom="readingOrder {index:15;}">
                <Coords points="355,1867 1577,1907 1578,1831 1256,1860 356,1828"/>
                <Baseline points="365,1866 425,1868 485,1869 545,1871 605,1872 665,1873 725,1874 786,1876 846,1877 906,1878 966,1879 1026,1880 1086,1880 1146,1881 1207,1882 1267,1882 1327,1883 1387,1883 1447,1883 1507,1883 1568,1883"/>
                <TextEquiv>
                    <Unicode>Sommerfrische im Wiener Walde spielt, durchaus ge¬</Unicode>
                </TextEquiv>
            </TextLine>
            <TextLine id="r1l17" custom="readingOrder {index:16;}">
                <Coords points="356,1918 1420,1952 1533,1946 1581,1895 356,1867"/>
                <Baseline points="365,1916 425,1917 485,1918 545,1919 606,1920 666,1922 726,1923 787,1924 847,1925 907,1926 968,1927 1028,1928 1088,1929 1148,1930 1209,1931 1269,1931 1329,1932 1390,1932 1450,1932 1510,1932 1571,1932"/>
                <TextEquiv>
                    <Unicode>lungene Gestalten: den Bildhauer Friedlein, der ein</Unicode>
                </TextEquiv>
            </TextLine>
            <TextLine id="r1l18" custom="readingOrder {index:17;}">
                <Coords points="357,1971 1569,1981 1569,1945 1465,1936 358,1941"/>
                <Baseline points="366,1968 425,1968 485,1968 544,1969 604,1969 664,1970 723,1971 783,1972 843,1973 902,1974 962,1975 1022,1976 1081,1977 1141,1977 1201,1978 1260,1979 1320,1980 1380,1980 1439,1980 1499,1980 1559,1980"/>
                <TextEquiv>
                    <Unicode>grofter Könner in künstlerischen Dingen, aber auch im</Unicode>
                </TextEquiv>
            </TextLine>
            <TextLine id="r1l19" custom="readingOrder {index:18;}">
                <Coords points="356,2019 1567,2037 1568,1981 357,1973"/>
                <Baseline points="366,2014 425,2013 485,2013 544,2013 604,2014 664,2015 723,2016 783,2018 842,2019 902,2021 962,2023 1021,2024 1081,2026 1140,2027 1200,2028 1260,2029 1319,2030 1379,2030 1438,2029 1498,2028 1558,2027"/>
                <TextEquiv>
                    <Unicode>geheimen Hintergehen seiner noch jugendlichen Frau</Unicode>
                </TextEquiv>
            </TextLine>
            <TextLine id="r1l20" custom="readingOrder {index:19;}">
                <Coords points="355,2073 1438,2098 1578,2091 1579,2041 356,2019"/>
                <Baseline points="364,2060 424,2061 484,2062 544,2063 604,2064 665,2066 725,2067 785,2068 845,2070 905,2071 966,2073 1026,2074 1086,2075 1146,2076 1206,2076 1267,2077 1327,2077 1387,2078 1447,2078 1507,2077 1568,2077"/>
                <TextEquiv>
                    <Unicode>ist. Diese selbst fühlt sich unverstanden und spinnt</Unicode>
                </TextEquiv>
            </TextLine>
            <TextLine id="r1l21" custom="readingOrder {index:20;}">
                <Coords points="351,2112 1570,2138 1571,2093 1506,2082 352,2073"/>
                <Baseline points="360,2109 420,2109 480,2110 540,2111 600,2112 660,2114 720,2115 780,2116 840,2117 900,2119 960,2120 1020,2121 1080,2122 1140,2123 1200,2124 1260,2124 1320,2125 1380,2125 1440,2126 1500,2126 1560,2125"/>
                <TextEquiv>
                    <Unicode>daher zarte Liebesfäden zu dem schönen Kaplan, dem</Unicode>
                </TextEquiv>
            </TextLine>
            <TextLine id="r1l22" custom="readingOrder {index:21;}">
                <Coords points="353,2169 1488,2190 1561,2184 1562,2137 354,2108"/>
                <Baseline points="362,2156 421,2158 481,2159 540,2160 600,2162 659,2163 719,2164 778,2166 838,2167 897,2168 957,2169 1016,2170 1076,2171 1135,2172 1195,2172 1254,2173 1314,2173 1373,2173 1433,2173 1492,2173 1552,2173"/>
                <TextEquiv>
                    <Unicode>Erzieher ihres Sohnes. Dieser Sohn entbrennt wieder</Unicode>
                </TextEquiv>
            </TextLine>
            <TextLine id="r1l23" custom="readingOrder {index:22;}">
                <Coords points="355,2226 1563,2227 1563,2182 356,2172"/>
                <Baseline points="364,2205 423,2206 482,2208 542,2209 601,2210 661,2212 720,2213 780,2214 839,2215 899,2216 958,2217 1017,2219 1077,2219 1136,2220 1196,2221 1255,2222 1315,2222 1374,2223 1434,2223 1493,2224 1553,2224"/>
                <TextEquiv>
                    <Unicode>in Liebe zu seiner Base, obwohl er noch ein Schuljunge</Unicode>
                </TextEquiv>
            </TextLine>
            <TextLine id="r1l24" custom="readingOrder {index:23;}">
                <Coords points="352,2254 1561,2294 1562,2248 1488,2228 353,2226"/>
                <Baseline points="361,2252 420,2254 480,2256 539,2258 599,2259 658,2261 718,2262 777,2263 837,2264 896,2265 956,2266 1016,2267 1075,2268 1135,2269 1194,2269 1254,2270 1313,2271 1373,2271 1432,2272 1492,2272 1552,2273"/>
                <TextEquiv>
                    <Unicode>ist, und die Base hält es gleich mit vier Männern, die</Unicode>
                </TextEquiv>
            </TextLine>
            <TextLine id="r1l25" custom="readingOrder {index:24;}">
                <Coords points="346,2321 1535,2334 1566,2271 347,2265"/>
                <Baseline points="356,2298 416,2300 476,2303 536,2305 596,2307 656,2308 716,2310 776,2311 836,2312 896,2313 956,2314 1016,2315 1076,2316 1136,2316 1196,2317 1256,2318 1316,2319 1376,2320 1436,2320 1496,2321 1556,2322"/>
                <TextEquiv>
                    <Unicode>ihr den Hof machen Schnitzler wartet also in diesem</Unicode>
                </TextEquiv>
            </TextLine>
            <TextLine id="r1l26" custom="readingOrder {index:25;}">
                <Coords points="349,2356 1554,2397 1567,2327 350,2317"/>
                <Baseline points="358,2346 417,2347 477,2348 537,2349 597,2350 657,2352 717,2353 777,2354 837,2355 897,2357 957,2358 1016,2359 1076,2361 1136,2362 1196,2363 1256,2364 1316,2365 1376,2367 1436,2368 1496,2368 1556,2369"/>
                <TextEquiv>
                    <Unicode>Stücke geradezu verschwenderisch mit Liebesware auf.</Unicode>
                </TextEquiv>
            </TextLine>
            <TextLine id="r1l27" custom="readingOrder {index:26;}">
                <Coords points="347,2416 1508,2434 1562,2422 1563,2383 348,2360"/>
                <Baseline points="356,2395 415,2397 475,2399 535,2401 595,2402 655,2403 714,2404 774,2404 834,2405 894,2405 954,2406 1013,2407 1073,2408 1133,2408 1193,2409 1253,2411 1312,2412 1372,2414 1432,2416 1492,2418 1552,2420"/>
                <TextEquiv>
                    <Unicode>Mit der Rolle des Kaplans hat Moissi eine eigenartige.</Unicode>
                </TextEquiv>
            </TextLine>
            <TextLine id="r1l28" custom="readingOrder {index:27;}">
                <Coords points="346,2475 1521,2480 1560,2475 1561,2423 347,2417"/>
                <Baseline points="357,2445 416,2446 476,2448 536,2449 595,2450 655,2451 715,2452 774,2454 834,2455 894,2455 954,2457 1013,2458 1073,2459 1133,2460 1192,2461 1252,2462 1312,2464 1371,2465 1431,2467 1491,2468 1551,2470"/>
                <TextEquiv>
                    <Unicode>wenngleich nicht immer glaubhafte Gestalt geschaffen,</Unicode>
                </TextEquiv>
            </TextLine>
            <TextLine id="r1l29" custom="readingOrder {index:28;}">
                <Coords points="351,2505 1452,2540 1565,2510 1511,2470 352,2456"/>
                <Baseline points="361,2493 420,2494 480,2496 540,2497 599,2499 659,2500 719,2501 778,2503 838,2504 898,2505 958,2507 1017,2508 1077,2509 1137,2510 1196,2511 1256,2512 1316,2513 1375,2514 1435,2515 1495,2515 1555,2516"/>
                <TextEquiv>
                    <Unicode>die ihm von der Wiener Kritik allzu sehr verübelt</Unicode>
                </TextEquiv>
            </TextLine>
            <TextLine id="r1l30" custom="readingOrder {index:29;}">
                <Coords points="352,2554 378,2557 387,2567 403,2557 428,2569 455,2554 471,2569 485,2557 522,2559 539,2552 541,2509 514,2502 485,2508 476,2499 458,2498 446,2508 433,2500 426,2506 407,2499 387,2506 374,2497 355,2504"/>
                <Baseline points="362,2535 390,2537 418,2540 446,2542 474,2543 502,2543 531,2542"/>
                <TextEquiv>
                    <Unicode>wurde.</Unicode>
                </TextEquiv>
            </TextLine>
            <TextLine id="r1l31" custom="readingOrder {index:30;}">
                <Coords points="525,2732 656,2760 714,2757 741,2737 844,2759 948,2742 949,2696 917,2697 890,2670 849,2666 748,2689 704,2672 673,2688 611,2669 526,2676"/>
                <Baseline points="534,2731 559,2732 584,2732 609,2733 635,2734 660,2735 685,2735 710,2736 736,2737 761,2738 786,2739 811,2740 837,2740 862,2742 887,2743 912,2744 938,2745"/>
                <TextEquiv>
                    <Unicode>Dr. jur. et phfl.</Unicode>
                </TextEquiv>
            </TextLine>
            <TextLine id="r1l32" custom="readingOrder {index:31;}">
                <Coords points="350,2839 540,2820 752,2843 783,2816 963,2860 1082,2856 1125,2844 1126,2762 351,2753"/>
                <Baseline points="360,2811 397,2812 435,2812 473,2813 511,2813 549,2814 587,2815 624,2816 662,2817 700,2818 738,2819 776,2820 814,2820 852,2821 889,2822 927,2822 965,2822 1003,2822 1041,2821 1079,2821 1117,2820"/>
                <TextEquiv>
                    <Unicode>HUGO R. FLEISCHMANN</Unicode>
                </TextEquiv>
            </TextLine>
            <TextLine id="r1l33" custom="readingOrder {index:32;}">
                <Coords points="511,2901 612,2890 647,2910 691,2894 742,2917 776,2901 830,2914 905,2898 907,2840 769,2847 706,2832 683,2848 620,2830 589,2855 555,2837 513,2856"/>
                <Baseline points="522,2882 548,2881 575,2882 602,2882 628,2883 655,2885 682,2886 709,2888 735,2890 762,2891 789,2892 815,2892 842,2892 869,2891 896,2889"/>
                <TextEquiv>
                    <Unicode>= WIEN =</Unicode>
                </TextEquiv>
            </TextLine>
            <TextLine id="r1l34" custom="readingOrder {index:33;}">
                <Coords points="411,2962 636,2964 684,2987 940,2960 1033,2979 1065,2963 1066,2925 980,2898 743,2919 684,2896 598,2913 546,2895 499,2915 412,2897"/>
                <Baseline points="421,2952 452,2953 484,2954 516,2954 547,2955 579,2956 611,2957 642,2957 674,2959 706,2959 738,2960 769,2960 801,2961 833,2962 864,2962 896,2962 928,2963 959,2963 991,2963 1023,2962 1055,2962"/>
                <TextEquiv>
                    <Unicode>III. Neulinggasse Nr. 11</Unicode>
                </TextEquiv>
            </TextLine>
            <TextEquiv>
                <Unicode>31. Im Spielder Sonnerluefte
Die Uraufführung von Arthur Schnitzler „Im
Spiel der Sommerlüfte“ am Deutschen Volks¬
theater unter Mitwirkung von Moissi und Regieleitung
von Direktor Beer war ein großer Erfolg. Schnitzlers
neuestes Stück ist mit einer Kammersymphonie zu ver¬
gleichen. Leichtbeschwingte Musik ohne Forte, ohne
grellen Anstrich, zarte Töne, vorzüglicher Aufbau,
reizende, dabei geistreiche Durchführung der Themen.
Die Vorgänge auf der Bühne werden von entsprechen¬
den Naturerscheinungen begleitet und wie ein auf¬
steigendes Gewitter, das zunächst gefährlich aussicht,
beruhigend abklingt, so lösen sich auch alle Konflikte
des Stückes harmonisch im schönsten Pianissimo.
Schnitzler bringt uns in seinem Stücke, das in einer
Sommerfrische im Wiener Walde spielt, durchaus ge¬
lungene Gestalten: den Bildhauer Friedlein, der ein
grofter Könner in künstlerischen Dingen, aber auch im
geheimen Hintergehen seiner noch jugendlichen Frau
ist. Diese selbst fühlt sich unverstanden und spinnt
daher zarte Liebesfäden zu dem schönen Kaplan, dem
Erzieher ihres Sohnes. Dieser Sohn entbrennt wieder
in Liebe zu seiner Base, obwohl er noch ein Schuljunge
ist, und die Base hält es gleich mit vier Männern, die
ihr den Hof machen Schnitzler wartet also in diesem
Stücke geradezu verschwenderisch mit Liebesware auf.
Mit der Rolle des Kaplans hat Moissi eine eigenartige.
wenngleich nicht immer glaubhafte Gestalt geschaffen,
die ihm von der Wiener Kritik allzu sehr verübelt
wurde.
Dr. jur. et phfl.
HUGO R. FLEISCHMANN
= WIEN =
III. Neulinggasse Nr. 11</Unicode>
            </TextEquiv>
        </TextRegion>
        <TextRegion orientation="0.0" id="r2" custom="readingOrder {index:1;}">
            <Coords points="2071,177 2071,3366 3064,3366 3064,177"/>
            <TextLine id="r2l1" custom="readingOrder {index:0;}">
                <Coords points="2129,197 2150,197 2202,226 2219,218 2228,222 2241,213 2254,220 2269,214 2293,218 2293,143 2240,144 2235,138 2225,146 2205,146 2187,163 2164,169 2146,171 2129,164"/>
                <Baseline points="2138,205 2167,205 2196,205 2225,205 2254,204 2284,203"/>
                <TextEquiv>
                    <Unicode>34</Unicode>
                </TextEquiv>
            </TextLine>
            <TextLine id="r2l2" custom="readingOrder {index:1;}">
                <Coords points="2106,952 2155,950 2173,969 2229,952 2292,969 2326,950 2343,963 2371,949 2384,962 2427,945 2438,954 2503,932 2503,881 2469,885 2425,868 2356,889 2305,876 2222,904 2106,895"/>
                <Baseline points="2115,936 2140,937 2165,937 2190,938 2215,938 2241,938 2266,938 2291,939 2316,939 2341,938 2367,938 2392,938 2417,938 2442,937 2467,937 2493,936"/>
                <TextEquiv>
                    <Unicode>Aussehit aus.</Unicode>
                </TextEquiv>
            </TextLine>
            <TextLine id="r2l3" custom="readingOrder {index:2;}">
                <Coords points="2148,1040 2252,1061 2448,1041 2583,1075 2756,1038 2885,1086 2943,1065 2945,1000 2612,980 2553,1007 2243,954 2150,967"/>
                <Baseline points="2157,1028 2195,1029 2234,1030 2273,1031 2312,1033 2351,1034 2390,1035 2429,1036 2468,1037 2507,1039 2546,1040 2584,1041 2623,1042 2662,1043 2701,1043 2740,1044 2779,1045 2818,1045 2857,1045 2896,1046 2935,1046"/>
                <TextEquiv>
                    <Unicode>1e Lterstur, Stuttgart</Unicode>
                </TextEquiv>
            </TextLine>
            <TextLine id="r2l4" custom="readingOrder {index:3;}">
                <Coords points="2284,1122 2316,1134 2333,1128 2372,1153 2403,1142 2422,1153 2431,1148 2452,1154 2453,1042 2421,1045 2402,1060 2367,1041 2285,1053"/>
                <Baseline points="2293,1117 2318,1121 2343,1122 2368,1122 2393,1122 2418,1121 2443,1120"/>
                <TextEquiv>
                    <Unicode>Nr. 5</Unicode>
                </TextEquiv>
            </TextLine>
            <TextLine id="r2l5" custom="readingOrder {index:4;}">
                <Coords points="2107,1191 2169,1187 2193,1199 2202,1192 2215,1196 2226,1191 2234,1195 2242,1188 2273,1189 2276,1131 2251,1136 2222,1114 2196,1104 2174,1118 2155,1106 2130,1122 2110,1123"/>
                <Baseline points="2118,1163 2147,1160 2176,1161 2205,1164 2234,1166 2264,1165"/>
                <TextEquiv>
                    <Unicode>vom:</Unicode>
                </TextEquiv>
            </TextLine>
            <TextLine id="r2l6" custom="readingOrder {index:5;}">
                <Coords points="2114,1232 2977,1242 3025,1196 2114,1199"/>
                <Baseline points="2123,1228 2167,1228 2212,1227 2256,1227 2301,1227 2346,1227 2390,1227 2435,1227 2480,1227 2524,1227 2569,1227 2614,1227 2658,1227 2703,1227 2748,1227 2792,1227 2837,1226 2882,1225 2926,1225 2971,1224 3016,1222"/>
                <TextEquiv>
                    <Unicode>„Im Spiel der Sommerlüfte.“ In drei Auf¬</Unicode>
                </TextEquiv>
            </TextLine>
            <TextLine id="r2l7" custom="readingOrder {index:6;}">
                <Coords points="2112,1271 2964,1291 3007,1275 3007,1245 2112,1250"/>
                <Baseline points="2121,1270 2164,1270 2208,1270 2252,1271 2296,1271 2340,1272 2383,1272 2427,1273 2471,1273 2515,1273 2559,1274 2602,1274 2646,1274 2690,1274 2734,1274 2778,1274 2821,1273 2865,1273 2909,1272 2953,1271 2997,1269"/>
                <TextEquiv>
                    <Unicode>zügen. Von Arthur Schnitzler. (Uraufführung im</Unicode>
                </TextEquiv>
            </TextLine>
            <TextLine id="r2l8" custom="readingOrder {index:7;}">
                <Coords points="2167,1344 2309,1320 2562,1355 2659,1321 2879,1335 2978,1311 2978,1289 2913,1277 2167,1278"/>
                <Baseline points="2176,1309 2215,1312 2255,1314 2294,1315 2334,1317 2374,1317 2413,1317 2453,1318 2492,1318 2532,1317 2572,1317 2611,1317 2651,1316 2690,1316 2730,1316 2770,1316 2809,1317 2849,1317 2888,1318 2928,1320 2968,1321"/>
                <TextEquiv>
                    <Unicode>Deutschen Volkstheater am 21. Dezember 1929.)</Unicode>
                </TextEquiv>
            </TextLine>
            <TextLine id="r2l9" custom="readingOrder {index:8;}">
                <Coords points="2081,1403 3040,1417 3056,1363 2610,1369 2526,1339 2372,1368 2081,1331"/>
                <Baseline points="2090,1388 2137,1389 2185,1390 2233,1391 2281,1392 2329,1393 2376,1393 2424,1394 2472,1394 2520,1395 2568,1395 2615,1395 2663,1395 2711,1395 2759,1395 2807,1395 2854,1395 2902,1395 2950,1395 2998,1395 3046,1395"/>
                <TextEquiv>
                    <Unicode>Wenn die Herren Stehkragen, Girardihüte oder den</Unicode>
                </TextEquiv>
            </TextLine>
            <TextLine id="r2l10" custom="readingOrder {index:9;}">
                <Coords points="2084,1459 3051,1459 3031,1412 2084,1409"/>
                <Baseline points="2093,1442 2140,1443 2187,1444 2235,1445 2282,1446 2330,1447 2377,1448 2424,1448 2472,1449 2519,1449 2567,1449 2614,1449 2661,1450 2709,1450 2756,1450 2804,1450 2851,1450 2898,1451 2946,1451 2993,1452 3041,1452"/>
                <TextEquiv>
                    <Unicode>Waffenrock, die Damen lange Kleider und lange Haare</Unicode>
                </TextEquiv>
            </TextLine>
            <TextLine id="r2l11" custom="readingOrder {index:10;}">
                <Coords points="2074,1511 3045,1533 3057,1447 2954,1476 2074,1476"/>
                <Baseline points="2084,1495 2132,1497 2180,1500 2228,1501 2276,1502 2324,1503 2372,1503 2421,1504 2469,1504 2517,1505 2565,1505 2613,1505 2661,1505 2709,1505 2758,1505 2806,1505 2854,1506 2902,1506 2950,1506 2998,1507 3047,1508"/>
                <TextEquiv>
                    <Unicode>tragen, wenn Gehälter in Gulden ausbezahlt werden,</Unicode>
                </TextEquiv>
            </TextLine>
            <TextLine id="r2l12" custom="readingOrder {index:11;}">
                <Coords points="2085,1562 3053,1562 2999,1521 2086,1516"/>
                <Baseline points="2095,1552 2142,1553 2189,1555 2237,1556 2284,1557 2332,1558 2379,1559 2427,1559 2474,1560 2522,1560 2569,1560 2616,1560 2664,1560 2711,1560 2759,1559 2806,1559 2854,1559 2901,1558 2949,1558 2996,1557 3044,1557"/>
                <TextEquiv>
                    <Unicode>Gymnasiasten aus Griechisch durchfallen können, Ka¬</Unicode>
                </TextEquiv>
            </TextLine>
            <TextLine id="r2l13" custom="readingOrder {index:12;}">
                <Coords points="2077,1621 2970,1638 3063,1629 3063,1564 2077,1580"/>
                <Baseline points="2087,1610 2135,1611 2183,1611 2231,1612 2280,1612 2328,1613 2376,1613 2425,1614 2473,1614 2521,1615 2570,1615 2618,1615 2666,1616 2714,1616 2763,1616 2811,1615 2859,1615 2908,1615 2956,1614 3004,1614 3053,1613"/>
                <TextEquiv>
                    <Unicode>pläne Botanik treiben und der Neubau eines Theaters</Unicode>
                </TextEquiv>
            </TextLine>
            <TextLine id="r2l14" custom="readingOrder {index:13;}">
                <Coords points="2065,1688 2979,1694 3055,1656 3055,1626 2065,1628"/>
                <Baseline points="2074,1675 2122,1675 2171,1675 2219,1675 2268,1674 2317,1674 2365,1674 2414,1674 2462,1674 2511,1674 2560,1674 2608,1674 2657,1674 2705,1673 2754,1673 2803,1672 2851,1672 2900,1671 2948,1670 2997,1669 3046,1668"/>
                <TextEquiv>
                    <Unicode>seinen Giebelfries mit dem Triumphzug des Dionysos</Unicode>
                </TextEquiv>
            </TextLine>
            <TextLine id="r2l15" custom="readingOrder {index:14;}">
                <Coords points="2074,1748 2970,1744 3052,1696 2073,1688"/>
                <Baseline points="2082,1730 2130,1730 2178,1729 2226,1729 2274,1730 2322,1730 2370,1730 2418,1730 2466,1731 2514,1731 2562,1731 2610,1731 2658,1731 2706,1731 2754,1731 2802,1730 2850,1729 2898,1728 2946,1726 2994,1724 3042,1722"/>
                <TextEquiv>
                    <Unicode>schmückt — dann offenbar umgibt uns eine halkyo¬</Unicode>
                </TextEquiv>
            </TextLine>
            <TextLine id="r2l16" custom="readingOrder {index:15;}">
                <Coords points="2065,1796 2986,1792 3047,1777 3047,1734 2065,1747"/>
                <Baseline points="2075,1780 2123,1781 2171,1781 2219,1781 2267,1782 2315,1782 2363,1782 2411,1782 2459,1782 2507,1783 2556,1782 2604,1782 2652,1782 2700,1782 2748,1781 2796,1781 2844,1780 2892,1779 2940,1778 2988,1776 3037,1775"/>
                <TextEquiv>
                    <Unicode>nische Vergangenheit oder Vorvergangenheit, die be¬</Unicode>
                </TextEquiv>
            </TextLine>
            <TextLine id="r2l17" custom="readingOrder {index:16;}">
                <Coords points="2067,1855 3017,1854 3051,1838 3050,1773 2963,1804 2066,1795"/>
                <Baseline points="2076,1837 2124,1838 2172,1840 2220,1840 2269,1841 2317,1841 2365,1841 2414,1841 2462,1840 2510,1840 2559,1839 2607,1838 2655,1838 2703,1836 2752,1836 2800,1835 2848,1834 2897,1833 2945,1833 2993,1833 3042,1832"/>
                <TextEquiv>
                    <Unicode>kannte moderne Pastorale, in der, wie Schnitzler uns</Unicode>
                </TextEquiv>
            </TextLine>
            <TextLine id="r2l18" custom="readingOrder {index:17;}">
                <Coords points="2071,1899 2886,1914 3044,1879 3044,1842 2072,1852"/>
                <Baseline points="2081,1890 2128,1889 2176,1889 2224,1889 2271,1889 2319,1889 2367,1890 2414,1890 2462,1890 2510,1890 2558,1890 2605,1891 2653,1891 2701,1891 2748,1891 2796,1891 2844,1891 2891,1891 2939,1891 2987,1891 3035,1890"/>
                <TextEquiv>
                    <Unicode>wieder einmal glauben machen könnte, abgesehen von</Unicode>
                </TextEquiv>
            </TextLine>
            <TextLine id="r2l19" custom="readingOrder {index:18;}">
                <Coords points="2077,1956 3031,1968 3045,1891 2077,1919"/>
                <Baseline points="2086,1946 2133,1945 2180,1944 2228,1944 2275,1944 2323,1944 2370,1944 2418,1945 2465,1945 2513,1946 2560,1946 2607,1946 2655,1947 2702,1947 2750,1947 2797,1947 2845,1946 2892,1945 2940,1944 2987,1943 3035,1941"/>
                <TextEquiv>
                    <Unicode>ein bißchen Kunst nur eines zog, nur eines wog, nur</Unicode>
                </TextEquiv>
            </TextLine>
            <TextLine id="r2l20" custom="readingOrder {index:19;}">
                <Coords points="2063,2011 3005,2017 3049,1989 3049,1946 2380,1973 2063,1951"/>
                <Baseline points="2073,1999 2121,2000 2169,2000 2217,2000 2266,2001 2314,2001 2362,2001 2411,2001 2459,2002 2507,2002 2556,2002 2604,2002 2652,2001 2700,2001 2749,2001 2797,2000 2845,2000 2894,1999 2942,1998 2990,1996 3039,1995"/>
                <TextEquiv>
                    <Unicode>eines das Leben erfüllte und bis zum Überfließen, nur</Unicode>
                </TextEquiv>
            </TextLine>
            <TextLine id="r2l21" custom="readingOrder {index:20;}">
                <Coords points="2069,2063 3051,2062 3051,2022 2920,2004 2069,2020"/>
                <Baseline points="2078,2052 2126,2053 2174,2054 2222,2054 2270,2055 2318,2055 2366,2055 2415,2054 2463,2054 2511,2054 2559,2054 2607,2054 2655,2053 2703,2053 2752,2053 2800,2053 2848,2053 2896,2054 2944,2054 2992,2055 3041,2056"/>
                <TextEquiv>
                    <Unicode>eines das Leben lohnte und auch den Tod: die Liebe,</Unicode>
                </TextEquiv>
            </TextLine>
            <TextLine id="r2l22" custom="readingOrder {index:21;}">
                <Coords points="2074,2118 3052,2103 3052,2061 2074,2060"/>
                <Baseline points="2084,2109 2132,2108 2180,2107 2228,2107 2276,2106 2324,2106 2372,2106 2420,2106 2468,2106 2516,2107 2564,2107 2612,2107 2660,2107 2708,2106 2756,2106 2804,2106 2852,2105 2900,2104 2948,2103 2996,2101 3044,2100"/>
                <TextEquiv>
                    <Unicode>nein das Lieben. Wie auf einer Tapete späten Mittel¬</Unicode>
                </TextEquiv>
            </TextLine>
            <TextLine id="r2l23" custom="readingOrder {index:22;}">
                <Coords points="2070,2174 2352,2177 2387,2152 2691,2187 2877,2151 2982,2177 3049,2154 3049,2123 2070,2133"/>
                <Baseline points="2079,2162 2127,2162 2175,2161 2223,2161 2271,2161 2319,2161 2367,2161 2415,2161 2463,2161 2511,2161 2559,2162 2607,2162 2655,2162 2703,2162 2751,2162 2799,2161 2847,2161 2895,2160 2943,2159 2991,2158 3040,2156"/>
                <TextEquiv>
                    <Unicode>alters oder bei einem Petrarchisten ein richtiger</Unicode>
                </TextEquiv>
            </TextLine>
            <TextLine id="r2l24" custom="readingOrder {index:23;}">
                <Coords points="2071,2226 3051,2229 3033,2173 2859,2161 2662,2188 2071,2173"/>
                <Baseline points="2080,2216 2128,2216 2176,2216 2224,2216 2272,2215 2320,2215 2368,2215 2416,2215 2464,2214 2512,2214 2561,2214 2609,2214 2657,2213 2705,2213 2753,2213 2801,2213 2849,2213 2897,2213 2945,2212 2993,2212 3042,2213"/>
                <TextEquiv>
                    <Unicode>Triumph des Liebesgottes, hinter dessen Wagen die</Unicode>
                </TextEquiv>
            </TextLine>
            <TextLine id="r2l25" custom="readingOrder {index:24;}">
                <Coords points="2073,2284 3022,2284 3059,2230 2073,2238"/>
                <Baseline points="2083,2271 2131,2271 2179,2272 2227,2272 2276,2272 2324,2272 2372,2272 2421,2271 2469,2271 2517,2270 2566,2270 2614,2269 2662,2268 2710,2268 2759,2267 2807,2267 2855,2267 2904,2266 2952,2266 3000,2266 3049,2267"/>
                <TextEquiv>
                    <Unicode>Gefangenen einherschreiten, liebend und geliebt,</Unicode>
                </TextEquiv>
            </TextLine>
            <TextLine id="r2l26" custom="readingOrder {index:25;}">
                <Coords points="2062,2320 2103,2344 2949,2336 3046,2324 3046,2283 2061,2288"/>
                <Baseline points="2071,2327 2119,2327 2167,2326 2215,2325 2264,2325 2312,2324 2360,2324 2408,2323 2457,2323 2505,2323 2553,2322 2601,2322 2650,2322 2698,2322 2746,2322 2794,2322 2843,2322 2891,2322 2939,2322 2987,2322 3036,2323"/>
                <TextEquiv>
                    <Unicode>liebenswert und liebenswürdig, wohlbekannt und den¬</Unicode>
                </TextEquiv>
            </TextLine>
            <TextLine id="r2l27" custom="readingOrder {index:26;}">
                <Coords points="2075,2384 3003,2391 3044,2384 3045,2321 2075,2337"/>
                <Baseline points="2085,2379 2132,2377 2180,2376 2227,2376 2275,2375 2322,2375 2370,2375 2417,2376 2465,2376 2512,2377 2560,2377 2608,2378 2655,2378 2703,2379 2750,2379 2798,2379 2845,2379 2893,2378 2940,2377 2988,2376 3036,2374"/>
                <TextEquiv>
                    <Unicode>noch neu, kreuz und quer durch Rosenketten so leicht</Unicode>
                </TextEquiv>
            </TextLine>
            <TextLine id="r2l28" custom="readingOrder {index:27;}">
                <Coords points="2068,2455 2552,2432 2912,2455 3044,2430 3044,2389 2274,2405 2175,2378 2068,2407"/>
                <Baseline points="2078,2438 2125,2437 2173,2437 2221,2436 2269,2435 2317,2434 2365,2434 2413,2433 2461,2433 2509,2432 2557,2432 2604,2431 2652,2431 2700,2430 2748,2430 2796,2430 2844,2430 2892,2430 2940,2430 2988,2430 3036,2430"/>
                <TextEquiv>
                    <Unicode>gefesselt, daß es nur eines Rucks bedarf und alte Bin¬</Unicode>
                </TextEquiv>
            </TextLine>
            <TextLine id="r2l29" custom="readingOrder {index:28;}">
                <Coords points="2070,2500 3047,2502 3046,2451 2994,2442 2070,2455"/>
                <Baseline points="2079,2491 2129,2489 2179,2488 2230,2487 2280,2486 2331,2486 2381,2485 2432,2485 2482,2485 2533,2485 2583,2485 2634,2485 2684,2485 2735,2485 2785,2485 2836,2485 2886,2485 2937,2485 2987,2484 3038,2484"/>
                <TextEquiv>
                    <Unicode>dungen fallen, um durch neue ersetzt zu werden. Zu</Unicode>
                </TextEquiv>
            </TextLine>
            <TextLine id="r2l30" custom="readingOrder {index:29;}">
                <Coords points="2061,2542 2446,2569 2699,2535 3051,2550 3051,2507 2950,2490 2061,2510"/>
                <Baseline points="2071,2545 2119,2545 2168,2545 2216,2545 2265,2544 2313,2544 2362,2543 2410,2543 2459,2542 2507,2542 2556,2541 2604,2540 2653,2540 2701,2539 2750,2539 2798,2538 2847,2538 2895,2537 2944,2537 2992,2537 3041,2537"/>
                <TextEquiv>
                    <Unicode>solch einem Ruck genügt schon das von dem pretiösen</Unicode>
                </TextEquiv>
            </TextLine>
            <TextLine id="r2l31" custom="readingOrder {index:30;}">
                <Coords points="2066,2597 3059,2612 3059,2549 2066,2568"/>
                <Baseline points="2076,2597 2124,2596 2173,2594 2222,2593 2270,2593 2319,2592 2368,2592 2416,2592 2465,2592 2514,2592 2563,2592 2611,2593 2660,2593 2709,2593 2757,2594 2806,2594 2855,2594 2903,2594 2952,2594 3001,2593 3050,2593"/>
                <TextEquiv>
                    <Unicode>Titel unterstrichene Spiel der Sommerlüfte; wenn</Unicode>
                </TextEquiv>
            </TextLine>
            <TextLine id="r2l32" custom="readingOrder {index:31;}">
                <Coords points="2069,2665 3059,2658 3058,2613 3021,2604 2069,2609"/>
                <Baseline points="2078,2652 2126,2651 2175,2651 2223,2650 2272,2650 2321,2649 2369,2649 2418,2649 2466,2649 2515,2649 2564,2649 2612,2649 2661,2649 2709,2649 2758,2649 2807,2649 2855,2648 2904,2648 2952,2648 3001,2647 3050,2646"/>
                <TextEquiv>
                    <Unicode>hier der Sturm der Leidenschaften wüten will, gleich</Unicode>
                </TextEquiv>
            </TextLine>
            <TextLine id="r2l33" custom="readingOrder {index:32;}">
                <Coords points="2070,2720 3000,2726 3051,2672 2070,2675"/>
                <Baseline points="2080,2707 2128,2706 2176,2705 2224,2704 2272,2704 2320,2703 2368,2703 2416,2703 2464,2703 2512,2703 2560,2704 2608,2704 2656,2704 2704,2704 2752,2704 2800,2704 2848,2703 2896,2703 2944,2702 2992,2701 3041,2699"/>
                <TextEquiv>
                    <Unicode>wird auch er zu solchem Spiel der Sommerlüfte abge¬</Unicode>
                </TextEquiv>
            </TextLine>
            <TextLine id="r2l34" custom="readingOrder {index:33;}">
                <Coords points="2065,2780 3051,2765 3051,2726 2880,2713 2065,2715"/>
                <Baseline points="2075,2760 2123,2759 2171,2759 2220,2759 2268,2758 2316,2758 2365,2758 2413,2758 2461,2757 2510,2757 2558,2757 2606,2757 2655,2757 2703,2757 2751,2757 2800,2757 2848,2757 2896,2757 2945,2757 2993,2758 3042,2758"/>
                <TextEquiv>
                    <Unicode>dämpft. Und Sitte und Gesetz und Sittengesetz, zwar</Unicode>
                </TextEquiv>
            </TextLine>
            <TextLine id="r2l35" custom="readingOrder {index:34;}">
                <Coords points="2078,2819 3017,2830 3052,2822 3052,2761 2077,2776"/>
                <Baseline points="2086,2817 2133,2816 2181,2815 2229,2815 2277,2814 2325,2814 2372,2813 2420,2813 2468,2813 2516,2813 2564,2812 2611,2812 2659,2812 2707,2811 2755,2811 2803,2811 2850,2810 2898,2810 2946,2809 2994,2809 3042,2808"/>
                <TextEquiv>
                    <Unicode>mit großen Fragezeichen versehen, schneiden diesmal</Unicode>
                </TextEquiv>
            </TextLine>
            <TextLine id="r2l36" custom="readingOrder {index:35;}">
                <Coords points="2072,2878 3062,2868 3062,2838 2970,2814 2072,2834"/>
                <Baseline points="2081,2868 2129,2869 2178,2869 2226,2870 2275,2870 2324,2870 2372,2869 2421,2869 2469,2869 2518,2868 2567,2867 2615,2867 2664,2866 2712,2866 2761,2865 2810,2865 2858,2865 2907,2865 2955,2866 3004,2867 3053,2868"/>
                <TextEquiv>
                    <Unicode>erheblich besser ab, als wohl sonst bei Schnitzler. Mag</Unicode>
                </TextEquiv>
            </TextLine>
            <TextLine id="r2l37" custom="readingOrder {index:36;}">
                <Coords points="2073,2931 3004,2939 3064,2894 2072,2881"/>
                <Baseline points="2082,2924 2130,2923 2179,2922 2227,2921 2276,2921 2325,2920 2373,2920 2422,2920 2470,2920 2519,2920 2568,2920 2616,2920 2665,2920 2713,2920 2762,2920 2811,2920 2859,2920 2908,2919 2956,2919 3005,2918 3054,2917"/>
                <TextEquiv>
                    <Unicode>die betreffende Erörterung sich auch etwas lang ge¬</Unicode>
                </TextEquiv>
            </TextLine>
            <TextLine id="r2l38" custom="readingOrder {index:37;}">
                <Coords points="2077,2993 3065,2978 3065,2930 2442,2926 2206,2958 2077,2928"/>
                <Baseline points="2087,2978 2135,2979 2183,2979 2232,2979 2280,2978 2329,2978 2377,2978 2426,2977 2474,2977 2523,2976 2571,2975 2619,2975 2668,2974 2716,2974 2765,2973 2813,2973 2862,2972 2910,2972 2959,2972 3007,2972 3056,2972"/>
                <TextEquiv>
                    <Unicode>stalten, sie liegt auf so hoher Ebene, daß wir ihrer</Unicode>
                </TextEquiv>
            </TextLine>
            <TextLine id="r2l39" custom="readingOrder {index:38;}">
                <Coords points="2069,3036 3005,3047 3070,3030 3070,2994 2069,3003"/>
                <Baseline points="2079,3035 2128,3033 2177,3031 2226,3030 2275,3029 2324,3028 2373,3028 2422,3027 2471,3027 2520,3027 2570,3027 2619,3027 2668,3027 2717,3028 2766,3028 2815,3028 2864,3028 2913,3028 2962,3027 3011,3027 3061,3026"/>
                <TextEquiv>
                    <Unicode>nicht entraten möchten und den erotischen Reigen</Unicode>
                </TextEquiv>
            </TextLine>
            <TextLine id="r2l40" custom="readingOrder {index:39;}">
                <Coords points="2077,3102 3007,3096 3073,3053 2076,3044"/>
                <Baseline points="2085,3093 2136,3090 2188,3088 2239,3087 2291,3085 2342,3084 2394,3083 2445,3083 2497,3082 2548,3082 2600,3082 2651,3082 2703,3082 2754,3082 2806,3082 2857,3082 2909,3082 2960,3082 3012,3082 3064,3081"/>
                <TextEquiv>
                    <Unicode>gerne durch christliche und durch weltliche Resignation</Unicode>
                </TextEquiv>
            </TextLine>
            <TextLine id="r2l41" custom="readingOrder {index:40;}">
                <Coords points="2084,3154 3014,3158 3066,3145 3066,3111 2083,3103"/>
                <Baseline points="2092,3144 2140,3142 2188,3141 2236,3140 2284,3139 2333,3138 2381,3137 2429,3137 2477,3136 2525,3136 2574,3135 2622,3135 2670,3135 2718,3135 2766,3135 2815,3136 2863,3136 2911,3136 2959,3137 3007,3138 3056,3138"/>
                <TextEquiv>
                    <Unicode>ergänzt sehen. Überraschungen freilich hat das anmutige</Unicode>
                </TextEquiv>
            </TextLine>
            <TextLine id="r2l42" custom="readingOrder {index:41;}">
                <Coords points="2070,3191 3060,3203 3059,3155 2990,3146 2504,3147 2463,3173 2390,3142 2070,3152"/>
                <Baseline points="2079,3194 2127,3194 2176,3194 2224,3193 2273,3193 2322,3193 2370,3192 2419,3192 2467,3192 2516,3191 2565,3191 2613,3191 2662,3191 2710,3191 2759,3191 2808,3191 2856,3191 2905,3191 2953,3191 3002,3191 3051,3192"/>
                <TextEquiv>
                    <Unicode>Spiel nicht zu bieten, es wäre denn die, daß die Hand</Unicode>
                </TextEquiv>
            </TextLine>
            <TextLine id="r2l43" custom="readingOrder {index:42;}">
                <Coords points="2078,3266 2900,3273 3067,3242 3067,3205 2077,3218"/>
                <Baseline points="2087,3247 2135,3248 2184,3249 2232,3250 2281,3250 2329,3250 2378,3249 2426,3249 2475,3248 2523,3247 2572,3246 2621,3245 2669,3244 2718,3244 2766,3243 2815,3242 2863,3242 2912,3242 2960,3242 3009,3243 3058,3244"/>
                <TextEquiv>
                    <Unicode>seines Schöpfers noch immer mit alter Leichtigkeit und</Unicode>
                </TextEquiv>
            </TextLine>
            <TextLine id="r2l44" custom="readingOrder {index:43;}">
                <Coords points="2070,3314 2142,3333 2370,3308 2399,3324 2540,3308 2594,3325 2620,3319 2619,3263 2326,3257 2298,3271 2222,3254 2190,3274 2153,3258 2069,3271"/>
                <Baseline points="2080,3304 2106,3306 2133,3307 2159,3307 2186,3308 2212,3308 2239,3307 2265,3307 2292,3306 2318,3305 2345,3304 2371,3303 2398,3302 2424,3301 2451,3299 2477,3299 2504,3298 2530,3297 2557,3296 2583,3296 2610,3296"/>
                <TextEquiv>
                    <Unicode>Sicherheit gestaltet und lenkt.</Unicode>
                </TextEquiv>
            </TextLine>
            <TextLine id="r2l45" custom="readingOrder {index:44;}">
                <Coords points="2609,3364 2798,3357 2820,3368 2854,3355 2971,3367 3021,3339 3042,3346 3042,3311 3016,3304 2908,3324 2872,3305 2669,3314 2610,3295"/>
                <Baseline points="2619,3348 2644,3350 2670,3350 2696,3351 2722,3352 2748,3352 2774,3352 2800,3353 2826,3352 2851,3352 2877,3352 2903,3352 2929,3352 2955,3351 2981,3351 3007,3351 3033,3350"/>
                <TextEquiv>
                    <Unicode>Robert F. Arnold</Unicode>
                </TextEquiv>
            </TextLine>
            <TextEquiv>
                <Unicode>34
Aussehit aus.
1e Lterstur, Stuttgart
Nr. 5
vom:
„Im Spiel der Sommerlüfte.“ In drei Auf¬
zügen. Von Arthur Schnitzler. (Uraufführung im
Deutschen Volkstheater am 21. Dezember 1929.)
Wenn die Herren Stehkragen, Girardihüte oder den
Waffenrock, die Damen lange Kleider und lange Haare
tragen, wenn Gehälter in Gulden ausbezahlt werden,
Gymnasiasten aus Griechisch durchfallen können, Ka¬
pläne Botanik treiben und der Neubau eines Theaters
seinen Giebelfries mit dem Triumphzug des Dionysos
schmückt — dann offenbar umgibt uns eine halkyo¬
nische Vergangenheit oder Vorvergangenheit, die be¬
kannte moderne Pastorale, in der, wie Schnitzler uns
wieder einmal glauben machen könnte, abgesehen von
ein bißchen Kunst nur eines zog, nur eines wog, nur
eines das Leben erfüllte und bis zum Überfließen, nur
eines das Leben lohnte und auch den Tod: die Liebe,
nein das Lieben. Wie auf einer Tapete späten Mittel¬
alters oder bei einem Petrarchisten ein richtiger
Triumph des Liebesgottes, hinter dessen Wagen die
Gefangenen einherschreiten, liebend und geliebt,
liebenswert und liebenswürdig, wohlbekannt und den¬
noch neu, kreuz und quer durch Rosenketten so leicht
gefesselt, daß es nur eines Rucks bedarf und alte Bin¬
dungen fallen, um durch neue ersetzt zu werden. Zu
solch einem Ruck genügt schon das von dem pretiösen
Titel unterstrichene Spiel der Sommerlüfte; wenn
hier der Sturm der Leidenschaften wüten will, gleich
wird auch er zu solchem Spiel der Sommerlüfte abge¬
dämpft. Und Sitte und Gesetz und Sittengesetz, zwar
mit großen Fragezeichen versehen, schneiden diesmal
erheblich besser ab, als wohl sonst bei Schnitzler. Mag
die betreffende Erörterung sich auch etwas lang ge¬
stalten, sie liegt auf so hoher Ebene, daß wir ihrer
nicht entraten möchten und den erotischen Reigen
gerne durch christliche und durch weltliche Resignation
ergänzt sehen. Überraschungen freilich hat das anmutige
Spiel nicht zu bieten, es wäre denn die, daß die Hand
seines Schöpfers noch immer mit alter Leichtigkeit und
Sicherheit gestaltet und lenkt.
Robert F. Arnold</Unicode>
            </TextEquiv>
        </TextRegion>
    </Page>
</PcGts>
