3296 4320
1767 179 2299 288 box 34/4
1136 193 1232 257 m I
156 193 1695 298 31. Im Spiel der Sonserlnefte
679 1651 1691 1728 Im Deutschen Volkstheater ging als
1712 1678 2821 1747 die ein reizendes natürliches Ding, Männer belügt und
582 1688 1693 1771 Weihnachtspremiere das jüngste Bühnenwerk Arthur
1711 1722 2825 1795 betrügt, ohne daß man es ihr im geringsten übel¬
587 1729 1687 1819 Schnitzlers „Im Spiel der Sommerlüfte“
1702 1783 2824 1845 nehmen kann, sind zwei Gestalten, die nur die Hand Arthur
580 1776 1702 1863 in Szene. Da der Feiertage wegen der Blattschluß vor¬
1705 1810 2813 1874 Schnitzlers so zeichnen konnte. Lebenswahr auch die
575 1831 1703 1907 verlegt wurde, mußten diese Zeilen nach den in der
1705 1860 2814 1937 Figur des siebzehnjährigen Eduard, dessen Herz zwischen
578 1871 1698 1951 Generalprobe gewonnenen Eindrücken geschrieben werden.
1710 1904 2813 1979 dem Mädel, der Botanik und dem erwachsenen Freund
581 1914 1690 1995 Eine kleine Villa in einer Sommerfrische nächst Wien.
1701 1949 2817 2023 ehrlich geteilt ist. Die Aufführung (Regie Dr. Beer)
573 1957 1687 2042 Der Bildhauer Friedlein, der von hier aus täglich zu
1703 1992 2809 2067 war eine äußerst würdige, Alexander Moissi verbraucht
568 2004 1687 2083 seiner Arbeit in die Stadt fahren kann, bewohnt sie mit
1706 2035 2809 2113 diesmal vielleicht zu viel Pathos, manches ließe sich auch
573 2061 1698 2127 Frau, Sohn und einem reizenden Logiergast, einer Nichte,
1697 2081 2817 2155 einfacher und dadurch eindringlicher sagen. Frau
588 2103 2827 2213 ie Schauspielerin ist. Die Tage und Nächte sind schwül, Terwin findet als leicht eifersüchtige Gattin einen
1941 2600 2510 2674 Appereten und allen Platten
1669 2731 2794 2805 besseren Ton als dort, wo sie tief sein will, die Gusti
1681 2786 2803 2841 wird von Louise Ullrich sehr lieb dargestellt, Tonio
1675 2836 2800 2902 Riedl ist ein netter „junger Mann“. Sehr gut in
1676 2877 2798 2950 einer Episodenrolle als Leutnant Hans Olden, nur
1682 2927 2552 3001 Herr Rantho schien nicht ganz am Platz.
2575 2962 2790 3037 rw. p.
1753 2995 2054 3090 9
