3436 4192
1870 162 2357 274 box 34/4
224 186 1757 313 31. Im Spielder SomnerLnefte
781 788 1969 889 Urteils über politische Fragen Laben hoch mieh
1949 809 3029 905 was immer mit schweren Krisen verbund.
775 854 1967 930 jenen Grad erreicht, der nolwendig wäre, um
768 861 3122 983 die volle Sicherheit zu bieten, daß die großen Mas- Pund unter Umständen zu einer Schädigung der
1939 937 3120 994 höchsten Interessen der Nation führen kann. Die
125 912 736 1027 nyi üddlés
774 945 1954 1028 sen der Wählerschaft den schillernden demagogi¬
1945 982 3130 1056 Demagogie, die durch die öffentliche Abstimmung
777 997 1950 1060 schen Schlagwörtern Widerstand leisten und deren
1938 1026 3126 1095 eine Zeitlang vielleicht tatsächlich im Zaum ge¬
116 995 749 1125 kszigeten!
769 1045 1950 1140 Leere und Durchführbarkeit selbst erkennen wer¬
1943 1072 3130 1152 halten wird, kann dann plötzlich die Herrschaft an
786 1087 1956 1165 den, ohne ihnen auf den Leim zu gehen. Solange
103 1100 546 1171 Edn-Szanatörium
1941 1128 3122 1195 sich reißen und sich auf der ganzen Linie aus
111 1132 762 1227 anos allerem es kävdhäz
781 1142 1958 1204 die breiten Massen der ungarischen Wählerschaft in
1952 1163 3143 1260 toben. Auch dies sind ernste Erwägungen, die
770 1190 1955 1251 Idieser Hinsicht nicht größere Sicherheit gewähren,
120 1202 748 1290 5 utöidény- drak!
739 1232 2929 1318 +als das heute der Fall ist, ist es wichtig, daß sie] Beachtung verdienen und patriotisch sind.
123 1360 3126 1420 en Leben und Tod eines Ge¬ Höhe hinter diesem galanten Lustschlößchen von Zeit und den Willen besaß, in die Rätzel des eigenen
1955 1380 3132 1440 Ich hinabzutauchen. Auch der Lieblingsschauplatz
782 1386 1962 1461 einst ein verschollener Garten — Livellen spielen
132 1405 793 1479 schenspiel“). Oder es leuch¬
1959 1436 3128 1498 aller Schnitzler-Stücke, der Garten, ist wieder ge¬
785 1431 1958 1513 um den Weiher, die bourbenische Lilie ist 5 den
139 1461 792 1535 henen Worten noch einmal
1957 1467 3137 1534 wählt, einer dieser verhangenen Gärten, in denen
782 1491 1959 1563 Stein gegraben —, ist hier nicht der junge ier-
136 1489 793 1587 hauf („Komödie der
1955 1527 3135 1584 verhangene Gedanken verhangener Seelen in dieser
783 1530 1960 1624 dus“, unbesorgt um die klälfenden Hunde, ze der
1934 1568 3144 1650 wunderbaren hinschwebenden Sprache Schnitzlers
790 1593 1599 1661 schönen, stolzen Helene gestürmt?
1956 1616 2328 1706 tönend werder
872 1599 1964 1692 Hier auf meinem Weg, den Ausläufern des
123 1616 799 1698 of, um den es schnitzlerisch
2058 1647 3138 1750 Was ereiguet sich nun in diesem Garten zwi¬
790 1675 1960 1744 Wienerwaldes — muß ich immer Schnitzlers geden¬
138 1689 803 1761 lick — da die Sonne jäh den
1959 1725 3128 1781 schen diesen sieben Menschen, die wir alle zu ken¬
786 1722 1956 1814 ken, weil er ein letzter, des Endes bewußter, heiter¬
165 1739 796 1813 — lichtere Gärten. Ja, Gärten
1958 1768 3146 1847 nen glauben. Dieser alternde Professor, der in der
788 1774 1961 1843 melancholischer Klang dieser Heimat ist, ein Aus¬
126 1787 798 1847 nern von der Stadt herüber.
1961 1823 3141 1882 Stadt Geschäften und — wer weiß — verhehl¬
788 1815 1969 1898 läufer Grillparzers und Raimunds, und der Beginn
179 1831 803 1900 in dieses Dichters Werk.
1959 1868 3147 1941 ten Abenteuern nachgcht, dieses junge Mädchen,
792 1872 1961 1939 eines noch ungewissen Neuen. Ich stelle mir vor,
133 1869 794 1950 es Lyrischen über ih: wie
1959 1918 3140 1985 das, für die Bühne bestimmt, schon vorher nicht nur
788 1908 1958 1996 daß einmal aus der „Liebelei“ künftigen Geschlech¬
148 1917 795 1998 seinen Bergen dramatisch
1960 1966 3147 2038 die grande passion, sondern auch die leichtesten
796 1962 1959 2041 tern eine zarle Erinnerung steigen wird, wie sie fur
151 1983 790 2051 Sankt Stefan. der Stadt¬
1962 2017 3146 2084 Liebeleien erlebt, diese reife Frau, in der noch ein¬
794 2021 1953 2080 uns jetzt aus Schuberts Liedern steigt, und daß man
136 2034 801 2088 heimer und die Christine, sie
1956 2052 3151 2139 mal die Sinne ausglühen, die alles Glück, oder was
791 2061 1958 2120 den Herrn von Sala wie ein fernes, verblaßtes Ahnen¬
189 2057 795 2145 m schmiedeisernen Gitter:
794 2121 1904 2183 bild, nicht ohne leise Trauer, betrachten wird.
1960 2113 3149 2169 rnan so nennt, an sich reißen möchte — dieser
145 2113 796 2199 ie die Schwäne — zeitlos wie
1970 2163 3150 2230 junge Mensch, der vor der Matura schon alles letzte
153 2172 754 2257 durch diese Jugend vog —
1972 2208 3134 2278 Wissen um das Menschliche, allzu Menschliche ge¬
875 2193 1967 2281 Die neue Komödie Schnitzlers: „Im Spiel der
1972 2244 3148 2326 wonnen hat —, kennt man nicht diesen Gestalten¬
781 2263 1970 2362 Sommerlüfte“ — sie geht in den nächsten Stunden
1963 2299 3144 2387 reigen aus den früheren Werken Schnitzlers? Aber
133 2289 798 2386 ann in die Cottagegärten ge¬
801 2316 1971 2388 am Wiener Deutschen Volkstheater in Szene — ist
1959 2357 3150 2435 dennoch hieße es, ihn verkennen, würde man nicht
138 2356 807 2423 n spekulativer sind — auch
799 2363 1973 2434 aus dieser Sphäre, die ich mit den Farben des
1974 2401 2932 2487 sagen: er ist hier schöpferisch neu belebt.
108 2397 795 2474 eite Land“. Und über diese
802 2408 1931 2477 Dichters, Aquarellfarben, zu schattieren versuchte.
2048 2429 3147 2507 Diese Figuren werden nicht durch ein großes
143 2454 808 2522 on einem anderen Friedhof
895 2465 1971 2530 Es ist eine Komödie Artur Schnitzlers, dieses
1961 2493 3150 2556 Schicksal, sondern nur durch die spielenden Launen
147 2499 813 2572 Herzl begraben ist, Schatten
809 2503 1975 2580 großen Ergründers und subtilen Malers — nicht
1972 2539 3149 2614 des Blutes und der Sommerlüfte bewegt. Ein Spiel
145 2552 803 2625 a.genheit, und sie verdichte
807 2547 1977 2625 bloß der österreichischen, sondern der darin
1974 2591 3144 2670 ist hier alles, nach der Frage im Faust: „Sind wir
146 2594 800 2675 schmerzlich ironischen und
793 2595 1971 2690 blühenden seelischen Landschaft — und so ist er
1962 2646 3146 2711 ein Spiel von jedem Druck der Luft?“ und nach
134 2636 810 2723 den Gestalten um den „Weg
802 2651 1972 2719 auch hier ein solcher Aqussellist des Dramas,
147 2685 816 2766 ind andere Gärten in seinem
1972 2678 3145 2755 dem Wort Artur Schnitzlers selbst: „Wir spielen
801 2704 1971 2771 möchte man sagen, wie heute keiner neben ihm, in
136 2742 813 2817 adtgärten, durch die ver¬
1979 2746 2602 2818 alle, wer es weiß, ist klug.“
806 2748 1927 2837 Osterreich nicht und nicht in deutschen Landen.
134 2778 810 2853 ichkeiten, Trauerspiele zwi¬
902 2787 1982 2874 Die österreichische Landschaft, sie leuchtet und
150 2823 825 2912 r, dunkeln. Und ein Garten
2043 2826 3138 2908 Hier spielen aber die Menschen nicht — sie
808 2853 1977 2925 lebt auch über diesen Szenen, von der Hand eines
160 2885 814 2956 den eine stolz Entläuschte
1971 2898 3137 2968 werden nur, Schopenhauerisch gesprochen, vom Ge¬
818 2904 1977 2983 Meisters nachgeformt, der — man merkt es auch
163 2934 814 2990 rauscht — in Bologna sollen
1967 2941 3152 3028 nius der Gattung in buntes Geschehen gewirbelt, in
807 2958 1973 3036 diesmal — Zas irzlliche Skalpell geführt, bevor er
141 2984 813 3039 lem die süße Beatrice dem
1969 3013 2645 3088 mancherlei Schuld verstrickt.
810 3007 1211 3093 zur Feder grift.
130 3029 751 3101 i ihren Traum bekannte:
2054 3023 3149 3102 Eigentlich begegnet dies aber nur dem Gast des
907 3035 1980 3129 So läßt er auch diese Seelen- und Sinnen¬
145 3085 650 3150 Beatrice, nur ein Kind,
1969 3086 3150 3171 Professorenhauses, der jungen Schauspielerin Gusti
812 3101 1970 3184 komödie zwischen sieben Menschen in einem nie¬
158 3103 712 3186 e spielle, weil sie glänzte,
1972 3135 3148 3202 1 Pflegner, der Nichte des Professors und Bildhauers
809 3148 1979 3237 derösterreichischen Ortehen, es heißt Kirchau und
152 3175 735 3255 Seel', weil sie voll Rütsel“
1981 3188 3147 3252 Vinzenz Friedlein. Sie ist mit einem Arzt verlobt,
811 3205 1988 3286 ist irgendwo im Gebirge, ver sich gehen am Ende
145 3230 3151 3331 ühen diese Gärten nicht alle des vorigen Jahrhunderts, in der Zeit der Schnitzler-Taber diese bende, ohnedies von nicht sehr dauer¬
161 3264 3160 3397 WWeg? Ist nicht dort auf der menschen und Schnitzlerkonflikte, da man nochhafter Art, werden vom Spiel der Sommerlüfte zer¬
