3296 4320
191 198 354 288 31.
1848 185 2319 278 box 34/4
1212 209 1263 264 m
347 208 1699 292 ImSpiel der Sonderinefte
1579 524 2015 622 S
750 403 1418 643 Mu-Mim
769 835 2266 1001 Bühne, Podium, weiße Wand
1537 1012 2531 1096 sucht, Franz Massareck, der vie Figur des Ka¬
1537 1067 2527 1138 plans leider zu sehr verschönlicht, Franz Arz¬
790 1043 1269 1147 Österpremieren
1538 1117 2522 1181 dorf, der nur ein fescher Lentnant zu sein
695 1140 1360 1228 im Frankfurter Neuen Theater.
1538 1156 2524 1218 brauchte, und Harry Iust in einer recht glaub¬
1547 1203 2519 1265 haften Charakterstudie. Tatjana Sais sei bei
589 1215 1471 1292 1. Arthur Schnitzler: Im Spiel der
1550 1246 2528 1303 Gelegenheit dieses Stückes einmal bescheinigt, daß
842 1274 1249 1343 Sommerlüfte.
1548 1274 2534 1357 sie auch aus den kleinsten Rollen eine Gestalt zu
2366 1326 2529 1375 W. Th.
1552 1339 1828 1396 machen weiß.
593 1354 1529 1403 Dem dichterischen Vermögen Arhur Schnitzlers
548 1394 1529 1448 und den früheren Bezeugungen seines Dichter¬
553 1443 1527 1493 tums schuldet man Respekt. Aber das darf nicht
548 1482 1527 1538 dazu verleiten, in ein so mattes Alterswerk wie
552 1521 1538 1595 „Im Spiel der Sommerlüfte“ mehr hineinzusehen,
545 1569 1530 1618 als beim besten Willen darin zu finden ist. Daß
546 1595 1539 1676 eine alternde Frau sich aus Leben und die Be¬
547 1653 1537 1707 gierde zum Erleben klammert, daß auch ein gott¬
543 1693 1531 1748 geweihter Mensch seine Seelenkämpfe und Ver¬
545 1737 1525 1790 suchungen durchzumachen hat, daß Jugend trieb¬
554 1762 1540 1836 haft und bedenkenfrei ins Leben stürmt und daß
547 1817 1538 1874 auch gefeierte Künstler recht alltägliche und egoi¬
550 1862 1540 1921 stische Menschen sein können; mit diesen Tatsachen
562 1917 1533 1964 der Erfahrung ist gewiß die innere Tragik des
547 1942 1547 2016 Daseins, die Polarität von Leben und Tod, Liebe
560 2008 1535 2048 und Kampf, Erfüllung und Verzicht zu beweisen.
556 2039 1540 2087 Aber die Aufgabe des Dichters fängt erst an, wo
556 2087 1545 2138 Arthür Schnitzler aufgehört hat. Nur wenn das
561 2123 1536 2173 Bild des Lebens gültig und zwingend, wenn es
557 2173 1543 2221 Abbild der Wirklichkeit wird, wenn also das All¬
554 2206 1541 2256 tägliche nicht nur in seiner Bedeutung für die
561 2252 1543 2306 handelnden Menschen dargestellt, sondern für
564 2282 1546 2351 uns alle gedeutet erscheint, ist diese Auf¬
562 2331 1541 2389 gabe gelöst. Vor dem Schnitzlerschen Drama wird
554 2366 1541 2427 kein Zuschauer das Gefühl haben, daß seine
557 2414 1541 2481 Sache gespielt wird. Dieser Einwand zielt so gut
565 2458 1553 2512 auf das Künstlerische wie aufs Soziale. Nicht nur
561 2496 1545 2558 die versunkene und verfinlende Welt des Vor¬
561 2538 1552 2606 kriegsbürgertums, deren private Nöte und deren
570 2575 1559 2639 Lebensgefühl uns nichts mehr angehen, erschwert
558 2630 1551 2685 die Anteilnahme an der Handlung und den Men¬
561 2674 1550 2730 schen dieses Spiels. Arthur Schnitzler ist es ein¬
565 2707 1549 2774 fach nicht gelungen, jenes Interesse zu wecken,
561 2753 1551 2820 das beim Einsatz echter künstlerischer Mittel im¬
569 2806 1546 2860 mer herauskommt. Er hat das Stück Leben, das
573 2843 1559 2902 aus seinem Spiel herausleuchten sollte, nicht zu
568 2881 1554 2942 verdichten, zu gestalten und gütltig zu formulie¬
556 2921 1553 2994 Dren vermocht. Man komme uns nicht mit der be¬
573 2980 1555 3022 rühmten Schnitzlerschen Atmosphäre. Sie ist nicht
565 3001 1564 3062 da. Statt dessen ein Versuch, die Baualitäten des
561 3037 1564 3112 Daseins bedeutend und bedeutungsvoll erscheinen
570 3090 1555 3152 zu lassen. Geladenheit der Situationen und Ge¬
572 3128 1572 3195 halt der Worte vorzutäuschen, der an unfreiwillig
568 3174 1566 3233 komischen Wirkungen nicht vorbeikommt. Zumal
568 3218 1556 3285 er ganz äußerliche theatralische Mittel (das Ge¬
565 3254 1559 3326 witter) zu Hilfe nehmen muß und schon dadurch
570 3316 813 3377 verstimmt.
622 3343 1564 3399 Die Aufführung (Regie Arthur Hellmer)!
581 3388 1565 3452 zeigte ein im Ganzen erfolgreiches Bemühen um
570 3439 1552 3503 jenen Stil, in dessen Zeichen der echte Naturalis¬
584 3466 1572 3536 mus — und mit ihm der echte Schnitzler — die
573 3511 1569 3581 Bühne erobert hatte. Man chargierte allerdings
583 3564 1565 3615 mitunter etwas stark auf den Lustspielton hin, der
576 3605 1566 3659 nun einmal mit dem österreichischen Dialekt tra¬
584 3646 1565 3702 ditionell verbunden ist (so Marianne Hoppe,
576 3678 1557 3741 deren starkes Talent immer noch der nötigen Di¬
589 3717 1562 3789 sziplinierung entbebrt, in der Rolle der Gusti
581 3767 1567 3834 Pflegner). Ganz frei von solch gelegentlichen Ent¬
591 3824 1571 3875 gleisungen war nur Lydia Busch, deren schau¬
596 3858 1569 3922 spielerischer Intellekt sich wieder einmal in ganz
587 3899 1575 3960 reiner Form bewähren konnte. In den männ¬
582 3937 1572 3994 lichen Rollen: Karl Günther wie immer sehr
574 3973 1576 4062 geschickt u. routiniert, Hanz Stelzer, der immer
589 3997 1588 4092 mit erfreulich starkem Einsatz zu charakterisieren
