3392 4352
346 166 1279 225 zweihen unser ganzes Dasein. „Im (Spiel der
337 216 1285 266 sommerlüfte“ entscheide, sich das, was wir
336 247 1277 315 Flück oder Unglück nennen, wechselt Erfüllung
325 295 1292 355 un Verzicht, wandert die ewige Liebe in die
322 339 1289 400 ben so ewige Einsamkeit hinüber. „In Spiel
322 374 721 437 er Sommerlüfte“
821 387 1282 446 das ist Schnitzlers
328 418 596 472 Atmosphäre.
398 442 1278 520 Es ist mehr als ein zufälliges Si#d Es
326 496 1283 557 st, als wolle es die Zusammenfassung aller
320 549 1277 619 Schnitzlerdramen sein. Mit sehr bewuß er Ab¬
321 596 1276 643 icht sind sie alle wieder da, die Schnitzler¬
320 644 1270 699 jestalten — die Frau, die nicht vom Leben Ab¬
330 688 1282 730 chied nehmen will — der Künstler, in seinem
319 735 1271 789 die Masken wechselnden Egossmus und seiner
328 769 1279 832 ühlen Lebensferne — der Leutnani nichts als
319 811 1272 878 en schönes Stück zuckenden Fleisches — der um
313 859 1275 902 das Gewissen, um die Verantwortung, um die
310 911 1265 954 Erfüllung Got es im Irdischen kämpfende Mann
344 950 1275 1005 — der junge Arzt, ein eifersüchtiger Daneken¬
321 989 1205 1038 teher und bittergestimmter Durchschauer
318 1037 1271 1093 as junge Mädel, ins Leben hineinrennend,
324 1090 1274 1138 flückhaft nichts anderem gehorchend als seinem
321 1124 1280 1185 Zlut — der junge Bub. schon in den Wirbel
328 1166 1280 1237 es Lebens gerissen und noch halb seinen Spielen
331 1205 511 1270 ehörend.
394 1253 1262 1319 Mit bewußter Absich — ich sagte schon —
313 1292 1267 1371 ind sie alle wieder da — auch die Konflikte
327 1343 1265 1384 er Schnitzlerwelt: das „Zwischenspiel“ der
318 1379 1256 1426 sinne, „das weite Land“ stimmungshafter
320 1423 1254 1484 dämmerseelen, die „Komödie der Verführung“
316 1477 1262 1525 urch das Theater und das Abenteuer die
319 1518 1264 1564 „Komödie der Worte“ zwischen den Menschen,
312 1563 1271 1619 ie einander nie verstehen können auch in der
309 1606 1269 1654 jächsten Nähe nicht, der „Leutnan Gustl“ ewig
313 1652 1266 1708 wischen Duell und Triumph der Amouren
311 1700 1259 1753 tehend, „der einsame Weg“ der altgewordenen
306 1743 1277 1793 nttäuschten Puppenspieler mit dem Leben, „der
302 1778 1270 1838 Ruf des Lebens“ alles überbrausend mit seiner
308 1825 1273 1886 frausamen Gier das fliehende Leben in jeder
312 1875 1273 1931 Minute ganz zu besitzen, mit seiner fiebernden
307 1917 1134 1964 lngst, zu kurz oder zu spät zu kommen.
396 1951 1265 2004 Sie alle, die Menschen und ihre Schicksale,
303 2001 1260 2060 äß Schnitzler an sich vorbeiziehen. Er sitzt auf
297 2051 1262 2117 einer Bank, Laub mag auf ihn gefallen sein
309 2096 1260 2136 und ein wenig Sonne ihn wärmen. Der Reigen
310 2134 1263 2199 eines Lebens und seines Werkes tanzt in diesem
298 2179 1256 2238 Spiel von den Sommerlüften noch einmal an
300 2225 1259 2264 hm und an uns vorbei. Sie finden nicht zu¬
302 2277 1258 2329 unander, die Alternden — zu viel ist zwischen
307 2314 1268 2369 hnen. Aber die jungen Menschen fallen ein¬
296 2360 1258 2415 inder zu, weil jeder Tag ihnen neu und vor¬
304 2399 1260 2456 iussetzungslos beginnt. Und immer wieder Ab¬
308 2441 1254 2499 chied. Und immer wieder Neubeginn. Das
313 2487 1256 2537 llter muß sterben, das Junge muß zueinander
314 2537 1268 2576 rängen. Voll sinnbildlicher Kraft, wenn in die¬
319 2584 1255 2630 m Schauspiel die Aufhörerin die Beginnerin
311 2613 667 2672 marmt und küßt
742 2614 1262 2686 so begrüßt das scheidende
305 2661 873 2727 eben das kommende Leben.
374 2696 1251 2760 Was geschiehl, ist wie Abschied von Schnitz¬
312 2758 1249 2806 irs Welt, in der wir alle gelebt haben und
311 2789 1249 2856 ie unwiderbringlich dahin ist. Anders sind
300 2841 1248 2889 eute die reifen Frauen, anders die Kapläne,
300 2885 1257 2932 inders die Künstler, anders die jungen Menschen.
288 2920 1250 2976 Über diese Schnitzlerwelt war einmal Lebendig¬
299 2971 1250 3028 leit, sie ist nicht Phantasmagorie, sie war mit
297 3013 1246 3082 allen ihren falschen Tönen und echten Empfin¬
285 3059 1250 3121 dungen, mit allen ihren Unmöglichkeiten und
281 3103 1247 3155 Schonheiten einmal — es müssen tausend Jahre
287 3144 954 3205 her sein — „in unserem Besitz“.
377 3182 811 3246 Ein historisches Stück
844 3177 1247 3251 das ist „Im Spiel
275 3239 1246 3293 der Sommerlüfte“. Die Geschichte der neben
278 3282 1250 3324 der Wirklichkeit, nur in ihrer inneren Proble¬
286 3325 1240 3384 matik lebenden Vorkriegsmenschen — hier ist sie
280 3363 1255 3425 noch einmal Theater geworden, golden umrandet
290 3412 1240 3477 von der Erinnerung hauchzart, verschwebend,
280 3463 1246 3514 nicht faßbar wie ein Traum und seltfam abge¬
279 3507 1241 3558 hoben von dem Hintergrund dieser unserer zer¬
294 3546 1246 3598 rissenen, aber das Wirkliche mit allen Nerven
298 3583 607 3645 suchenden Zeit.
366 3628 1234 3680 Es ist, als ginge man durch welkes, abge¬
285 3675 1241 3735 fallenes Laub. Bei jedem Schritt raschelt es.
287 3717 1243 3777 Aber wie daraus durch irgendein Inkommen¬
291 3765 1243 3825 surables, das man nicht nennen, nicht fassen
281 3802 1253 3852 kann, sich plötzlich dem Wanderer die Vision:
285 3849 1246 3905 Der Wald, oder: Der Sommer, ergeben mag,
282 3891 1251 3938 so steigt hinter diesen das ahnungslose Sterben
284 3939 1234 3979 einer Welt spiegelnden Szenen das Gesicht eines
281 3980 1247 4050 empfindsamen, gütigen, noch in der Abrechnung
1743 869 1890 938 W.
2033 907 2371 969 m
2601 943 2652 992 —
1790 990 2712 1130 Ahüt Allie ei lniemational de ie prene 3. I.
1940 1083 2553 1165 23, Rue du Rhöne - GENEVE
1752 1122 2659 1226 Adr. télégr. Coupures-Genéve — Tél. 44.005
1756 1206 2717 1309 Bureau International de coupures de journaux.
1859 1252 2646 1348 Traductions de et en toutes langues.
1748 1350 2688 1484 Correspondants dans toutes les grandes villes
1683 1472 2117 1548 Extrait du journal:
2513 1514 2600 1609 rag
1691 1566 1900 1643 Adresse:
2307 1624 2670 1743 22 DE0. 1929
1669 1662 1818 1736 Date
2041 1807 2609 1886 Der n ue Schnitzler.
2801 1831 2912 1882 der
2801 1875 2893 1923 -A
2043 1875 2636 1950 „Im Spiel der Sommerlüse.“
2002 1936 2661 2014 (Deutsches Volkstheater in Wien.)
2813 1989 2900 2034 Alts
1878 1982 2461 2053 („Im Spiel der Sommerlüfte“
2595 2001 2903 2078 spielen in stu
1693 2036 1805 2099 Ta.
1853 2045 2902 2110 einer Sommerfrische bei Wien — begiptses ssch, daß schi
1850 2069 2819 2145 der Bildhauer Professor Friedlein oen Weih Sohn
1641 2111 1795 2171 Tarif:
1848 2109 2893 2185 und bei ihm zu Gast weilender Nichts Bustrfallzuost#
1844 2135 2899 2222 in die nahegelegene Stadt fährt. um dort wit ein¬
1643 2159 1808 2214 Tavan
1847 2189 2810 2262 flußreichen Auftraggebern lange Konferenzen abzu¬
1675 2200 1809 2272 de 1
1846 2234 2899 2302 halten. Es begibt sich, daß sein Sohn Eduard achte ze
1845 2281 2878 2341 zehnjährig, von den Gefahren der Pubertät umdroht. 90
1635 2271 1804 2346 Du tra
1841 2319 2877 2377 in einer Almhütte bei seiner hübschen Cousine Gusti Un¬
1842 2349 2885 2426 während eines Ungewitters Erhörung findet und den ####
1840 2398 2848 2459 ehrbaren jungen Arzt aus dem Feld schlägt. der sich
1838 2433 2827 2492 um Gustis Hand bewirbt. Daß Frau Josefa, die
1835 2477 2849 2534 Gattin des Professors, eine unheilige Zuneigung zu 2#
1835 2504 2848 2567 dem Kaplan Holl faßt (dargestellt von Altxander#
1836 2543 2808 2610 Moissi), und daß dieser sich aus ähnlichen Anwand¬
1833 2581 2799 2652 lungen nur durch weitläufige theologische Erörterun¬
1829 2637 2800 2687 gen den Weg ins Freie zu finden vermag. Ein Ge¬
1833 2672 2800 2729 wittersturm mit Donner und Regen begleitete diese
1823 2703 2797 2771 Krisen, aus denen bei wieder herverbrechender
1835 2744 2794 2811 Sonne alle unbeschädigt hervorgehen, nach der aner¬
1830 2784 2791 2840 kennenswerten Ueberzeugung des Dichters auch die be¬
1823 2830 2797 2889 gabte Schauspielschülerin Gusti. der sich nun eine
1833 2866 2799 2932 schöne Karriere beim Theater eröffnet. Die beiden
1820 2908 2786 2966 Frauen müssen einander gar nichts sagen. Zwei
1832 2943 2792 3011 stumme Umarmungen, die sie tauschen besiegeln die
1824 2990 2787 3052 we bliche Gefühlssolidarität. Die Männer verdrängen
1823 3031 2787 3069 mit einem schamhaften Lächeln die sommerliche Ver¬
1822 3066 2782 3114 wirrung. Professor Friedlein fährt mit seiner Frau
1824 3103 2782 3149 nach Italien. Eduard, einer Nachprüfung aus Grie¬
1815 3150 2788 3210 chisch entgegenharrend, geht mit dem Karlan botani¬
1812 3178 1989 3231 sieren.
2033 3182 2793 3239 es Absicht, ist es Symbol, daß
1815 3216 2786 3268 in dem Stück noch ein Omnibus die Personen be¬
1814 3262 2801 3328 fördert, und daß weit und breit kein Telephon zu
1810 3294 2018 3346 sehen iste
1848 3330 2789 3403 Moissis Kaplan ... — warum hat Moissi nur
1806 3379 2779 3424 diesen Kaplan gespielt? Es mutete bisweilen an als
1809 3412 2782 3485 wolle der Künstler in bewährter Meisterschaft eine
1818 3455 2779 3511 vollendete Kopie von Alexander Moissi bieten. Luise
1807 3496 2781 3555 Ullrich, heute schon eine der Stützen des Volks¬
1813 3541 2785 3593 theaters, war die Hauptrolle der Gusti Pflegner zuge¬
1814 3571 2774 3641 fallen. Man täte dieser Achtzehnjährigen Unrecht, sie
1805 3611 2771 3674 nur begabt zu nennen Sie ist eine der stärksten und
1799 3657 2776 3701 ursprünglichsten Theatertemperamente der letzten
1799 3699 2766 3755 zwanzig Jahre, echt, jung, gescheit und von einer er¬
1811 3735 2471 3788 staunlichen Souveränität des Spiels.
1843 3774 2768 3833 Die Aufnahme des fein geformten, noblen und ge¬
1798 3815 2775 3856 dankenreichen Stückes wor eine mehr als freundliche.
1793 3846 2774 3912 Man begrüßte dankbar den Dichter und verfolgte im
1801 3885 2767 3944 Geiste die Linie die von diesem Werk ungebrechen bis
1792 3929 2761 3984 zu Anato zurückführt. Schnitzler wurde unzähligemgl
1801 3966 2287 4025 vor den Vorhang gerufen.
2447 3973 2731 4045 R. Wiener
