3392 4352
1926 172 2385 273 box 34/4
1470 183 1537 250 11
1128 182 1342 251 Somm
254 181 1790 296 31. Im Spiel der Senneridefte
299 874 496 952 onntag
2506 880 2761 960 Seite 15
1631 883 2068 965 22. Dezember 1929
860 879 1288 961 Reichspost
1503 999 2844 1082 das einzige christliche Wiener Blatt
1807 1080 2547 1156 am Montag früh, das
2143 1132 2841 1315 ontagblatt
1623 1129 2013 1358 ziener
1693 1313 1786 1374 1
1917 1294 2186 1376 N.
520 1303 856 1405 eo
1101 1275 1644 1411 en. &
1799 1369 2564 1443 mit Sport vom Sonntag
291 1425 2872 1504 Interefsante Originalbeiträge — Wichtige Wirtschaftsinformationen — Großer Sporttell
1734 1512 2849 1610 Eine Seite Karikatur und Humor.
620 1517 1535 1616 Preis 25 Groschen.
491 1659 1651 1720 von allen äußeren Hindernissen der heutige Mensch mit
1653 1665 2858 1718 Arm in den andern, in einem halbwüchsigen Jungen
479 1697 1652 1767 dem Sternenhimmel vertraut werden kann. Moskau und
1661 1711 2862 1765 dämmert die Erkenntnis der Liebe, aber alle diese.
485 1750 1648 1814 Rom haben im vergangenen Jahr solche Sternentheater
1659 1755 2848 1813 Kämpfe und Krisen bringen nur einen Aufruhr der
496 1802 1647 1873 eröffnet und auch in Amerika sind drei solche im Bau.
1654 1781 2849 1852 Worte zustande und endigen ohne wirklichen Lösungs¬
311 1815 492 1895 dheit“.
1644 1839 2839 1912 versuch in dem oberflächlichen happy end der All¬
956 1847 1622 1914 Prof. Dr. Alfons Johnscher.
1653 1874 1889 1961 täglichkeit.
308 1887 492 1964 jendes
1741 1901 2853 1979 Direktor Dr. Beers Regie versuchte, dem Spiel
1654 1951 2839 2034 Stimmung zu geben, Stimmung ehemaliger öster¬
305 1951 490 2050 Kirche:
816 1940 1326 2077 Kirchliches.
1657 2011 2839 2066 reichischer Verhältnisse. Die mit Schmetterlingsnetz und
354 2008 497 2081 und
2397 2052 2840 2115 vorüberwandelnden
1660 2056 2364 2119 Botanisiertrommel am Hause
295 2062 487 2124 bezieht
483 2068 615 2155 Der
594 2070 1650 2164 „Offervatore Romano“ über den Heraus¬
1661 2093 2843 2157 Spaziergänger und vorbeihuschenden Mädchen wirkten
301 2109 483 2164 wissen
1651 2131 2836 2198 aber ebenso papierern und schemenhaft wie die Haupt¬
299 2150 490 2210 des die
610 2148 1535 2226 geber des „Wiener Kirchenblattes“.
1661 2190 2843 2245 figuren des Stückes. Es hat eben keine Rollen, wenigstens
304 2197 489 2265 esu am
569 2193 1656 2282 Wir haben schon in einer kurzen Drahtmeldung
1658 2223 2847 2287 keine wirksamen. Selbst Moissi in der sympathisch
310 2241 473 2295 ür be¬
488 2245 1655 2318 berichtet, daß der „Osservatore Romano“ in einem aus¬
1666 2266 2842 2346 gezeichneten Figur des Kaplans Ferdinand Holl mußte
303 2276 482 2346 trakter
485 2302 1658 2363 führlichen Artikel die Tätigkeit des Gründers und
1664 2311 2843 2379 sich mit improvisierten Predigten und spärlichen Gefühls¬
369 2329 480 2380 des
484 2338 1660 2411 Leiters des „Wiener Kirchenblattes“ Msgre. Mör¬
1654 2356 2842 2422 ausbrüchen begnügen. Und sonst? Schatten, Schemen.
296 2356 497 2434 ng des
486 2391 1659 2448 zinger, würdigte. Es ist bemerkenswert, mit welcher
1648 2397 2847 2456 Homma konnte nur im letzten Akt leichte Ansätze
313 2407 491 2481 wieder
482 2428 1652 2505 Wärme der auf der ersten Seite des vatikanischen Organs
2323 2444 2839 2511 Olden bemühte sich
1660 2449 2336 2501 lebensbejahender Ironie zeigen,
366 2458 493 2513 Die
484 2471 1650 2531 veröffentlichte, mit „Dott. H. Tr.“ gezeichnete Aufsatz auf
1657 2493 2836 2554 vergebens um eine antiquierte Leutnantsgestalt, Frau
309 2482 483 2555 huupt¬
487 2520 1663 2571 die seelsorgerlich=publizistische Leistung des verdienstvollen
1650 2533 2835 2588 Terwin=Moissi wuchs einige Male über ihre Rolle
296 2533 495 2606 Heczen
479 2561 1652 2612 Priesters, der als Schriftsteller und Organisator so
1655 2578 2844 2629 ins Lebenswahre hinaus. Luise Ullrich ließ diesmal
301 2581 493 2646 nstren¬
486 2599 1663 2671 Außerordentliches leistete, eingeht. Im Eingange sagt
1656 2622 2851 2684 jedes Temperament vermissen, fand zuweilen einen
298 2628 484 2684 #n u.d
478 2649 1661 2711 der Aufsatz: „Man weiß heute, daß der große Abfall von
1652 2665 2846 2720 echten Herzenston, blieb aber im allgemeinen so farblos
292 2671 486 2729 gekrönt
486 2692 1646 2757 der Kirche sich vor allem in der Welt der Kinder äußert.
1663 2711 2839 2766 wie die Rolle, die ihr auferlegt worden war. Auch Tonio
309 2719 485 2775 r zehn
486 2734 1649 2802 Sie muß daher in besonderer Weise verteidigt werden.
1656 2756 2835 2823 Riedls jugendliche Frische schmeckte zu stark nach
306 2756 491 2816 mit er
482 2778 1645 2837 Aber wer hätte jemals zu wagen gedacht oder zu hoffen,
1653 2779 2153 2868 Theater und Schminke.
307 2806 485 2866 jehung
478 2816 1663 2867 daß die Kinder auch die Mitarbeiter der Katholischen
1738 2816 2834 2895 Das Publikum quittierte den Abend mit Dank für
296 2842 492 2902 rnin
481 2861 1660 2907 Aktion selbst hätten werden können, und zwar die kost¬
1653 2881 2841 2936 die Bemühungen des Dichters und seiner künstlerischen
478 2899 1654 2959 barsten! Msgre. Mörzinger hat es geglaubt
2682 2931 2807 3003 tr.
1660 2930 1950 3000 Interpreten.
306 2887 482 2986 Froße
481 2954 1657 3015 und hat es gezeigt.“ Der Aufsatz schildert dann
303 2979 476 3036 Aus¬
481 2994 1663 3047 den raschen Aufstieg des „Kirchenblattes“ zu einer Auf¬
2011 2995 2457 3083 „Der letzte Kniss.“
327 3016 485 3075 t, weil
486 3030 1661 3106 lage von 120000; noch größer sei Msgre. Mörzinger
341 3064 481 3118 ihrer
1649 3040 2847 3136 Komödie in drei Aufzügen von Hans Renz. — Gastspiel der
478 3076 1663 3134 durch das „Kleine Kirchenblatt“ für die Jugend
1949 3110 2538 3170 Exlbühne im Raimundtheater.
303 3096 486 3170 mmen
476 3124 1662 3172 geworden, das eine Auflage von mehr als 200.000 er¬
298 3149 486 3212 r Erz¬
1733 3133 2836 3212 Eine sehr wirksame Bauernkomödie in einfachen,
482 3166 1667 3226 reichte. „Welchen Einfluß Msgre. Mörzinger auf die
298 3190 491 3249 Kinder
1650 3193 2839 3267 manchmal recht derben Strichen. Das Thema ist nicht
482 3207 1113 3262 Kinderwelt von Wien besitzt“
1133 3201 1656 3276 — sagt fortfahrend der
296 3221 489 3291 d vor¬
1662 3242 2835 3300 neu: Familienstreit um Haus und Hof. Der alte
481 3251 1650 3315 Artikel — „hat sich geoffenbart, als er neuerdings dieses
293 3273 475 3334 Kind¬
1657 3283 2848 3354 Feichlenbauer Markus Pranthaler möchte seinen außer¬
485 3287 1651 3351 Jahr am Feste Maria=Himmelfahrt die Erstkommuni¬
308 3313 487 3382 ch das
1647 3323 2861 3403 ehelichen Sohn, den Lambert, zum Erben einsetzen, aber
491 3344 1663 3395 kanten zu dem Kardinal Erzbischof einlud. Das hatte er
300 3357 482 3424 zeigen,
1663 3384 1743 3432 es
1728 3363 2840 3430 liegt ein rechtsgültiges Testament vor. wonach nur
485 3379 1654 3447 vor drei Jahren angefangen und dieses Jahr sind seinem
312 3395 478 3462 wollte
1648 3409 2833 3476 legitime Nachkommen des Pranthaler erbberechtigt sind;
484 3425 1651 3492 Rufe in der Bundesstadt mehr als 10 000 Kinder gefolgt,
303 3430 491 3504 Gott
1658 3450 2840 3517 gibt es keine solchen, so fällt das Gut an die reiche
483 3470 1659 3539 niemand hatte eine so große Beteiligung erwartet. Der
297 3489 442 3552 Ifiolel
1660 3502 2849 3559 Schwester des Besitzers eine boshafte, von Geiz und
482 3511 1658 3572 große Hof des erzbischöflichen Palastes erschien zu klein,
307 3531 388 3589 8
1660 3543 2852 3598 Neid besessene Dorfintrigantin. Der Feichtenbauer, der
470 3529 1656 3623 um die Menge der kleinen Christussoldaten aufzunehmen.
318 3566 472 3653 dheit“.
1660 3588 2845 3642 sich dem Tode nahe fühlt versucht allerlei „Kniffe“, um
476 3591 1656 3654 Alle diese Kleinen wollten den Redakteur sehen und
1654 3632 2840 3686 das grausame Testament zu umgehen, verliert jedoch
477 3637 1653 3688 begrüßen und von ihm dem Kardinal vorgestellt werden,
1655 3660 2827 3724 einen Prozeß um den andern, so daß die Sache des
477 3677 1659 3737 so daß beschlossen wurde, die ganze Zeremonie in den
1656 3712 2835 3774 jungen Lambert endgültig verloren scheint. Nun kommt
486 3711 1656 3766 ehrwürdigen Dom von St. Stephan zu verlegen, wo gut
302 3711 478 3797 istrator
1650 3763 2842 3811 aber der „letzte Kniff“ Zwischen Lambert und der
490 3755 1644 3817 12.000 Personen Platz finden. Der Dom hat wohl bisher
1651 3800 2826 3860 Annelies, Tochter der Wirtschafterin des Pranthaler,
480 3809 1649 3858 noch nie eine ähnliche Feier gesehen, so viele Kinder. Das
1649 3845 2831 3896 entspinnen sich zarte Beziehungen, so daß in kurzer Zeit
489 3848 1652 3915 nennt man Bewegung, Katholische Aktion in der Kinder¬
1648 3886 2837 3943 mit einer zweiten außerehelichen Generation auf dem
491 3889 1650 3935 welt! Dieses Jahr hat der Redakteur im großen „Kirchen¬
1652 3923 2828 3987 Feichtenbauernhof zu rechnen ist. Da geht nun der alte
485 3931 1649 3992 blatt“ eine Reihe von Artikeln für die Eltern und Erzieher
1659 3968 2832 4023 Bauer mit der jungen Annelies eine standesamtliche Ehe
475 3972 1654 4018 über die öftere und häufige Kinderkommunion erscheinen
293 3972 476 4054 Prater¬
1651 4012 2827 4073 ein und anerkennt das erwartete Kind als das seine.
474 4009 1654 4082 lassen. Jetzt wendet er sich direkt an die Kinder. Er
315 4029 484 4086 eröff.
1659 4053 2838 4117 Jetzt gibt es also einen rechtmäßigen Leibeserben, die
477 4065 1641 4113 bietet ihnen ein Originalschema eines Partikular¬
311 4067 484 4134 von der
1651 4096 2830 4163 boshafte Schwester ist um ihre Hoffnungen betrogen und
480 4102 1649 4153 examens, welches in 100000 Exemplaren verbreitet
341 4116 484 4171 auf¬
1654 4138 2505 4186 Haus und Hof bleibt den jungen Leuten.
480 4143 1647 4200 b#tde, das die Kindel Tag siit Tag ausfnnen und mongt¬
