3296 4320
1551 11 1877 82 ere eeeen
372 35 1382 81 Teil Kommen Wird. In der ae Woreer erz-er
1447 71 2491 116 wägender Vernunft wird bestehen können. Gewiß wird auch
369 81 1404 147 näherung ihre nationale Eigenart und kulturelle Besonderheit
1447 122 2488 195 in der Religion der Zukunft das Dogma nicht eine über¬
366 144 1405 189 aufgeben werden. Wie die vielen verschiedenen Sprachen
1444 192 2494 243 wundene Lehre sein, aber es wird den Wert einer blohi
368 195 1402 244 individualsierte Ausdrucksformen des allmenschlichen logi¬
1450 244 2503 300 subjektiven Glaubenslehre haben. „Ein gesunder Mensch
382 257 1411 302 #hen Denkens, so sind die verschiedenen geschichtlichen
1443 304 2493 344 braucht beides: Glauben und Denken. Wo sich der Glaube
370 288 1414 360 Religionen individualisierte Ausdrucksmittel und Erschei¬
1444 331 2504 409 behaupten zu können meint, ohne das Denken von sich
371 348 1412 414 nungsformen der einen religiösen Idee, die in allen Be¬
1455 403 2500 452 wissen zu machen, da muß auf die Dauer entweder der
366 394 1415 469 kenntnissen und Riten in verschiedenen Farbenstrahlungen
1449 458 2500 515 Glaube erstarren oder das Denken verkümmern. Um der
373 452 1409 520 erscheint. In diesem Sinne hat Imanuel Kant geäußert:
1453 512 2503 573 Ganzheit des Menschen willen dürten also Glauben und
374 508 1422 571 „Es gibt keine Verschiedenheit der Religionen, so wenig
1458 555 2187 627 Denken einander nicht fremd bleiben.““)
373 552 1418 621 wie es eine Verschiedenheit der Moralen gibt; es kann wohl
378 636 1415 682 verschiedene (historische) Glaubensformen geben, aber nur
376 669 1416 737 eine einzige für alle Menschen und für alle Zeiten gültige
1496 666 2484 750 *) Franz Rosenzweig, Zweistromland, Seite 198.
362 736 1420 792 Religion.“ Das erinnert an ein Wort, das der letzte der
1497 732 2504 786 Ein reiner Gottesglaube, der vom Gemüt die erwärmende
1460 775 2515 822 und von der Vernunft die erhellende, aufklärende Kraft
365 776 1423 848 altbiblischen Propheten gekündet hat: „Vom Aufgang der
1461 825 2508 879 empfängt, der zugleich als bestimmender Beweggrund sozial¬
359 846 1427 905 Sonne bis zu ihrem Untergange ist groß mein Name unter
1457 876 2510 925 sittlicher Lebensauffassung und Lebensgestaltung wirksam
363 889 1424 954 den Völkern und allerorten wird meinem Namen reine
1459 909 2512 968 wird, das ist die Religion, die den Anstürmen und Er¬
361 940 1427 1019 Opfergabe dargebracht, denn groß ist mein Name, spricht
1466 954 2504 1006 schütterungen zukünftiger Umwälzungen und Neugestaltun¬
1461 993 2508 1051 gen am stärksten wird widerstehen können. Das aber ist
371 1004 873 1069 der Herr der Heerscharen.“
1468 1052 2515 1104 geläutertes Judentum, dessen Uberlegenheit gegeben ist in
415 1045 1418 1124 Welchen Sonderbeitrag zur Religion der Zukunft unser
1473 1084 2513 1134 der Vernunftgemäßheit seiner Glaubenslehren und in der
371 1104 1429 1173 geistiges Vätererbe zu leisten hat, darüber noch eine Schluß¬
1473 1127 2512 1184 Wirklichkeitsgemäßheit seiner Sittlichkeits- und Heiligungs¬
368 1171 620 1232 betrachtung.
1462 1177 2510 1232 lehren. In diesem Zusammenstimmen von Vernunft und
1454 1231 2509 1280 Gemüt ist die Zukunft unseres geistigen Vätererbes ver¬
399 1226 1428 1279 Seit Schleiermacher im Jahre 1799 seine Reden
1456 1262 2517 1318 bürgt, darauf gründet sich die Daseinsnotwendigkeit des
381 1269 1423 1335 „über die Religion an die Gebildeten unter ihren Ver¬
1459 1304 2503 1356 Judentums und die Gewißheit, daß es Ewigkeitswert hat.
378 1327 1423 1398 ächtern“ veröffentlichte, ist die Bedeutung des Gemüts¬
1461 1354 2511 1397 Darauf stützt sich die Hoffnung unserer Bekennergemein¬
376 1393 1433 1448 letter“ als Quellpunkt aller beseelt religiösen Außierungen
1465 1410 2507 1446 schaft seit den Tagen des Secharja, daß einst der Ewige
378 1441 1433 1497 im Gegensatz zur Vernunftreligion immer stärker betent
1467 1440 2525 1491 Konig sein werde über die ganze Erde, der Lwige cinnig
1458 1485 1885 1560 und sein Name einzig!
381 1492 1427 1551 worden. In unserer Zeit hat das „Irrationale“ geradezu
793 1620 2097 1712 Tinur Schnitzlers Epllog
1459 1727 2520 1806 keine in wilden Entladungen hinprasselnde Tragödie, es ist
420 1730 1429 1802 Der Kulturbund deutscher Juden in Berlin beschließt die
1466 1780 2511 1831 ein leises Spiel, bei dem sich der Schicksalsknoten fast
380 1786 1438 1848 Arbeit seines ersten Jahres, indem er eine dramatische
1474 1826 2508 1893 unmerklich schürzt und mit einem schmerrlichen Lächeln
387 1838 1439 1886 Arbeit von Arthur Schnitzler zur Aufführung
1475 1872 1903 1933 wieder aufgelöst wird.
388 1881 1434 1942 bringt. Und zwar ist es die letzte Bühnendichtung des
1509 1902 2516 1975 Ein Spiel, ein melancholisches Spiel, das ist im Grunde
384 1941 1431 1989 Wiener Autors, es ist sein in Berlir Lishe, noch nicht
1477 1959 2520 2017 Schnitzlers Werk immer geweser. Seine früheste Schöpfung
376 1989 1437 2031 gezeigles ernstes Spiel, betitelt „Im Spiel d.: Som¬
1482 2008 2514 2062 dramatischer Form, wenigstens die früheste von selbständiger
378 2015 1435 2075 meriufte“. In dieser Aufführung mag man zuerst Einen
1475 2050 2522 2099 Lebenskraft, waren ja die Szenen des „Anatol“. Dieser
385 2068 1428 2127 Akt der Pietät sehen die dem bedeutendsten deutschen
1473 2098 2518 2164 junge Wiener Lebemann, der von einem Abenteuer zum
385 2106 1435 2175 Autor jüdischer Abstammung bewiesen wird, der am
1490 2143 2531 2198 underen, aber eigentlich auch immer von einer Enttäuschung
391 2159 1377 2212 theatralischen Leben der letzten Epoche beteiligt war.
1485 2193 2527 2241 zur anderen eilt, ist die am meisten typische Figur, die
430 2208 1439 2250 Tatsächlich neigen nämlich sowchl die Gegner wie die
1477 2223 2527 2291 Schnitzler geschaffen hat; und er charakterisiert sich selbst
383 2238 1443 2299 Verteidiger des Judentums dazu, den Anteil der Juden
1486 2282 2520 2329 mit den Worten: „Einleichtsinniger Melancho¬
390 2286 1439 2338 an der dramatischen Produktion in dem Deutschland der
1477 2317 2530 2370 liker“. Und das kennzeichnet allerdings vorzüglich das
387 2343 1445 2395 20. Jahrhundertswende sehr zu überschätzen. Ein genaues
1485 2370 2524 2422 Wesen des höheren Bürgertums am 19. Jahrhundertsende.
390 2376 1442 2439 Zusehen aber ergibt, daß Arthur Schnitzler in diesem
1479 2418 2521 2468 Es ist die Welt, der ihre reichen Mittel schal werden.
386 2418 1440 2480 deutschen Zeitraum der einzige Dichter jüdischer Ab¬
1483 2447 2528 2516 weil sie keinen Glauben mehr hat, weil sie kein Ziel sicht,
379 2460 1434 2522 kunft war, der nicht mit ein oder dem anderen Werk.
1485 2496 2530 2557 für das sie ihre Kräfte einsetzen kann, weil ihr alles zum
386 2519 1439 2571 sondern mit der ganzen Folge seiner Produktion Inehr als
1476 2535 2531 2595 Spiel wird. Schnitzler zeichnet dieses Wesen mit der ganzen
386 2570 1436 2615 ein Vierteljahrhundert lang die deutschen Bühnen be¬
1477 2587 2535 2642 spielerischen Anmut der Stadt Wien, in der er geboren
387 2599 1452 2663 schäftigte und eine wirkliche Bedeutung für die Bildung des
1486 2631 2524 2682 war und der er zu innerst angehörte. Aber daß er den
389 2644 1447 2707 höheren deutschen Repertoires in diesem Zeitraum hatte.
1483 2673 2531 2733 Mangel dieser zerspielten Welt mit so melancholischer
385 2694 1443 2750 Erst zu allerletzt, in der Zeit nach dem Kriege, hösten
1474 2720 2527 2808 Heftigkeit empfindet, das hat wohl mit seinem Judentum
397 2750 1442 2793 auch die späten Stücke Arthur Schnitzlers auf, ein selbst¬
1470 2767 2530 2846 4 zu tun. Denn dem Juden bleibt, auch wenn er einer ganz
387 2779 1453 2837 verständlicher und allgemeiner Bestandteil des deutschen
1474 2811 2523 2863 glaubenslosen Zeit und Umwelt angehört, von seiner großen.
392 2833 1439 2882 Bühnenspielplans zu sein; seine letzten Dramen sind zwar
1491 2851 2534 2916 Tradition her zum mindesten noch jene Unruhe im Blut,
391 2880 1449 2938 noch alle in Wien, aber im Reich nur noch vereinzelt zur
1478 2895 2527 2958 die ein in erliches Vermissen des Glaubens, eine Trauer
402 2912 1447 2982 Aufführung gelangt. Bei der Bedeutung aber, die Arthur
1487 2962 2021 3011 über seinen Verlust bedeutet.
402 2959 1452 3024 Schnitzler als künstlerischer Repräsentant seiner Epoche be¬
1531 2981 2540 3046 In sehr vielen Variationen, von der „Liebelei“ über den
402 3005 1455 3062 sitzt, und bei der, wie gesagt, einzigartigen Bedeutung, die
1489 3054 2544 3089 „Parazelsus“ und den „Grünen Kakadu“ zum „Einsamen
402 3063 1450 3118 ihr gerade als Juden innerhalb des deutschen Bühnen¬
1550 3088 2531 3140 eg und zur „Komödie der Worte“ hat Schnitzler das
393 3089 1452 3163 ledens zukommt, scheint es eine Ehrenpflicht, auch semn
1491 3124 2530 3171 melancholische Spiel gestaltet von den sehnsüchtigen Lebens¬
387 3137 1452 3186 letztes Werk in der Weise zu Gehör zu bringen, in dier
1487 3180 2537 3224 kräften, Jie sich verwirren, weil ihnen innerliche Zielsetzung
401 3181 1448 3235 das Dichterwort eines Dramatikers allein wahrhaft gehört
1492 3225 2536 3270 fehlt; immer wieder hat er gedichtet, von dem Spiel, das
409 3231 1142 3286 werden kann — durch eine Aufführung.
1502 3261 2537 3315 in gefährlichen Ernst, von dem Ernst, der in lässiges Spiel
430 3266 1431 3328 Indessen hat dieses Drama „Im Spiel der Sommerlüfte“
1488 3313 2538 3364 übergcht, weil die Grenzsetzung eines gläubigen Wertgefühls
393 3324 1443 3371 auch an sich Reiz und Wert, es verdient nicht nur als
1489 3343 2543 3399 fehlt. Die eigensten Szenen, die Schnitzler auf die Bühne
400 3359 1442 3418 das letzte Werk seines Verfassers gekannt zu werden;
1481 3404 2542 3444 gebrachi hat, sind deshalß alle nicht gekennzeichnet durch
409 3413 1441 3462 man soll es hören, weil es noch einmal eine sehr reine,
1489 3452 2537 3493 den Wettzrschlag furchtbarer Entladungen — ein leises
407 3462 1455 3502 sehr selbständige Ausprägung von Arthur Schnitzlers
1493 3492 2536 3543 Hinschwinden, ein lächelndes Vorübergehen, ein schmerz¬
411 3493 1452 3550 innerstem Wesen ist. Das gilt nicht in gleichem Maße für
1498 3524 2540 3587 liches Verzichten — das ist Arthur Schnitzlers ureigenste
400 3553 1447 3598 seine vorletzten, dieser unmittelbar voraufgehenden Bühnen¬
1503 3577 2548 3633 Melodie. Und diese Melodie ertönt noch eimal im „Spiel
407 3597 1450 3637 dichtungen: die waren unter dem Druck der Zeit von einer
1504 3619 1834 3682 der Sommerlüfte“.
398 3627 1462 3693 pathetischen Anspannung gezeichnet, die eigentlich dem
1545 3669 2538 3719 Auch die Gestalten treten auf, die wir sehr ähnlich schon
399 3687 1455 3732 innersten Wesen Schnitziers kaum entsprach, und sie waren
1493 3702 2543 3754 in Schnitziers Werken haben vorbeigehen schen. Da ist
407 3716 1456 3764 deshalb auch in der Form unselbständiger und schwächer.
1497 3743 2543 3806 der Könstler, der Bildhauer, der Professor, der sicherlich
415 3769 1457 3823 In diesem „Spiel der Sommerlüfte“ aber kehrt Schnitzler
1490 3806 2545 3851 abseits von seiner teuren Ehegattin manches Abenteuer be¬
409 3804 1459 3848 noch einmal, unter Verzicht auf jede pathelische Steige¬
1493 3845 2545 3896 sicht, auch nicht ganz ohne Interesse auf seine junge Nichte
398 3838 1455 3922 rung, zu seinem eigensten Wesen zurück. Und es ist deshalb
2561 25 3223 112 Wen erhne demes Telter 1
2648 93 3240 157 und deiner Wohnstatt Deg
2645 142 2898 198 spare nicht.
2641 173 3163 247 Mache lang deine Taue
2649 228 3135 285 und fest deie Pflöcke.
2571 268 3238 341 (3) Denn nach rechts und nach
2654 316 2903 369 ausbrechen.
2647 341 3236 412 Deine Nachkommen werden!
2653 394 3235 451 Und verlassene Städte besie
2577 437 3235 512 (4) Fürchte dich nicht; denn du
2646 488 2867 546 schanden.
2653 525 3244 605 Sei nicht beschämt; denn du
2652 578 2842 635 täuscht.
2655 612 3225 683 Denn die Schande deiner
2654 672 2873 727 vergessen
2647 699 3238 784 und deiner Witwenschaft Sch
2650 756 2892 819 gedenken.
2655 787 3241 852 Denn dein Gemahl ist dein S
2568 777 2657 863 (5)
2658 840 3244 906 Ewiger der Heere sein Nam
2652 881 3243 946 Und dein Erlöser Isracls H#
2666 931 3242 1005 Gott der ganzen Erde geheih
2573 959 2651 1043 (6)
2666 973 3227 1034 Ja, wie ein verlassen Weib,
2665 1020 3253 1076 ein in der Seele verstörten
2661 1062 2826 1124 Ewige.
2657 1098 3244 1168 Doch das Weib der Jugend
2658 1152 2972 1212 es verschmäht,
2657 1193 3067 1263 spricht dein Gott.
2585 1228 3223 1310 (7) Einen kurzen Augenblick
2663 1285 3240 1346 doch mit ewigen. Erbarmen
2579 1312 3244 1404 (8) Im überwallenden Zorn barg
2673 1369 3224 1426 vor dir einen Augenblick.
2661 1413 3239 1465 Aber in ewiger Gnade erbar
2671 1453 3225 1516 Spricht dein Erbarmer, der
2672 1495 3241 1561 Wie die Wasser des Noah
2677 1544 3238 1618 Wie ich geschworen, daß
2655 1590 2810 1650 sollen
2654 1613 3236 1687 Des Noah Wasser über die
2662 1670 3245 1734 So schwöre ich, dir nicht m
2673 1720 3171 1783 Noch je dir zu dräuen.
2564 1758 3216 1837 (10) Mögen die Berge weichen
2668 1806 3189 1872 und die Hügel wanken,
2672 1846 3229 1911 Doch meine Gnade von dir
2674 1888 3254 1951 Und der Bund meines Fried
2666 1937 3248 2004 Spricht dein Erbarmer, der
2557 2058 3242 2137 blickt — und der schließllich doch. z
2566 2124 3242 2189 Lebensgefährtin zurür' findet. Da ist
2556 2174 3257 2241 Schwelle des Alters, in der sich abe
2560 2219 3256 2288 kraft sehnsüchtig regt, und die sich fag
2575 2267 3251 2328 neigt, um dann doch in dem stets ge
2566 2310 3241 2378 Hlalt zu finden. Da ist der Sohn der
2574 2351 3243 2411 jährige, der Knabe im ersten Abente
2567 2404 3231 2465 der Liebe. Und da ist jene Nichte,
2926 2442 3245 2504 die mit leicht
2577 2449 2928 2513 das Schauspielerin
2567 2489 3256 2559 lasie und ohne vir: amung sich wer
2566 2534 3249 2583 zuneigt, und die doc, einen Halt, eine
2575 2580 3250 2647 dem Ehrgeiz findet, der sie mit vernüng
2572 2622 3250 2683 sein in ihren Beruf reißt. Aber da ##
2572 2684 3247 2727 Brüder aus jenen Bezirken, die Schnitz
2572 2715 3246 2768 umspielt hat, weil sie bei sonst völlig
2578 2756 3245 2819 doch beides Bereiche der strengsten B
2569 2802 3259 2857 ist der eine, Offizier der andere. Da#
2573 2847 3249 2913 Duells bedroht dus Leben des Soldate
2576 2892 3251 2956 Leidenschaft senkt Zweifel und Gefal
2575 2940 3245 2992 die Brust des Priesters. — Aber im J
2586 2984 3245 3041 geht d.. Gefahr vorüber. an den beid
2583 3019 3245 3088 Menschen. Alle entscheidenden Krie
2569 3069 3241 3122 sprochen: eine schmerzliche Selbstüber
2580 3119 3243 3174 des Entsagen, ein stilles Sichtrennen —
2578 3151 3239 3222 all dieser kleinen und doch in die 1
2581 3194 3248 3262 flikte. Spätsommer ist. Noch zuckt 1
2581 3243 3246 3307 auf, aber doch „herbstelt“ es schon se
2572 3291 3245 3360 dankbar einen schönen Tag, aber sch
2581 3334 3227 3392 an, das schöne Land zu verlassen. —
2586 3389 3246 3443 halt geht zu Ende; aber eine ganze
2587 3427 3232 3483 zu Ende. Noch einmal spüren wir
2590 3474 3223 3527 und die Melancholie ihres Zweisels.
2605 3497 3248 3579 gen Jahrhunder. s“ spielt nac
2583 3557 3253 3616 drücklicher Anweisung dies Stück, d
2586 3604 3245 3663 mütige Drama des Spieles der Somme
2590 3647 3241 3712 Wahrheitsliebe, die zartsinnige Kunst
2581 3689 3256 3757 mull man ehren, der seiner Generatio
2580 3736 3228 3804 errichtete. — Dann freilich wollen
2581 3780 3253 3850 sanft schmerzlichen Abschiedstölien a
2570 3831 2903 3903 zukunftsvolleren.
