3296 4320
439 128 1666 176 bereits der Herr Reichsarbeitsminister und ich in einem Erlaß
1672 127 2665 203 Zum 60. Geburtstag Dr. Katzensteins-Bielefeld
446 179 1660 226 vom 21. Oktober 1033 Stellung genommen. Außerdem hat
441 235 1657 284 der Herr Reichsarbeitsminister in einem Rundschreiben an
2056 200 2483 300 Ein Kämpfer
440 266 1664 317 die Treuhänder der Arbeit vom 24. November 1033 — IIlb
439 312 1660 363 Nr. 14872 33 (das damals im Wortlaut von uns veröffentlicht
1727 298 2832 385 für das religiös-liberale Judentum
438 379 1648 436 wurde. Schriftltg.) — darauf hingewiesen, daß Betriebsver¬
1767 381 2884 441 Am 12. September dieses Jahres begeht Rechtsanwalt
430 422 1651 477 tretungen und andere Stellen sich mit der Forderung,
1673 440 2883 499 Dr. Katzenstein, Bielefeld, seinen 60. Geburtstag. Es
441 464 1650 520 jüdische Arbeitnehmer zuentfernen, in Wider¬
1671 487 2889 534 ist eine Ehrenpflicht, seiner an dieser Stelle mit herzlichen
435 518 1665 581 spruch zu den wiederholten Verlautbarungen
1676 533 2884 588 Wünschen zu gedenken. Dr. Katzenstein ist einer der Be¬
429 566 1654 623 der Reichsregierung setzen. Aus der Tatsache
1667 585 2891 634 gründer der Vereinigung für das religiös¬
429 616 1650 673 nämlich, daß nach dem Willen der Reichsregierung im Wirt¬
1671 631 2897 690 liberale Judentum und seit ihrem Bestehen Mitglied
434 665 1665 729 schaftsleben zwischen arischen und nichtarischen Firmen zum
1676 686 2897 735 des Hauptvorstandes der Vereinigung. Klarheit des Denkens
436 713 1656 784 Zwecke der Boykottierung nichtarischer Geschäfte nicht unter¬
1667 740 2887 791 verbindet sich in ihm mit Vornehmheit der Gesinnung. Die
439 767 1651 826 schieden werden solle, könne ohne weiteres abgeleitet werden,
1674 788 2897 838 sechs Jahrzehnte seines Lebens bieten das Bild einer reichen
435 814 1651 871 daß auch den nichtarischen Arbeitnehmern der Schutz der
1669 828 2885 871 Entwicklung, die auf das Judentum ausgerichtet ist. Von
440 854 897 922 Regierung zustehe...“
1668 880 2898 929 großer innerer Elastizität hat er einen Blick für das, was die
1670 918 2885 989 Gegenwart erfordert, und ist bereit, das durch die Zeit Ge¬
1664 974 2896 1010 botene zu vertreten und zu verwirklichen. Von einer sich
424 959 1115 1046 Ein Appell des General Smuts
1676 1031 2888 1086 ständig vertiefenden Liebe zum Judentum beseelt, hat er, im
1675 1078 2900 1138 wahren Sinne modern, sich für den Aufbau des religiösen
577 1040 1490 1149 Zugunsten des Judentums
1681 1121 2056 1184 Lebens eingesetzt.
535 1139 1651 1210 Johannesburg. Der südafrikanische Justizminister und
1765 1156 2884 1235 So hat er die Gemeinde Bielefeld segensreich ver¬
428 1204 1651 1261 ehemalige Ministerpräsident General Smuts hat einen flam¬
1680 1226 2889 1264 waltet, und wenn sie eine gedeihliche Entwicklung genommen
434 1239 1647 1290 menden Aufruf zugunsten des Judentums er¬
1668 1272 2892 1325 hat, ist es vor allem seiner Umsicht und seinem Weitblick zu
439 1280 1653 1342 lassen. In dem Aufruf wird die nichtjüdische Welt auf¬
1679 1319 2889 1361 verdanken. Insbesondere für die Jugend und ihre Bestre¬
434 1336 1657 1390 gefordert, dessen eingedenk zu sein, daß die Juden der
1678 1363 2898 1427 bungen hat er ein tiefes Verständnis. In solchem Geiste hat
435 1376 1654 1450 Welt die Bibel geschenkt haben. „Wir wollen nicht
438 1416 1652 1464 vergessen,“ schreibt General Smuts, „daß dieses außergewöhn¬
1677 1418 2900 1482 er auch das jüdische Leben der Provinz Westfalen tatkräftig
434 1466 1655 1509 liche hochbegabte kleine Volk den höchsten Beitrag zur Wohl¬
1665 1465 2897 1535 gefördert. Als Vorsitzender des Verbandes der Synagogen¬
437 1507 1656 1575 fahrt der Welt geliefert hat. Die Bibel ist das bedeutendste
1667 1519 2894 1578 gemeinden Westfalens hat er sich die Fürsorge für das Wohl
426 1547 1656 1611 Buch der Welt und das höchste Geschenk auf dem
1668 1571 2894 1616 der kleinen Gemeinden, die Aufrechterhaltung des Kultus und
436 1586 1654 1664 Gebiet der Kultur, des Denkens und der Religion der
1667 1621 2900 1682 Religionsunterrichts, die Hebung des kulturellen Lebens, die
426 1649 1651 1718 Menschheit. Kein anderes Werk der Weltliteratur kann mit
1667 1669 2728 1728 Schaffung von Lehrerbezirken angelegen sein lassen.
436 1686 931 1751 ihr verglichen werden.“
1775 1706 2881 1779 In den letzten Jahren ist der Radius seines Arbeits¬
1668 1761 2889 1822 bereichs erheblich gewachsen. Die Not der jüdischen Gemein¬
1667 1823 2888 1876 schaft stand als Aufgabe vor ihm, an deren Lösung mitzu¬
550 1789 1531 1883 Synagogen-Einweihung in Küstrin
1665 1857 2890 1908 wirken er sich berufen fühlte. Der Soziale Ausschuß für
531 1872 1651 1955 Frankfurt a. O. Seit geraumer Zeit fand wiederum in
1676 1909 2897 1978 jüdische Wohlfahrtspflege in Wertfalen und vor allem die
427 1921 1653 1979 Deutschland eine Synagogen-Einweihung statt. Trotz mannig¬
1675 1959 2896 2018 Provinzialstelle für jüdische Wirtschaftshilfe in Westfalen und
438 1982 1662 2041 facher Schwierigkeiten war es der kleinen Gemeinde in Küstrin
1669 2009 2898 2051 die westfälische Darlehnskasse umschreiben sein Tätigkeits¬
428 2014 1646 2081 gelungen, den Bau ihrer Synagoge zu vollenden. Die Ein¬
1673 2066 2892 2117 gebiet. Darüber hinaus gehört er dem Hauptvorstand des
440 2070 1663 2112 weihung des Neubaus fand in besonders feierlichem Rahmen
432 2113 1659 2157 statt. Neben Teilnehmern aus den Nachbargemeinden sind
1675 2105 2901 2170 Centralvereins deutscher Staatsbürger jüdischen Glaubens an
431 2154 1649 2214 insbesondere Rabbiner Dr. Salomonski-Berlin als Ver¬
1673 2166 2896 2222 und ist Vorsitzender des Landesverbandes Ost-Westfalen-Lippe
427 2200 1656 2247 treter des Preußischen Landesverbandes und der Berliner
1675 2203 1903 2265 des C.V.
1960 2203 2893 2269 räftig hat er jede Bestrebung gefördert, die
435 2237 1660 2300 Jüdischen Gemeinde sowie Rabbiner Dr. Wiener-Berlin
1663 2267 2889 2318 dahin zielte, s deutsche Judentum durch Zusammenschließung
432 2292 1652 2349 und die Rabbinen aus Frankfurt a. O. und Landsberg a. W.
1662 2315 2887 2366 und Organisierung zu festigen, und hat wesentlich zu der
434 2334 1648 2383 unter den zahlreich erschienenen Festgästen hervorzuheben.
1662 2362 2889 2420 Begründung des Preußischen Landesverbandes jüdischer Ge¬
431 2380 1658 2428 Die ewige Lampe wurde vom Vorsitzenden des Berliner
1678 2412 2892 2465 meinden beigetragen. Dem Rat des Landesverbandes gehört
435 2421 1649 2476 Rabbinerverbandes, Dr. Martin Salomonski, entzündet. Die
1678 2454 2890 2501 er als Mitglied an. Möge ihm auch weiterhin die Kraft zu
437 2459 1654 2506 Weiheredé hielt der Prediger von Küstrin, Löwy. Besondere
1681 2503 2900 2577 seiner umfassenden und vielseitigen Wirksamkeit im Dienste
432 2498 1653 2576 Verdienste um den Bau hat sich der Vorsteher der Gemeinde
434 2546 1035 2619 Küstrin, Müller, erworben.
1671 2551 2266 2623 des Judentums gegeben sein.
418 2695 1940 2758 Schnitzler im Kulturbund — Die Jüdische Frau im Brüdervereinshaus
1791 2827 2559 2922 Willternode
744 2834 1576 2937 Sohinerläfte
529 2938 1654 3007 Arthur Schnitzler hat Hugo von Hofmannsthal ver¬
1674 2939 2891 3003 sich um die jungen und die alternden Menschen in dem
429 2994 1650 3045 sprochen, zur Premiere von „Jedermann“ nach Salzburg zu
1667 3000 2893 3055 Sommerhäuschen des Bildhauers Friedlein legt, und das beim
431 3041 1654 3084 kommen, und er hat ihn gebeten, ihm zwei Sitzplätze reser¬
1675 3046 2894 3108 ersten Hauch zerreist und zerflattert. Die Bindungen reichen
438 3107 1655 3152 vieren zu lassen. Da aber Schnitzler bis zum Vortag der
1669 3095 2894 3141 für eine schwüle Gewitternacht, für ein paar Sommerwochen,
433 3137 1656 3203 Aufführung nicht eingetroffen ist, telegraphiert Hofmannsthal,
1669 3147 2880 3206 für die Dauer einer Spielzeit — vielleicht. Lächelnder Ver¬
428 3194 1655 3235 der Vergeßlichkeit des Freundes eingedenk: „Sitze besorgt.
1667 3196 2884 3249 zicht unter echten und falschen Tränen, Resignation, leise
428 3239 1641 3304 Salzburg Hotel Continental. Hormannsthal.“ Worauf Schnitz¬
1668 3241 2891 3307 Tronie und die „leichtsinnige Melancholie“ Anatols sind die
426 3287 1649 3338 lererstaunt zurücktelegraphiert: „Warum sitzst Du besorgt
1667 3294 2625 3360 Bestandteile dieses verschlungenen Pusselspiels.
433 3340 1063 3397 Salzburg Hotel Continental?“
1757 3435 2874 3506 Während Prof. Friedlein den Drang zu seiner Bildhauer¬
522 3445 1649 3524 Wir saßen zwar nicht besorgt, aber ein wenig bedrückt
1666 3493 2885 3550 werkstatt und zu seinen Modellen verspürt, wird Frau Josefa,
430 3519 1653 3575 und betrübt in der Berliner Premiere von Arthur Schnitzlers
1664 3543 2898 3595 seine Lebensgefährtin, eine Frau zwischen zwei Altern, vom
423 3558 1653 3624 letztem Bühnenwerk. Kurz vor des Dichters Tod ist es ent¬
1669 3589 2884 3649 Hauch der Leidenschaft zu einem andern gestreift. Die Nichte
428 3612 1643 3667 standen. Vor etwa fünf Jahren. Inzwischen starb eine Zeit.
1665 3641 2888 3683 Gusti, künftige Julia am Innsbrucker Stadttheater, wechselt
435 3656 1650 3712 Das „Spiel der Sommerlüfte“ konnte dem alles auf¬
1668 3679 2880 3734 ihre Rolle und ihre Partner wie auf ein Stichwort. Einer
428 3721 1646 3768 wirbelnden Ernst rauher Stürme nicht standhalten. Eine ver¬
1659 3734 2889 3785 nimmt sie ernst; der Schuljunge Eduard wird an ihr zum
436 3767 1644 3819 sunkene Welt geisterte auf der Drehbühne an uns vorüber.
1668 3788 2881 3835 jungen Mann; der Innsbrucker Leutnant, einem Duell glücklich
426 3807 1645 3869 Und doch danken wir dem Kulturbund für diese Aufführung,
1663 3838 2898 3878 entkommen, wird ein paar nette Wochen mit ihr verbringen,
434 3863 1649 3916 die uns die Bekanntschaft mit altvertrauten Gestalten Schnitz¬
1661 3888 2901 3935 da sie nichts gegen ihn einzuwenden hat. Bleibt Hochwürden,
420 3903 1476 3979 lers aus dem weiten Land der Seele erneuern ließ.
1662 3932 2883 3975 der Kaplan Ferdinand Holl. Er kommt oft in den Garten der
1665 3989 2884 4047 Künstlervilla, um an der Resignation der Frau Josefa mit¬
537 3965 1654 4029 Es sind keine starken Fäden, die die Handlung zu¬
1666 4023 2883 4081 fühlend Anteil zu nehmen; bis aus dem Beichtiger ein Beich¬
421 4028 1653 4099 sammenhalten. Es ist ein zartes herbstliches Spinnetz, das
2308 4118 2558 4182 geeet um
2863 4101 2994 4185 g
