3392 4352
1935 169 2397 268 box 34/4
282 175 1802 284 31. Im Spiel der Sonnerinefte
761 563 1695 654 Argus Suisse et international de la Presse S. A.
899 622 1557 706 23, Rue du Rhöne - GENEVE
748 674 1715 768 Adr. télegr.: Coupures-Genéve — Tél. 44.005
757 778 1706 864 Bureau international de coupures de jouchaux.
838 845 1607 897 Traductions de et en toutes langues.
746 961 1722 1039 Correspondants dans toutes les grandes villes.
704 1065 1342 1174 Entratt du JournaDer Tag
1102 1144 1293 1220 WIEN
696 1180 903 1259 Adresse
1267 1250 1620 1341 2 DEO. 1929
709 1274 866 1355 Date:
720 1510 805 1573 —
728 1589 826 1664 nst
923 1536 1078 1684 B
740 1656 799 1709 10
1069 1605 2506 1734 aiftle ule Kuttft.
733 1693 822 1748 en
706 1701 840 1794 en
1611 1710 1787 1785 EN
696 1743 821 1820 ligs.
695 1795 816 1851 Deb¬
1741 1791 2671 1867 Ein historisches Stück — das ist „Im Spiel der de¬
953 1768 1577 1878 Schnitz'er=Uraufführung.
706 1832 824 1897 lilih¬
1694 1841 2589 1913 Sommerlüft“. Die Geschichte der neben der Wirk¬
2574 1856 2651 1921 se
1036 1845 1502 1925 Deutsches Volkstheater.
1698 1878 2586 1958 lichkeit, nur in ihrer inneren Problematik leben¬
2580 1896 2659 1960 fe
745 1889 821 1966 91
851 1919 1695 1981 * „Im Spiel der Sommerlüfte“ heißt
1705 1945 2646 2012 den Vorkriegsmenschen — hier ist sie noch numil 9
820 1963 1697 2034 das neue Drama Axtur Schnitzlers. Das ist mehr
1702 1991 2643 2068 Theater geworden, golden umrandet von der#k#
821 2024 1700 2090 als ein zufälliger Titel. Und es ist auch mehr
748 2004 803 2102 s.
1702 2033 2584 2106 Erinnerung, hauchzart, verschwebend, nicht faßbar
814 2072 1698 2136 als ein zufälliges Stück. „Im Spiel der Sommer¬
1706 2094 2585 2164 wie ein Traum und seltsam abgehoben von dem
803 2103 1683 2181 lüfte“ weht auf, verweht und kommt immer
1707 2139 2597 2220 Hintergrund dieser unserer zerrissenen, aber das
805 2174 1682 2235 wieder neu — unser Leben. So sah und sieht
1707 2188 2474 2259 Wirkliche mit allen Nerven suchenden Zeit.
805 2220 1697 2284 Schnitzler, was wir erleben und was wir nicht
1739 2238 2590 2327 Es ist, als ginge man durch welkes, abgefallenes
808 2259 1701 2331 erleben — immer gab ihm erst diese Zweiheit
1699 2288 2580 2354 Laub Bei jedem Schritt raschelt es. Aber wie
811 2329 1694 2387 unser ganzes Dasein. „Im Spiel der Sommer¬
1696 2332 2582 2411 daraus durch irgendein Inkommensurables, das
814 2366 1689 2427 lüfte“ enscheidet sich das, was wir Glück oder
1699 2384 2585 2444 man nicht nennen, nicht fassen kann, sich plötzlich
802 2408 1683 2476 Unglück nennen, wechselt Erfüllung mit Verzicht,
1698 2436 2591 2510 dem Wanderer die Vision: Der Wald, oder: Der
800 2457 1690 2528 wandert die ewige Liebe in die eben so ewige
1689 2485 2581 2551 Sommer ergeben mag, so steigt hinter diesen das
805 2516 1678 2581 Einsamkeit hinüber. „Im Spiel der Sommer¬
1687 2530 2581 2592 ahnungslose Sterben einer Welt spiegelnden!
811 2560 1567 2629 lüfte“ — das ist Schnitzlers Atmosphäre.
728 2590 804 2644 3.
1693 2580 2586 2679 Szenen das Gesicht eines empfindsamen, gütigen,
840 2614 1684 2681 Es ist mehr als ein zufälliges Stück. Es ist,
1694 2641 2573 2714 noch in der Abrechnung zarten, lyrisch umschleier¬
803 2664 1680 2730 als wolle es die Zusammenfassung aller Schnitzter¬
705 2663 798 2745 ik¬
1684 2687 2557 2755 ten Menschen auf — das Gesicht des Dichters.
803 2717 1686 2773 Dramen sein. Mit sehr bewußter Absicht sind sie
1714 2743 2584 2818 In der Aufführung des Deutschen Volkstheaters
797 2767 1687 2815 alle wieder da, die Schnitzler=Gestalten — die
1693 2779 2583 2844 ist die Regie Rudolf Beers sehr um das
802 2807 1690 2879 Frau, die nicht vom Leben Abschied nehmen will
1694 2828 2586 2907 Atmosphärische bemüht, ohne es allerdings immer
805 2867 1681 2924 — der Künstler, in seinem die Masken wechselnden
1679 2886 2584 2975 ganz zu erreichen. Schnitzlers Drama ist eigentlich
800 2915 1681 2976 Egoismus und seiner kühlen Lebensferne — der
1683 2936 2569 2994 ein Kammerspiel, ein Traumstück aus der Puxpen¬
795 2969 1685 3030 Leutnant, nichts als ein schönes Stück zuckenden
1681 2990 2577 3062 schachtel unseres Lebens. Aber der große Raum
791 3000 1683 3066 Fleisches — der um das Gewissen, um die Ver¬
1687 3033 2583 3105 des Deutschen Volkstheaters verleitet eben not¬
790 3058 1684 3130 antwortung, um die Erfüllung Gottes im Irdi¬
1676 3076 2570 3152 wendiger Weise oft zu überbetontem Ausspielen.
801 3107 1671 3170 schen kämpfende Mann — der junge Arzt, ein
1676 3124 2580 3204 Auch kommt noch hinzu: Wo gibt es heute noch
798 3163 2578 3247 eifersüchtiger Danebensteher und bittergestimmter oder schon wieder Schauspieler, die aus sich heraus
712 3170 785 3259 en
795 3205 1680 3285 Durchschauer — das junge Mädel, ins Leben!
1677 3233 2576 3300 verhalten, schwebend spielen können oder es auch
786 3268 1674 3329 hineinrennend, glückhaft, nichts anderem gehor¬
1673 3287 2574 3356 nur wollen — heute, wo alles in der Kunst und
792 3311 1666 3364 chend als seinem Blut — der junge Bub, schon in
1676 3328 2578 3418 im Leben nach Extensität, nach sich entblößender
794 3359 1671 3422 den Wirbel des Lebens gerissen und noch halb
1683 3375 2051 3440 Preisgabe drängt!
789 3409 1245 3477 seinen Spielen gehörend.
1696 3441 2562 3506 Alexander Moissi allerdings in der Rolle
812 3444 1666 3521 Mit bewußter Absicht — ich sagte schon — sind
1677 3483 2562 3559 eines vom Leben versuchten Kaplans möchte gern
783 3499 1668 3558 sie alle wieder da — auch die Konflikte der
1677 3532 2568 3615 Verhaltenheit spielen — sein Schauspielerinstinkt
786 3549 1669 3622 Schnitzler=Welt: das „Zwischenspiel“ der Sinne,
1668 3573 2571 3648 merkt, worauf es hier ankommt. Aber er vermag
785 3596 1668 3659 „das weite Land“ stimmungshafter Dämmerseelen,
1673 3633 2554 3708 dabei nicht das Theaterhafte zu überwinden Was
773 3643 1674 3720 die „Komödie der Verführung“ durch das Theater
1676 3691 2555 3735 er gibt, ist weniger ein keuscher Heiliger des
773 3706 1656 3763 und das Abenteuer, die „Komödie der Worte“
1666 3729 2557 3812 Herzens, als ein brillanter Seiltänzer der Cmpfind¬
769 3756 1665 3807 zwischen den Menschen, die einander nie verstehen
1666 3780 2565 3859 samkeit. In Johanna Terwins Darstellung
775 3804 1660 3875 können, auch in der nächsten Nähe nicht, der
1671 3833 2563 3887 der Schnitzler=Frau mit der großen Trauer um
789 3851 1658 3906 „Leutnant Gustl“, ewig zwischen Duell und
1670 3874 2552 3957 das ungelebie Leben werden die Umrisse der Ge¬
778 3900 1648 3967 Triumph der Amouren stehend, „der einsame
1664 3929 2537 4001 stalt sichtbar, aber nicht mehr, ebenso in
779 3950 1651 3996 Weg“ der altgewordenen, enttäuschten Puppen¬
1655 3977 2560 4046 Hommas Künstler. Ganz ins Schattenhafte
766 3976 1652 4066 spieler mit dem Leben, „der Ruf des Lebens“.
1652 4020 2553 4091 verfließt der Doktor Mihail Lanthos, dagegen
770 4047 1653 4113 alles überbrausend mit seiner grausamen Gier,
1654 4063 2544 4140 kommt der Leutnant Hans Oldens prägnant
767 4092 1659 4149 das fliehende Leben in jeder Minute ganz zu
1649 4115 2541 4181 heraus, ein Mensch und ein Typ. Tonio Ried!
701 4125 773 4179 41
