3344 4352
388 89 535 155 W
552 105 2891 184 in tkithele Leistunt des vere, unvolen Terwin= Moisti muchs eineg: Male  e
369 135 547 197 Herzen
555 159 1671 218 Priesters, der als Schriftsteller und Organisator s
1709 164 2894 210 ins Lebenswahre hinaus. Luise Ullrich ließ diesmal
363 174 538 239 nstren¬
543 198 1721 259 Außerordentliches leistete, eingeht. Im Eingange sagt
1719 206 2897 275 jedes Temperament vermissen, fand zuweilen einen
362 225 548 276 #en u.d
533 239 1732 291 der Aussatz: „Man weiß heute, daß der große Abfall von
1716 248 2895 312 echten Herzenston, blieb aber im allgemeinen so farblos
367 274 1704 348 gekrönt der Kirche sich vor allem in der Welt der Kinder äußert.
1722 307 2885 352 wie die Rolle, die ihr auferlegt worden war. Auch Tonio
368 312 548 369 r zehn
543 333 1709 384 Sie muß daher in besonderer Weise verteidigt werden.
1715 341 2890 411 Riedls jugendliche Frische schmeckte zu stark nach
366 351 1718 434 mit er Aber wer hätte jemals zu wagen gedacht oder zu hoffen,
1721 371 2212 456 Theater und Schminke.
372 402 1717 466 iehung daß die Kinder auch die Mitarbeiter der Katholischen
1803 399 2895 479 Das Publikum quittierte den Abend mit Dank für
365 439 536 493 rnin
538 449 1720 520 Aktion selbst hätten werden können, und zwar die kost¬
1727 457 2894 521 die Bemühungen des Dichters und seiner künstlerischen
361 473 556 541 „Frohe
539 498 1714 551 barsten! Msgre. Mörzinger hat es geglaubt
2746 511 2868 573 tr.
1716 513 2001 593 Interpreten.
357 519 544 580 's An¬
541 547 1722 598 und hat es gezeigt.“ Der Aufsatz schildert dann
366 564 539 623 Aus¬
545 582 1720 628 den raschen Aufstieg des „Kirchenblattes“ zu einer Auf¬
2079 579 2516 667 „Der letzte Kniss.“
362 606 542 663 t, weil
543 626 1724 693 lage von 120000; noch größer sei Msgre. Mörzinger
1725 637 2894 721 Komödie in drei Aufzügen von Hans Renz. — Gastspiel der
402 653 542 712 ihrer
541 667 1716 721 durch das „Kleine Kirchenblatt“ für die Jugend
1999 691 2607 748 Exlbühne im Raimundtheater.
360 691 539 757 ommen
536 713 1724 758 geworden, das eine Auflage von mehr als 200000 er¬
371 741 545 794 r Erz¬
1786 714 2896 786 Eine sehr wirksame Bauernkomödie in einfachen,
545 745 1718 802 reichte. „Welchen Einfluß Msgre. Mörzinger auf die
1722 770 2903 838 manchmal recht derben Strichen. Das Thema ist nicht
368 774 544 837 Kinder
541 789 1719 843 Kinderwelt von Wien besitzt“ — sagt fortfahrend der
1728 826 2897 882 neu: Familienstreit um Haus und Hof. Der alte
360 824 552 882 d vor¬
546 830 1712 890 Artikel — „hat sich geoffenbart, als er neuerdings dieses
360 864 538 921 kind¬
1719 859 2904 938 Feichlenbauer Markus Pranthaler möchte seinen außer¬
548 884 1717 931 Jahr am Feste Maria=Himmelfahrt die Erstkommuni¬
1721 898 2905 967 ehelichen Sohn, den Lambert, zum Erben einsetzen, aber
368 908 548 971 ch das
542 929 1714 977 kanten zu dem Kardinal Erzbischof einlud. Das hatte er
1718 956 2900 1016 es liegt ein rechtsgültiges Testament vor. wonach nur
363 949 541 1011 zeigen,
544 961 1710 1021 vor drei Jahren angefangen und dieses Jahr sind seinem
1714 989 2904 1054 legitime Nachkommen des Pranthaler erbberechtigt sind;
369 998 543 1052 wollte
537 1013 1712 1076 Rufe in der Bundesstadt mehr als 10000 Kinder gefolgt,
366 1029 540 1095 * Gott
1713 1040 2909 1092 gibt es keine solchen, so fällt das Gut an die reiche
534 1055 1728 1106 niemand hatte eine so große Beteiligung erwartet. Der
364 1076 541 1130 lflosen
1717 1076 2904 1131 Schwester des Besitzers eine boshafte, von Geiz und
537 1095 1721 1161 große Hof des erzbischöflichen Palastes erschien zu klein,
363 1109 530 1172 ergeßt
1718 1117 2917 1180 Neid besessene Dorjintrigantin. Der Feichtenbauer, der
534 1134 1713 1188 um die Menge der kleineg. Christussoldaten aufzunehmen.
353 1160 536 1226 dheit“.
1715 1150 2918 1225 sich dem Tode nahe fühlt versucht allerlei Kniffe#um
539 1178 1720 1223 Alle diese Kleinen wollten den Redakteur sehen und
1719 1206 2903 1263 das grausame Testament zu umgehen, verliert jedoch
527 1215 1720 1263 begrüßen und von ihm dem Kardinal vorgestellt werden,
1721 1240 2914 1300 einen Prozeß um den andern, so daß die Sache des
537 1254 1730 1318 so daß beschlossen wurde, die ganze Zeremonie in den
1711 1287 2913 1346 jungen Lambert endgültig verloren scheint. Nun kommt
535 1310 1722 1361 ehrwürdigen Dom von St. Stephan zu verlegen, wo gut
369 1294 541 1388 istrator
1725 1340 2894 1388 aber der „letzte Kniff“. Zwischen Lambert und der
543 1352 1712 1406 12.000 Personen Platz finden. Der Dom hat wohl bisher
1719 1367 2897 1442 Annelies, Tochter der Wirtschafterin des Pranthaler,
551 1398 1714 1446 noch nie eine ähnliche Feier gesehen, so viele Kinder. Das
1727 1426 2902 1480 entspinnen sich zarte Beziehungen, so daß in kurzer Zeit
548 1442 1715 1490 nennt man Bewegung, Katholische Aktion in der Kinder¬
1719 1464 2900 1518 mit einer zweiten außerehelichen Generation auf dem
538 1481 1716 1529 welt! Dieses Jahr hat der Redakteur im großen „Kirchen¬
1718 1505 2902 1562 Feichtenbauernhof zu rechnen ist. Da geht nun der alte
543 1520 1712 1574 blatt“ eine Reihe von Artikeln für die Eltern und Erzieher
1727 1548 2911 1614 Bauer mit der jungen Annelies eine standesamtliche Ehe
539 1559 1717 1613 über die öftere und häufige Kinderkommunion erscheinen
347 1554 536 1642 Brater¬
1718 1595 2899 1647 ein und anerkennt das erwartete Kind als das seine.
544 1608 1716 1652 lassen. Jetzt wendet er sich direkt an die Kinder. Er
377 1624 535 1679 eröff¬
1715 1626 2899 1695 Jetzt gibt es also einen rechtmäßigen Leibeserben, die
542 1646 1709 1700 bietet ihnen ein Originalschema eines Partikular¬
1715 1673 2899 1737 boshafte Schwester ist um ihre Hoffnungen betrogen und
548 1682 1720 1745 examens, welches in 100.000 Exemplaren verbreitet
403 1710 539 1764 auf¬
1723 1727 2590 1775 Haus und Hof bleibt den jungen Leuten.
542 1736 1723 1787 wurde, das die Kinder Tag für Tag ausfüllen und monat¬
351 1750 542 1814 tarium
1799 1757 2891 1826 Diese Geschichte ist mit gutem Instinkt für Bühnen¬
552 1780 1724 1831 lich ihm zusenden, wie es die Mitglieder von ver¬
357 1796 537 1850 ll ein
1713 1809 2894 1866 wirkung geschrieben und wird von den Exlleuten mit
544 1822 1713 1876 schiedenen Priestervereinen zu tun pflegen. „Es ist ein
365 1825 555 1900 s wer¬
1719 1854 2895 1910 unübertrefflicher Meisterschaft gespielt, so daß es schwer
543 1858 1724 1915 religiöser Frühling, welcher inmitten eines
365 1878 537 1935 schwere
1727 1888 2906 1954 fällt, einzelne Namen zu unterstreichen. Ganz prächtig ist
547 1909 1713 1960 großen Abfalles und des Wahnsinns der Sozialisten die
358 1927 544 1985 enigen
1727 1937 2902 1999 wieder Eduard Köck in der Hauptrolle als Feichtenbauer:
555 1952 1721 2003 Gebiete Oesterreichs durchzieht,“ faßt der Artikel sein Urteil
364 1968 544 2025 daß der
1720 1985 2910 2045 eine köstliche Possenfigur stellt Ludwig Auer als
555 1993 1715 2054 über die Wirksamkeit des „Kirchenblattes“ und zumal der
368 2013 541 2070 ügung
1721 2020 2899 2089 „Paragraphen=Josl“ auf die Bühne; Mimi Gstöttner¬
541 2038 1716 2092 Ausgabe für die Kinderwelt zusammen und gedenkt dabei
354 2054 537 2113 s wird
1721 2072 2908 2128 Auer holte sich als Dorfmegäre einen verdienten
539 2084 1723 2141 mit Worten höchster Anerkennung dieser Erfolge als der
388 2099 535 2152 natur¬
1724 2105 2902 2163 Sonderbeifall auf offener Bühne; Pepi Marik spielt
547 2124 1722 2193 persönlichen Verdienste Msgre. Mörzingers. — Der Artikel
359 2134 543 2201 öglicht.
1722 2153 2900 2210 die alte Hauserin des Feichtenbauer mit einer packenden
550 2170 1480 2238 bedeutet zweifellos eine seltene Ehrung.
364 2183 543 2238 hervor¬
1713 2204 2900 2249 Natürlichkeit, die vergessen läßt, daß man im Theater
364 2227 544 2300 wendet
1723 2247 2904 2310 sitzt. Nicht minder gut aber Josef Nigg als Lambert.
691 2229 1719 2297 Enthüllung einer Papstgedenktafel in Budapest.
1715 2282 2896 2339 August Burger in einer kurzen Episodenrolle, Ilse
545 2273 1054 2356 Aus Budapest, 21.
1048 2286 1730 2357 d., wird berichtet: In der
1713 2327 2891 2389 Exl als Annelies und Franz Ludwig als greiser
551 2341 1723 2400 St=Stephans=Basilika wurde heute vormittag eine
363 2348 543 2411 araten
1724 2371 2897 2434 Dorfpfarrer. Im ganzen eine Musterleistung sorgfältiger
550 2376 1720 2426 Gedenktafel zur Erinnerung an den Budapester Aufent¬
354 2401 546 2471 kuppel
1723 2415 2898 2474 Ensemblekunst, die von dem gutbesuchten Haus mit reich¬
550 2421 1722 2484 halt Pius' XI. enthüllt, der im Jänner 1891 in der
418 2446 550 2500 Die
1719 2464 2904 2516 lichem Beifall bedankt wurde. Nach dem zweiten und dem
552 2466 1272 2532 Kapelle eine Messe zelebriert hat.
361 2465 553 2552 r neue
1718 2505 2906 2579 dritten Akt wurde auch der Autor wiederholt vor die
365 2517 557 2590 en den
1727 2545 2074 2619 Rampe gerufen.
375 2574 552 2630 ie und
368 2615 545 2670 ne be¬
607 2582 1678 2710 Theater, Kunst und Musik.
1820 2624 2783 2711 Das Fiasko des Reinhardtgastspieles
361 2653 551 2725 nmels¬
2127 2682 2489 2772 in München.
384 2695 562 2761 genau
717 2705 1533 2784 „Im Spiele der Sommerlüste.“
384 2749 555 2812 rdigen
2358 2728 2866 2815 München, 21. Dezember.
710 2772 1547 2841 Uraufführung im Deutschen Volkstheater.
405 2791 558 2848 rück¬
1790 2782 2899 2866 Nach erfolgter endgültiger Abrechnung über das
624 2814 1716 2877 Man muß es mit Genugtuung verzeichnen, daß
364 2814 559 2899 ian es
1726 2821 2901 2893 Münchner Max-Reinhardt=Gastspiel, das ange¬
358 2872 1715 2917 Natur= wieder einmal das Werk eines Wiener Dramatikers auf
1732 2884 2904 2956 sichts des Riesenhonorars von 100.000 Maxk
543 2918 1712 2970 dieser Bühne seine Uraufführung fand. Leider wird das
370 2919 551 2990 erreicht
1723 2929 2893 2989 für seine Person allein scharf kritisiert worden war.
412 2965 541 3014 vor¬
551 2960 1714 3015 Gesühl der Befriedigung dadurch getrubt, daß Arlur
1727 2964 2902 3036 ergab sich nunmehr ein Fehlbetrag von 164.800
552 3000 1713 3053 Schnitzler in seinem jüngsten Schauspiel bedenkliche
351 2989 543 3064 Weltall
1718 3018 2899 3072 Mark, für den in der Mehrheit private Kreise als
543 3041 1719 3094 Schwächen dramatischen Gestaltens verrät. Es fehlt den
365 3051 551 3108 en die
1723 3064 2504 3135 Garantiezeichner aufzukommen haben.
544 3088 1723 3142 Figuren des Stückes nicht nur an Lebenswahrheit und
365 3096 539 3155 sezogen
541 3129 1729 3188 Plastik, der Verfasser hat diesmal auch nicht die öster¬
360 3122 554 3212 1 mit
1954 3136 2654 3208 Betty Fischer in Bukarest.
546 3175 1721 3241 reichische Atmosphäre getroffen und tastet sich an die
1788 3192 2817 3285 Der königliche Hof in der Eröffnungsvorstellung.
540 3211 1728 3285 aufgeworfenen Probleme nur zaghaft und unzulänglich
353 3203 542 3278 städten
1919 3256 2699 3316 Drahtbericht der „Reichspost“.
548 3268 1724 3319 heran. Dafür wird in diesen drei Akten unentwegt
361 3263 550 3326 ständig
2379 3281 2879 3367 Bukarest, 21. Dezember.
539 3300 1730 3360 gesprochen, Kluges und Treffendes mitunter, zumeist
366 3305 551 3372 ternen¬
537 3337 1727 3418 aber doch nur papierene Phrasen, aus denen man erst
1796 3341 2896 3415 Betty Fischer gastiert hier in den Glanzrollen ihres
363 3350 543 3413 sbaren
545 3380 1529 3445 mühselig den Gesühlskern herausschälen müßte.
396 3399 541 3451 über¬
1719 3384 2906 3443 Repertoires und wurde gleich am ersten Tage ihres Auf¬
635 3438 1715 3492 Die Handlung? Ein seltsames Gemisch aller mög¬
368 3435 542 3495 in und
1717 3432 2895 3501 tretens stürmisch gefeiert. Der Eröffnungsvorstellung für
2349 3480 2905 3539 „Der Orlow“ aus¬
547 3467 1711 3536 lichen Stücke der letzten Jahrzehnte, und nicht einmal der
1719 3479 2365 3545 die Granichstaedtens Operette
367 3483 549 3537 ls das
545 3521 1711 3587 jüngeren. „Der Pfarrer von Kirchfeld", „Liebelei“ und
1719 3518 2897 3582 gewählt wurde, wohnten Persönlichkeiten des königlichen
356 3527 542 3582 Zielfach
550 3562 1711 3630 „Frühlingserwachen“ und noch ein halbes Dutzend
433 3570 550 3623 des
1715 3561 2902 3621 Hofes mit Prinzregent Nikolaus an der Spitze bei.
550 3615 1710 3663 anderer steuerten Motive bei, zum Teil solche, die heute
1722 3612 2903 3661 Betty Fischer, die ausgezeichnet disponiert war, bot
354 3604 555 3667 tirnlen
543 3654 1709 3705 recht fremd und verstaubt anmuten. Eine unverstandene
1716 3653 2906 3711 stimmlich wie darstellerisch eine brillante Leistung, die
362 3651 543 3717 terung
1719 3685 2888 3760 auch von der Kritik ausführlich gewürdigt wurde. Die
550 3696 1713 3755 Frau flüchtet ihre Kümmernisse und ihre Liebessehnsucht
404 3703 545 3763 Pro¬
1709 3741 2881 3804 Wiener Künstlerin wird ihr Gastspiel in . Gräsin Mariza“.
540 3744 1709 3802 zu einem jungen Priester, der in schwere Gewissens¬
361 3736 541 3800 n sich
1715 3759 2890 3843 Die gold'ne Meistexin“. „Auf Befehl der Kaiserin“ fort¬
546 3776 1724 3837 konflikte gerät, sie aber mit der Kraft inneren Glaubens
359 3783 542 3840 s ent¬
370 3818 2792 3892 influßt überwindet, eine kleine Schauspielerin gleitet aus einem setzen und auch ein Konzert in Sinaia geben.
