3392 4320
1914 189 2364 282 box 34/4
262 194 1769 300 31. Im Spielder Sonnerinefte
194 917 658 1019 Wien, Mittwoch
2855 924 3151 1017 Seite 13
2005 924 2541 1019 25. Dezember 1929
1146 926 1635 1018 Arbeiter-Zeitung
2456 1047 3031 1138 Revolutionäre Satire.
2329 1110 3196 1184 Die sozialistische Arbeiterjugend Leopoldstadt
247 1135 329 1223 N.
2295 1174 3196 1231 veranstaltete Sonntag im Bayrischen Hof mit
883 1150 1911 1250 simfe und Wissen.
245 1201 492 1287 ortier des
2296 1213 3202 1273 Mitgliedern des Deutschen Volkstheaters eine
1363 1237 2282 1293 schen Reizungen, sondern um das Schicksalhafte
241 1260 480 1330 erkschaften
706 1240 1168 1338 Preisausschreiben.
2299 1264 3197 1332 Aufführung des „Grünen Kakadus“ von Artur
1396 1292 2287 1343 eines jungen Mädchens, das rund um sich die
254 1305 476 1362 Knapp,
545 1289 1376 1379 Der Vorstand der Sozialdemokratischen
2298 1323 3203 1378 Schnitzler und des „Gemütlichen Kommis¬
1393 1343 2282 1399 Flammen entzündet. Sie fährt weg, ins Pro¬
244 1347 473 1405 erdächtiges
479 1349 1138 1418 Kunststelle hat beschlossen, für ein
2296 1356 3209 1418 särs“ von George Courteline. Dr. Bach
246 1389 476 1447 Oberwach¬
1384 1389 2275 1445 vinzengagement und wird dort ihr altes Spiel
2306 1414 3197 1473 erläuterte in seinen einleitenden Worten die
633 1409 1107 1474 proletarisches Festspiel
239 1435 479 1491 iverzüglich
1381 1441 2281 1495 neu beginnen. Ein Lächeln des Dichters und des
485 1463 1123 1529 einen Wettbewerb auszuschreiben.
2300 1460 3200 1517 politische Situation, in der Schnitzlers Groteste
239 1475 473 1532 dessen ver¬
1395 1482 2274 1534 amüsierten Teils des Publikums begleitet sie.
539 1501 1371 1569 Das Festspiel soll für den 1. Mai oder den
2304 1509 3204 1565 spielt, und wies auf die aktuelle Bedeutung des
239 1511 470 1574 das Wach¬
1394 1533 2284 1601 Zurück bleiben die Melancholien der Resignation
484 1545 1381 1613 12. November bestimmt sein. Hauptinhalt: Die
2292 1556 3201 1620 Courteline=Einakters vom Größenwahn und
232 1558 472 1620 5 Rayons¬
1397 1577 1782 1639 und der Erfahrung.
237 1593 475 1663 wachmann
2287 1614 3208 1666 Dünkel des die Staatsautorität vertretenden
478 1612 1377 1662 proletarische Körperkultur¬
1439 1613 2289 1699 In der Darstellung des Deutschen
253 1648 487 1707 Sehn und
479 1654 1378 1724 bewegung. Alle Mittel dürfen verwendet
2291 1649 3203 1714 kleinbürgerlichen Beamten hin. Er schloß mit dem
1395 1669 2279 1730 Vollstheaters, geleitet von Direktor
245 1680 484 1751 iume im
492 1698 1381 1759 werden, die proletarischen Organisationen zu¬
2301 1699 3200 1759 Romain=Rolland=Wort, daß das Theater
1394 1723 2285 1784 Beer, ist auch die Besetzung der Rolle des
246 1727 468 1788 Schneider
487 1749 1372 1806 gänglich sind, also Musik (Chor, kleines Orchester),
2300 1740 3205 1805 nicht die revolutionäre Aktion selbst darzustellen
275 1777 465 1834 während
1391 1776 2287 1832 Kaplans mit dem stärksten Schauspieler, mit
479 1800 1377 1852 Sprechchor, Sportgruppen usw. Doch müssen die
2293 1797 3207 1865 habe, sondern daß diese revolutionäre Aktion
243 1807 474 1876 Verbands¬
1400 1824 2290 1887 Alexander Moissi, danach angetan, das
481 1841 1376 1892 Mittel so berechnet sein, daß der hierfür erforder¬
2292 1847 3200 1904 vom Theater ausgehen, als Wirkung des Thea¬
241 1859 466 1922 t vor den
1387 1874 2285 1926 Stück ein wenig nach der melancholischen, um
488 1888 1374 1941 liche Aufwand die normalen Kosten einer Mai¬
2292 1903 3202 1964 ters Wirklichkeit werden müsse. Schnitzlers
248 1904 464 1960 stand, um
1390 1927 2283 1985 nicht zu sagen tragischen Seite zu verschieben.
478 1939 1377 2007 oder Novemberfeier in den einzelnen Organi¬
234 1943 467 2012 nzuhalten.
2291 1953 3208 2009 „Grünen Kakada“ mit seinem geistvollen Hin¬
1392 1963 2276 2032 Glücklicherweise ist Fräulein Ullrich als junge
245 1991 475 2047 en Stock
476 1985 1373 2053 sationen nicht überschreitet. Bei Verwendung von
2304 1995 3208 2041 und Herflirren zwischen Sein und Schein im
1392 2012 2283 2079 Schauspielerin so stark, daß sie sich nicht nur
238 2034 467 2103 ld Portier
490 2041 1374 2091 Musikstücken müssen diese, wenn sie schon be¬
2305 2039 3209 2104 engen Bühnenrahmen und mit jungen Darstellern
1397 2063 2279 2134 neben Moissi behauptet, sondern auch der Ko¬
280 2072 468 2137 sich ohne
478 2082 1368 2145 kannt sind, genau angegeben oder neue
2293 2094 3203 2142 zu inszenieren, ist eine schwere Aufgabe, die
1395 2110 2286 2172 mödie ihren wahren Sinn zurückgibt. Frau
245 2116 471 2176 ie weiger¬
476 2131 1378 2182 Kompositionen zumindest in der Klavierpartitur
2304 2136 3204 2197 Maria Gutmann überaus geschickt löste. Das
1396 2164 2294 2219 Terwin als reife Frau ist im Lustspielmäßigen
282 2163 467 2217 meinten,
478 2182 841 2242 beigelegt werden.
2299 2187 3207 2239 Zusammenspiel war ausgezeichnet, die Auf¬
258 2207 465 2263 wohin sie
1396 2205 2285 2272 sehr gut, in der Auseinandersetzung mit dem
538 2232 1370 2292 Alle Einsendungen müssen ohne Namens¬
2304 2236 3210 2305 führung hatte Farbe, Lebendigkeit und Tempo,
238 2237 467 2307 ich wissen
1396 2252 2292 2310 Kaplan wird sie leicht pathetisch. Herr Olden
255 2276 1379 2337 1 nennen. Zennung, jedoch mit Kennwort erfolgen. Dem
2309 2285 3213 2352 und auch die Einzelleistungen, vor allem die
1387 2303 2293 2375 ist ein unwiderstehlicher Leutnant von Anno
243 2328 1380 2394 Mariahilf Werke soll ein geschlossenes Kuvert mit gleichem
2295 2339 3209 2402 Herbert Berghofs als Henri, dann die Franz
1383 2344 2291 2409 dazumal; vielleicht hat der Dichter die Figur
361 2376 1371 2423 nur Kennwort beigegeben werden, das den genauen
249 2384 343 2431 an
2301 2381 3201 2448 Stoß', Emil Parylas, Franz Deutsch', Nor¬
1396 2409 2286 2463 anders gesehen, aber Herr Olden gestaltet sie
240 2417 1371 2481 cken sowie Namen und die genaue Adresse des Bewerbers
2293 2430 3207 2490 bert Schobers konnten sich schon sehen lassen.
1382 2450 2290 2513 auf seine Art sehr drollig Herr Homma als
330 2463 475 2517 1 den
479 2465 1380 2531 und die Bezeichnung der Organisation enthält,
2304 2480 3209 2534 Die Beamtensatire Courtelines wurde mit toller
1383 2498 2281 2551 arrivierter Künstler und Damenfreund, Herr
251 2500 470 2562 eider und
475 2518 1375 2582 der er angehört. Zugelassen zum Wettbewerb ist
2295 2519 3212 2590 Laune und saftiger Groteskkomik von Franz
1387 2544 2286 2599 Riedl als Gymnasiast und Herr Xantho als
252 2550 469 2607 schen Be¬
479 2563 1377 2628 jedermann, der sozialdemokratisch organisiert ist.
2307 2575 3209 2626 Stoß und Franz Deutsch zu durchschlagender
255 2587 469 2648 ten und
1391 2593 2284 2647 unausstehlicher Bräutigam, dem man wirklich
536 2626 1377 2677 Die Preise betragen 300, 200 und 100 Schil¬
2297 2616 3206 2692 Wirkung gebracht. Die Schauspieler und mit
349 2636 477 2690 die
1390 2647 2289 2694 davonlaufen muß, vervollständigen das lebende
481 2667 1376 2722 ling. Die preisgelkönten Werke werden überdies
2310 2673 3218 2726 ihnen die Regisseurin des Abends konnten für
330 2675 472 2734 chen
1393 2688 2292 2759 Inventar einer vergangenen Zeit und bemühen
326 2718 473 2778 drei
480 2715 1071 2781 von der Kunststelle angekauft.
2294 2724 3217 2796 den stürmischen Beifall eines dichtbesetzten Saales
1403 2740 2283 2816 sich nicht ohne Erfolg, es lebendig zu erhalten.
246 2756 481 2823 chädigt
2302 2770 2461 2837 danken.
3029 2770 3174 2835 F. R.
533 2766 1387 2834 Zu Preisrichtern wurden bestellt die Genossen:
246 2807 466 2861 in frucht¬
476 2824 1384 2892 Bach, Beißer, Ellenbogen, Glöckel,
317 2851 458 2904 aufzu¬
2351 2853 3208 2918 Exl=Bühne. Im Raimund=Theater
485 2884 1232 2936 Hannak, Kuderna, Marmorek.
251 2862 468 2946 sie Akten¬
1566 2893 2130 2979 Weihnachtspremieren.
2287 2909 3214 2983 spielen jetzt die Exl=Leute eine Komödie: „Der
537 2909 1398 2995 Die Einsendungen sind an die Sozialdemo¬
259 2923 481 2997 uchswerk¬
2299 2954 3218 3028 letzte Kniff“ von Hans Renz, ein neues
1509 2960 2199 3036 Neues Wiener Schauspielhaus.
301 2982 476 3038 Reißer,
481 2971 1391 3048 kratische Kunststelle, 5., Sonnenhofgasse Nr. 6, zu
2301 3000 3207 3073 Bauernstückl. Auf dem Testamentshof will sich
248 3024 460 3078 er. Diet¬
478 3025 1393 3101 richten. Letzter „Einreichungstermm: 15. Fe¬
1431 2999 2281 3089 Der Stoff des alten Intrigenstückes
2304 3049 3208 3120 und will sich halt kein „gesetzmäßiger Leibes¬
243 3061 472 3117 ett, eine
1391 3078 2295 3140 von Sardou ist im Laufe der Jahrzehnte
490 3053 949 3146 brugr 1930. KUL.
931 3029 1003 3168 170
256 3105 481 3166 sebschnur.
2297 3112 3214 3175 erbe“ einstellen, immer wieder, jetzt schon in zwei
1395 3119 1511 3183 schon
1511 3108 2281 3188 ein wenig fadenscheinig geworden,
1198 3091 1340 3194 2
243 3148 483 3207 in Keller¬
2304 3156 3214 3225 Generationen, kommt halt ein uneheliches Kind.
1391 3158 2292 3246 aber die Haupttitel= und Bombeurolle der
582 3172 1372 3263 Die neue Schnitzler=Komöbie.
252 3194 478 3255 nd haben
2303 3202 3210 3267 Wenn nach dem alten Bauern aber kein gesetz¬
1386 3211 2290 3272 mündfertigen Wäscherin, die auch als Mar¬
250 3230 485 3298 Leiter die
503 3239 1377 3311 (Als-Zeit der Handlung ist das Jahr 1895
2304 3257 3216 3310 mäßiger Leibeserbe da ist, fällt der Hof an die
1396 3261 2287 3335 schallin ihren gesunden Menschenverstand nicht
251 3280 466 3335 vo sie die
477 3303 1379 3357 angegeben. Ungefähr um dieselbe Zeit schreibt
2304 3301 3205 3346 Schwester Portiunkula. Da heiratet der alte
1403 3319 2282 3375 verloren hat, ist noch immer so prächtig wie nur
243 3320 466 3392 Mit Blut
477 3343 1377 3404 derselbe Artur Schnitzler seine Groteske „Der
2294 3345 3209 3391 Bauer in aller Heimlichkeit die Annelies, die vom
1389 3363 2277 3421 je. Jetzt spielt die Konstantin die Madame
356 3367 464 3421 sich
266 3368 304 3423 3
482 3386 1377 3455 grüne Kakadu“, die, mag sie noch so unpolitisch
2293 3392 3205 3459 unehelichen Sohn schon wieder was Uneheliches
246 3407 458 3473 #in verletzt
1401 3413 2294 3470 Sans=Gene“ und erreicht sicherlich ihre be¬
475 3439 1377 3505 gemeint sein, wahrhaft revolutionär wirkt. Auch
2305 3432 3213 3504 unter dem Herzen trägt, und wird dieses letztere
1401 3459 2292 3517 rühmtesten Vorgängerinnen. In ihrer Derbheit
484 3486 1381 3542 heute, ja heute vielleicht noch mehr als zur Zeit
249 3462 461 3551 e Schrän¬
2309 3492 3210 3539 in die Ehe schreiben lassen. Das ist der letzte
1391 3505 2289 3554 klingt immer etwas Zärtlichkeit mit, sie ist mit
488 3539 1377 3595 ihres Entstehens. Denn damals sah man wohl
278 3537 465 3591 Martin
2307 3539 3217 3590 Kniff des Stückls, und er ist wirklich „nicht ganz
1393 3552 2277 3622 Grazie ungraziös, der Zuschauer freut sich mit
273 3581 473 3650 Gerüster
476 3577 1374 3637 vor allem den Uebergang von Spiel in Wirklich¬
2303 3586 3202 3647 sauber“, wie der alte Pfarrer (Franz Ludwig)
1400 3597 2290 3655 ihr, wenn sie der Hofetikette ein Schnippchen
468 3629 1380 3694 keit, von Wirklichkeit in Spiel. Daß dieses Spiel
2309 3636 3204 3689 immer sagen muß. Aber recht gut gespielt wird's
1401 3648 2287 3706 schlägt, und vibriert mit ihr, wenn sie in ein ge¬
472 3673 1382 3738 eine Aktion ist, der eine Aktion in der Wirklichkeit
2294 3688 3204 3744 von Eduard Köck, von Mimi Ostöttner, Ilse
1397 3699 2283 3752 lindes Pathos übergeht. Um sie herum die Kom¬
475 3730 1375 3790 entspricht, nämlich das ungeheure Ereignis einer
2313 3733 3213 3777 Exl, Ludwig Auer und besonders von Pepi
1401 3744 2281 3820 parserie selbst größerer Nollen, die eben in Wien
240 3729 448 3822 auf
457 3762 1370 3855 Revolution, eingeleitet durch den Bastillensturm,
2300 3780 3213 3852 Marik, die eine ganz prachtvolle Hauserin war.
1397 3794 2288 3855 den Stargast zu umgeben pflegt. Aber Herr
476 3824 1377 3889 das wird heute deutlicher erkannt als dazumal.
2305 3825 3120 3899 Hat also dem Publikum recht gut gefallen.
261 3808 393 3902 ist.
1398 3843 2293 3899 Feldhammer ist ein Napoleon und hält
3015 3856 3164 3930 O. K.
479 3867 1383 3917 Es gab also vor mehr als einem M#schenalter
1390 3905 2298 3952 seiner Partnerin stand. Im Aussehen viel ele¬
246 3889 470 3955 loridsdorf
487 3915 1380 3986 für den Dichter Schnitzler andre Probleme,
2352 3901 3208 3991 Die Pläne des Deutschen Volkstheaters. Im
1387 3938 2297 4005 ganter als der historische Napoleon, trifft er
255 3940 474 3996 getrieben,
484 3963 1373 4023 andre Tnhalte, als sie jener Zeit zumindest auf
2304 3958 3205 4023 Deutschen Volkstheater wird als erste Neuheit
264 3985 458 4040 in Gast¬
1396 3982 2291 4052 alle legendären Uebergänge von der Wildheit zur
482 4018 1155 4063 dem Theater zu entsprechen scheinen.
2301 4021 3204 4073 des kommenden Jahres das Lustspiel von Alex¬
259 4022 477 4085 ren Sitz
1396 4031 2286 4092 Herzlichkeit ausgezeichnet. Frau Konstantin und
2309 4071 3197 4123 ander Lernet=Holenia, „Mariage", zur
259 4063 475 4127 der Hoff¬
530 4055 1382 4134 Nichtsdestoweniger, aus der Enge einer genau
1393 4083 2281 4133 Herr Feldhammer wurden vom Publikum mit
266 4108 470 4164 sammelten
2311 4110 3195 4164 Darstellung kommen. Daran schließen sich die
484 4140 1380 4188 umschriebenen Welt ist dem Dichter Schnitzler oft
1403 4132 2287 4190 reichem Beifall bedacht, der auch der hübschen
260 4153 479 4211 ilung zu
2298 4159 3206 4208 Komödie „Hellseherei“ von Georg Kaiser und
