3344 4352
1941 166 2407 263 box 34/4
277 197 1805 292 31. Im Spiel der Sonnerluefte
856 919 3210 1053 VI., Gumpendorlersir. SöD VI., Neubaugasse 4 Erstau
3041 1033 3224 1093 Kriez
3036 1074 3200 1128 Ernst
3035 1112 3210 1176 Wald
1892 1133 3030 1218 in lustspielhaft geordneten Verhältnissen zufrieden fort. Die
801 1109 1790 1250 „Im Spiel der Sommerlüfte.“
1897 1200 3031 1268 geschilderte Gewitternacht ist nicht ausschließlich der Ent¬
481 1054 728 1276 #
3039 1199 3201 1272 im St.
1906 1235 3029 1290 sagung gewidmet. In dieser Nacht erhält die Beinahesünde
1064 1218 1577 1309 Deutsches Volkstheater.
3035 1253 3211 1310 Marisi
1900 1286 3032 1361 als Gegenstück eine Ganzundgarsünde, der sich Fräulein
3034 1299 3199 1358 Kabar,
834 1284 1879 1368 Es ist das Stück eines Abgeklärten, der Arthur
1896 1326 2889 1395 Gusti, eine Nichte der Friedleins, bedenkenlos ergibt.
3044 1339 3201 1394 Österr
749 1333 1890 1413 Schnitzler heißt. Ein tiefernster Gewissenskonflikt, doch zart
3038 1365 3202 1434 Sensa
1977 1351 3024 1430 Sie ist eine zukünftige Schauspielerin mit einer ver¬
743 1379 1889 1440 und behutsam gestaltet, bildet das Hauptmotiv. Nebenher
3028 1414 3195 1472 „Vorle
1894 1402 3020 1471 gangenen Bandelei und einem gegenwärtigen Geliebten,
746 1432 1881 1495 weicht die Abgeklärtheit kleinen Seitensprüngen, die der
3037 1454 3197 1507 Haupf
1895 1461 3030 1509 einem Arzt, der nicht will, daß sie zum Theater geht. Das
733 1477 1880 1560 Dichter in seine goldene Jugendzeit mit lächelnder Anmut
3041 1499 3196 1561 Treßle
1900 1502 3031 1561 süße Mädel als süßes Mistviecherl! Die gute Gusti, die
734 1519 1029 1584 unternimmt.
3033 1536 3193 1592 derum
1895 1551 3030 1618 bereits nach Innsbruck engagiert ist, läßt sich vorerst mit
840 1558 1877 1622 Schauplatz: Landhaus in der Sommerfrische Kirchau.
3037 1576 3188 1629 Schul
1891 1576 3035 1652 dem Sohn des Ehepaares Friedlein, einem siebzehnjähri¬
746 1585 1878 1666 Zeit: Spätsommer des Jahres 1895. Die Frau des Bild¬
1893 1635 3022 1696 gen Anatolbuben mehr als geschwisterkindlich ein. Zuerst
743 1652 1878 1713 hauers Friedlein fühlt sich in ihrer Ehe vernachlässigt. Man
3111 1670 3170 1733 2
1892 1682 3032 1746 trumpft sie ihn energisch ab, geht aber bei aufsteigendem
735 1693 1888 1756 behauptet, daß sie mit dem Kaplan des Ortes etwas habe.
3032 1705 3178 1776 ihrer
1894 1723 3026 1772 Gewitter in eine Gebirgshütte, wo der Pubertäterich sein
739 1735 1885 1787 Das ist eine Art Rufmord, denn ihre große Szene mit dem
3042 1760 3184 1819 gester.
1892 1763 3026 1830 Sofortprogramm eifervoll ausführt. Das Unwetter nötigt
745 1780 1880 1841 Priester, die bei Donner und Blitz den halben zweiten Akt
3032 1803 3184 1862 wiede
1898 1811 3021 1875 das Pärchen, die Nacht in der Hütte zu verbringen. Glück¬
740 1820 1883 1890 und die Drehbühne in Anspruch nimmt, endet mit Selbst¬
1896 1853 2167 1918 liches Pech!
734 1866 1874 1933 überwindung und Entsagung zweier Menschen, die sich
3033 1881 3185 1970 bekang
1976 1883 3026 1962 Im dritten Aufzug werden alle Schwierigkeiten lust¬
743 1907 1304 1972 nahe sind und doch so fern.
3033 1945 3185 1998 derens
1887 1926 3022 2005 spielend gelöst. Der Bildhauer findet den Weg zum Herzen
832 1929 1882 1999 Ein Meisterstück diese Auseinandersetzung voll Sehn¬
3038 1979 3176 2030 Qual¬
1888 1994 3025 2057 seiner vereinsamten Frau: Gusti stehl mit einem Fuß
739 1996 1882 2055 sucht, Zweifel und innerer Unruhe. Der Kaplan, der wegen
3040 2011 3175 2071 beim“
1890 2026 3034 2099 in Innsbruck; ihr Geliebter, der Arzt, weiht ihr eine
735 2047 1881 2097 eines bevorstehenden Duells seines geliebten Bruders,
3034 2049 3169 2121 der ##
1891 2078 3032 2136 halbe Abschiedsträne; der Gymnasiast bereitet sich für die
729 2078 1881 2137 eines Leutnants aus der berühmten Schnitzler=Armee, in
3034 2093 3184 2158 Kein¬
1895 2120 3030 2177 Matura vor, obwohl er das Zeugnis der Reife bereits
727 2116 1876 2186 Seelennot gerät, bedarf der Aussprache und des Mitgefühls.
731 2172 1880 2221 Ein Gedankenaustausch folgt, der sich zu einer regelrechten
1884 2155 3030 2234 vom Leben erhielt, und der Leutnant meldet telegraphisch,
733 2211 1885 2278 Disputation über Versuchung und Schuld, über Himmel
1893 2208 3037 2258 daß er in Innsbruck stationiert bleibt. Gusti ist also ver¬
732 2251 1882 2319 und Hölle entwickelt. Das Gewitter draußen hört zu toben
1887 2249 3034 2319 sorgt und auch der Bub, denn das Stubenmädchen Kathi
744 2298 1875 2360 auf, wie der Sturm in den Herzen, und der alte Spruch
1886 2291 3038 2378 läßt kein Auge von ihm. Wenn die Sömmerlüfte wieder
738 2333 1181 2408 wird Lügen gestraft:
1885 2338 2223 2406 wehen, dann ..
1973 2365 3032 2449 Moissi gibt den Kaplan. Ohne Salbung, gelegentlich
910 2386 1606 2473 „Und wär' der Mann ein Heiliger
1889 2429 3027 2489 ein wenig pathetisch, aber tief innerlich. Unter seiner Sou¬
922 2450 1452 2499 Und sie wie Schnee so rein,
1893 2474 3030 2527 tane schlägt ein Herz voll Güte und Frömmigkeit. Bewun¬
906 2486 1698 2570 Kunnt doch geschehen manch' ein Ding,
1894 2517 3026 2584 derung dem Dichter, der dieser Prachtgestalt Blut und
909 2534 1421 2614 So man sie läßt allein.“
1894 2562 3040 2629 Leben gab! Johanna Terwin nimmt als Frau Friedlein
828 2587 1889 2670 Der Kaplan von Kirchau ist kein Pfarrer von Kirch¬
1880 2601 3029 2657 den Kampf mit Moissi tapfer und verstehend auf Sie ist
1888 2643 3034 2717 nicht seine stärkere, aber jedenfalls seine bessere Hälfte. Lieb
733 2648 1885 2697 feld, kein Opfer seiner geistlichen Behörde. Von seinen Zwei¬
1887 2691 3025 2750 und neil und auch munter spielt Luise Ullrich die leichtlebige
733 2695 1877 2748 feln befreit, bleibt er weiter ein treuer Diener Gottes. Er
1886 2733 3038 2796 Gusti, ohne jedoch deren erotische Anziehung auf eine ganze
743 2731 1883 2804 will nie wieder ein sterbliches Wesen in seine irrende Seele
1888 2777 3034 2850 Kollektion von Männern pläusibel zu machen. Tonio Riedl
744 2780 1879 2844 schauen lassen, denn seine Sünde wär, daß er und Frau
732 2829 1876 2883 Friedlein sich beinahe verstanden hätten! Er geht geläutert
1894 2829 3032 2889 als Gymnasiast hat Naturburschenfrische und Humor dazu.
734 2874 1880 2932 aus seinem Seelenkampf hervor. Und seine Gebete für den
1894 2864 3032 2927 Man muß ihn im Auge behalten. Homma und Olben heben
732 2901 1887 2983 Bruder hat Gott erhört, denn das gefürchtete Duell endete
1893 2913 3036 2988 ihre kleinen Rollen durch feine charäkterische Zuge. Regie
1890 2953 2254 3012 Beer lobenswert.
741 2958 1643 3020 mit einer leichteren Verletzung des Gegners.
828 2994 1881 3070 Im Spiel der Sommerlüfte ist auch der schöne Mai
1972 2988 3025 3066 Arthur Schnitzler wurde wiederholt gerufen. Das Pu¬
737 3025 1878 3104 der „Liebelei“ noch nicht vorbei. Viele Motive aus des
1878 3035 3036 3093 blikum bereitete ihm stürmische Orationen Der Vollstän¬
734 3087 1874 3148 Dichters Lebenswerk werden angeschlagen, aber die han¬
1885 3076 3023 3143 digkeit halber sei noch mitgeteilt, daß der Dichter, trotz der
1882 3125 3029 3189 lustspielhaften Wendung der Händlung seiner Gewohnheits¬
733 3138 1876 3205 delnden Personen sterben nicht, sie setzen lieber ihr Dasein
1867 3181 3028 3239 liebe für letale Ausgänge auch diesmal nicht ganz entsagen
1886 3211 3026 3267 kann. Im dritten Akt stirbt nämlich ein alter Hofrat, dek im
1886 3246 2437 3336 Stück gar nicht vorkommt.
2645 3265 2987 3342 Julius Bauer.
1007 3374 1424 3458 BIIE
1887 3383 3030 3486 V. Philharmonisches Konzert und Staatsoper.
1889 3465 3024 3544 Clemens Krauß springt für Furtwängler ein, Betty Ursulege
2263 3521 2656 3579 für Lotte Lehmann.
757 3515 1799 3624 □ ScIDERVERKAUT!
1946 3551 3042 3647 So ist denn der Absagebazillus auch in die „Phil¬
