3296 4320
1738 192 2278 298 box 34/4
140 219 1674 291 31. Im Spielder Sonnerinefte
909 1409 2165 1510 „ Fr I  Sommerlüste“ beginnt Schnitz¬
2155 1453 3090 1517 kaum Härten und Schroffheiten, die man gern!
645 1425 1250 1539 Schnitzler. ###. K. R. 40
1265 1470 2146 1534 ler das Lebeit, wie es ihm hingeht. Im Spie.
2164 1497 3068 1556 vermieden gesehen hätte, bis auf Karl Gun¬
1256 1505 2149 1578 der Sommerlüfte sterben die Lebenssatten und
391 1512 1243 1594 Im Spiel der Sommerlüfte.
2158 1539 3062 1594 thers allzugroße Unbekümmertheit in sprach¬
1267 1556 2158 1618 finden sich die Jungen zueinander; im Spiel der
2164 1574 3075 1635 licher Hinsicht vielleicht, und seine forcierte
360 1574 1251 1667 Reichsdeutsche Uraufführung im
1273 1596 2159 1657 Sommerlufte flackern Sehnsüchte und Leiden¬
2161 1615 3074 1668 Jungenshiftigkeit, die dem Professor nicht recht
1263 1630 2153 1692 schaften auf, wie sie zusammensinken, wenn das
567 1640 1058 1720 „Neuen Theater“.
2162 1664 3068 1716 anstand. Lydia Busch gab der Frau Josefa, der
1261 1678 2151 1737 Gewitter den Morgen kühl und klar gemacht hat.
2168 1691 3068 1747 Frau auf der Flucht vor dem Alter, die zum
1262 1709 2151 1771 Bei dem Leben ist der Tod, bei der Ruhe des
402 1701 1254 1772 Wem das Theater nichts ist als Spiegel der
2164 1733 3070 1801 Leben drängend die Grenze zu durchbrechen droht,
1260 1747 2146 1813 Herzens das Brennen des Bluts. Alle seine
355 1752 1252 1817 Gegenwart, als Spiegelung des Weltgeschehens in
2155 1771 3067 1826 die den Menschen Holl von dem Kaplan und Seel¬
1267 1787 2148 1855 Menschen: der Professor=Maler, dem hinter seiner
344 1791 1253 1857 seiner engsten zeitlichen Begrenzung; wer es als
2164 1807 3059 1876 sorger Holl scheidet, der verstehenden Mutter und
1257 1824 2154 1893 Kunst die Welt und die Frau als Objekte zurück¬
351 1847 1255 1897 Schaubühne der menschlichen und zeitlichen
2152 1853 3058 1898 resignierenden Frau die nervösen, tiefen, grau in
1269 1871 2137 1928 treten, der Kaplan, dem die Frau zwiefach zur
347 1872 1246 1925 Wandlungen gelten lassen will und nur als
2161 1890 3062 1953 grau schattierten Züge, die zum innersten Wesen
1262 1908 2135 1967 Prüfung wird, das junge Mädchen, dessen Liebe
353 1920 1254 1956 diese, als Kanzel des politischen oder kulturpoli¬
2162 1930 3062 1986 der Schnitzlerschen Frau gehören; Marianne
1255 1947 2148 2014 leicht und unbeschwert sich unbekummert gibt wie
345 1955 1251 2012 tischen Tagesredners oder als Titelblatt einer
2157 1964 2238 2008 Ho
2315 1967 3061 2018 , die sommerluftleichte, im liebenden
341 1995 1247 2042 Boulevardzeitung, auf der Schlagzeile und Schlug¬
1251 1995 3058 2046 ein Spiel der Sommerlüfte, und der Junge Mädchen fraulich klug denkende Gusti, fand in
1266 2031 2147 2087 zwischen letztem Spiel und erstem Ernst des
344 2036 1241 2084 wort ihre lauten und deshalb um so kürzeren
2149 2041 3056 2103 Hans Stelzer, dem Jungen Eduard, einen
1261 2073 2142 2124 Lebens: alle seine Menschen sind Mitspieler in
345 2081 1245 2127 Triumphe feiern; wer Regisseur und Drehbühne
2151 2085 3057 2151 prächtigen Partner von quellender Frische, von
1247 2111 2146 2155 diesem Wehen der Sommerlüfte, wie er es selbst
350 2115 1245 2159 meint, wenn er Theater sagt und den Dichter ein¬
2149 2118 3064 2174 dem Massarecks (Kaplan Holl) zerquälte
1253 2145 2148 2205 war, er Altgewordene, der nun mit tiefen,
346 2150 1236 2207 schätzt nach den Möglichkeiten, die er dem tech¬
2151 2159 3063 2220 Düsternheit sich in eindrucksvoller Schärfe abhob.
1258 2186 2146 2247 klugen Worten, verhalten im Ton wie in der
340 2189 1244 2237 nischen Apparat zu glanzvoller und lauter Ent¬
2143 2197 3062 2268 Als eifersüchtelnder Arzt Faber sei Harry Just,
1256 2225 2135 2293 Stimmung, die über den drei Akten des Schau¬
343 2224 1244 2282 faltung gibt, wird in diesem „Spiel der Sommer¬
2149 2238 3051 2317 als Leutnani Holl Franz Arzdorf neben Tat¬
1260 2262 2139 2330 spiels liegt, von diesem Problem spricht, das
347 2270 1248 2331 lüste“ keinen Hauch von dem verspüren, was ihm
2152 2279 2745 2338 jana Sais als Kathi genannt.
1253 2308 2146 2364 niemanden weiter angeht als den Menschen allein,
344 2305 1241 2357 Theater in seinem Sinne ledeutet. Er wird Pro¬
2194 2312 2886 2379 Der Beifall war stark und herzlich.
1253 2347 2150 2392 ohne Bindung an eine Zeit oder einen Ort oder
339 2347 1244 2407 bleme erörtert finden, die ihm so verstaubt er¬
2785 2353 3011 2414 Bringezu.
1258 2385 2142 2444 eine Tendenz oder eine Partei oder sonst etwas,
345 2378 1246 2442 scheinen, wie das Jahrzehnt am Ende des ver¬
1255 2425 2148 2492 was nichts weiter ist, als ein in der Zeit wandel¬
343 2418 1249 2491 gangenen Jahrhunderts, in das der Dichter seine
1254 2462 1761 2516 oder wechselbares Attribut.
348 2447 1252 2526 Menschen stellt; die brausende, gellende Gegen¬
333 2506 1248 2560 wart, das bunte Spiel der Tage unserer Zeit mit
1294 2497 2148 2575 Die Handlung fließt leise und behutsam. Das!
336 2545 1242 2600 seinen grellen Farben, die Lautheit der Worte
1248 2545 2150 2607 Hauptstück des zweiten Aktes wird von einem
339 2594 1230 2643 und die Nacktheit der Gedanken, alles dies, was
1244 2591 2141 2645 Dialog zwischen dem Kaplan und der Frau Josefa
339 2617 1184 2686 ihm lebenswichtig und darstellungswert
1239 2630 2138 2688 bestritten. Im dritten Akt lösen sich die Ver¬
335 2666 1237 2719 wird er vermissen und er wird dies tadeln. Er
1250 2674 2139 2727 wicklungen, die mit den Sommerlüften kamen,
334 2703 1232 2759 wird den katholischen Kaplan mit seinen seltsam
1250 2713 2147 2751 leicht und leise, und zurück bleibt mehr das Er¬
338 2744 1237 2790 protestantisch anmutenden Ideen in seinen Ge¬
1245 2748 2142 2816 innern an einen Schmerz als der Schmerz selbst,
338 2782 1224 2840 wissenskämpfen, die alternde Frau, die ihren
1238 2787 2088 2849 der im Spiel der Sommerlüfte verweht ist. (
330 2806 1229 2875 Sommer mit letzten Kräften und letzten Mitteln
1247 2823 2148 2884 fehlen alle starken und harten Akzente, die das
330 2856 1234 2907 gegen den Herbst verteidigt dem sie nicht ent¬
1236 2871 2140 2928 Schauspiel zu einem Bühnenereignis von heute
325 2893 1231 2945 rinnen kann, die Jungen, die im Aufglühn in¬
1236 2897 2149 2967 machen, aber es sind alle die Schönheiten und
324 2942 1231 2999 einander nicht verbrennen, sondern glühender und
1244 2935 2144 3003 Tiefen da, die es als Dichtung von Größe und
331 2981 1203 3022 reifer werden und — wie der Kreis sich schließt —
1244 2982 2145 3045 Feinheit auch heute gelten lassen. Weil die Pro¬
333 3014 1233 3071 das Verstehen der Jungen und darin Sichwieder¬
1237 3029 2154 3085 bleme, um die es dem Dichter geht — allem
327 3058 1227 3112 finden der Aelteren in seine dichterische Anti¬
1236 3062 2147 3134 lauten Widerspruch zum Trotz — auch noch die
326 3097 1231 3154 quitätensammlung einordnen. Er wird es tun,
1238 3104 2148 3159 Probleme unserer Zeit sind, wenn sie auch sich
326 3148 1224 3194 weil er mit dem Teile seiner Zeit, der er ange¬
1244 3144 2145 3198 nicht so laut geberden wie jene anderen, die, weil
331 3175 1231 3229 hört, die Attribute für die Substanz nimmt, das,
1230 3186 2139 3253 sie kleiner sind, um so tönender klappern müssen,
338 3209 1229 3269 was um den Menschen ist, für ihn selbst, die Regie
1240 3222 1650 3275 um gehört zu werden.
338 3253 1231 3309 für die Dichtung, den Ton für das Wort, die Helle
1286 3243 2145 3317 Arthur Hellmer hatte die Aufführung auf den
332 3277 1245 3355 für das Licht! Und wird an Schnitzler, dem
1235 3300 2146 3362 bedeckten Ton und die verdeckten Farben abge¬
323 3316 2153 3417 Dichter, vorübergleiten, wie der Dichter an ihm.I stimmt, die Schnitzler gerecht werden. Es gab
