3436 4096
1275 -45 1401 37 inn Uan 4
1247 -47 1321 59 In7
298 -7 1251 51 S1. IO I IE
1841 547 3035 636 Urteils über politische Fragen haben noch miem
3005 576 3381 659 was immer mi
1832 615 3020 693 jenen Grad erreicht, der notwendig wäre, um
3017 652 3389 714 und unter Un
1837 666 3014 734 die volle Sicherheit zu bieten, daß die großen Mas¬
3009 695 3398 772 höchsten Intere
725 654 1805 796 Karäcsonyi üdulés
1849 702 3012 781 sen der Wählerschaft den schillernden demagogi¬
3011 747 3322 814 Demagogie,
1846 751 3020 819 schen Schlagwörtern Widerstand leisten und deren
3011 786 3357 860 eine Zeitlang
1846 799 3013 885 Leere und Durchführbarkeit selbst erkennen wer¬
741 772 1828 871 a Margitszigeten.
3017 837 3396 908 halten wird, ka
1857 838 3017 921 den, ohne ihnen auf den Leim zu gehen. Solange
1067 850 1615 922 Szälloda-Szanatörium
3024 887 3399 964 sich reißen und
1846 890 3027 978 die breiten Massen der ungarischen Wählerschaft in
1067 884 1822 981 Nyllvanos elterem es kävchäz
3018 939 3391 998 toben. Auch
1846 941 3020 1029 dieser Hinsicht nicht größere Sicherheit gewähren,
1059 954 1817 1044 Oleso utöidény-drak!
3017 983 3406 1048 Beachtung verd
721 975 848 1053 8017
1808 991 3030 1070 als das heute der Fall ist, ist es wichtig, daß sie
675 1050 776 1131 1
3019 1085 3394 1153 Zeit und den W
1850 1094 3027 1164 Höhe hinter diesem galanten Lustschlößchen von
686 1108 1853 1184 Garlan“). Oder es kreisen Leben und Tod eines Ge¬
3025 1132 3397 1210 Ich hinabzutauc
1847 1145 3028 1227 einst ein verschollener Garten — Libellen spielen
683 1157 1844 1233 fühls ineinander („Zwischenspiel“). Oder es leuch¬
3030 1193 3392 1258 aller Schnitzler
1855 1197 3026 1266 um den Weiher, die bourbönische Lilie ist in den
689 1205 1863 1275 tet aus großen, gestorbenen Worten noch einmal
3021 1239 3403 1295 wählt, einer die
1849 1239 3019 1329 Stein gegraben —, ist hier nicht der „junge Medar¬
683 1254 1863 1338 scheinlebendig-trügerisch auf („Komödlie der
3030 1277 3399 1342 verhangene Ged
1857 1289 3031 1347 dus“, unbesorgt um die kläffenden Hunde, zu der
681 1313 999 1389 Worte")
3010 1330 3406 1394 wunderbaren
1848 1330 2654 1419 schönen, stolzen Helene gestürmt?
3023 1382 3392 1450 tönend werden.
1939 1377 3028 1461 Hier auf meinem Weg, den Auslaufern des
783 1368 1870 1462 Aus diesem Friedhof, um den es schnitzlerisch
3123 1420 3412 1510 Was ereign
1861 1423 3032 1490 Wienerwaldes — muß ich immer Schnitzlers geden¬
683 1442 1864 1497 weht, sucht jetzt der Blick — da die Sonne jäh den
3021 1475 3403 1550 schen diesen sie
1859 1489 3026 1553 ken, weil er cin letzter, des Endes bewußter, heiter¬
686 1494 1866 1552 Schleier Turchbrochen — lichtere Gärten. Ja, Gärten
1860 1523 3026 1591 melancholischer Klang dieser Heimat ist, ein Aus¬
3027 1530 3400 1598 nen glauben. D
692 1535 1866 1600 sind überall, sie schimmern von der Stadt herüber.
1860 1564 3031 1646 läufer Grillparzers und Raimunds, und der Beginn
3023 1579 3405 1653 Stadt Geschäfte
697 1584 1861 1650 und viele Gärten sind in dieses Dichters Werk.
1863 1623 3030 1691 eines noch ungewissen Neuen. Ich stelle mir vor,
3029 1631 3408 1700 ten Abenteuern
697 1633 1865 1708 (Darum ist ein Duft des Lyrischen über ihm, wie
1870 1678 3023 1737 daß einmal aus der „Liebelei“ künftigen Geschlech¬
3024 1675 3410 1744 das, für die Büh
685 1684 1866 1751 es über Schönherr von seinen Bergen dramatisch
1861 1719 3022 1792 tern eine zarte Erinnerung steigen wird, wie sie für
3035 1732 3411 1793 die grande pas
690 1732 1854 1811 gewittert.) Dort hinter Sankt Stefan ... der Stadt¬
1860 1770 3030 1828 uns jetzt aus Schuberts Liedern steigt, und daß man
3030 1778 3416 1841 Liebeleien erleb
688 1776 1866 1834 park; der junge Lobheimer und die Christine, sie
1856 1814 3030 1868 den Herrn von Sala wic ein fernes, verblaßtes Al #len¬
3028 1824 3411 1895 mal die Sinne
690 1826 1864 1897 haben gewiß von dem schmiedeisernen Gitter¬
1868 1862 2971 1933 bild, nicht ohne leise Trauer, betrachten wird.
691 1872 1862 1941 häuschen zugesehen, wie die Schwäne — zeitlos wie
3029 1866 3406 1950 man so nennt,
3033 1913 3413 1988 junge Mensch,
698 1917 1815 1991 das Gefühl, das jetzt durch diese Jugend zog -
3036 1971 3411 2042 Wissen um das
1941 1946 3031 2029 Die neue Komödie Schnitzlers: „Im Spiel der
699 1966 1126 2058 dahingeglitten
3029 2014 3405 2090 wonnen hat —.
1858 2006 3035 2104 Sommerlüfte“ — sie geht in den nächsten Stunden
3025 2056 3415 2130 reigen aus den
788 2043 1863 2130 Später hat es ihn dann in die Cottagegärten ge¬
1866 2067 3030 2134 am Wiener Deutschen Volkstheater in Szene — ist
3029 2109 3422 2180 dennoch hieße
695 2105 1872 2166 lockt, wo die Menschen spekulativer sind — auch
1864 2104 3031 2171 aus dieser Sphäre, die ich mit den Farben des
3030 2159 3423 2236 sagen: er ist hie
704 2160 1867 2224 über die Seele, das „weite Land“. Und über diese
1864 2169 2990 2250 Dichters, Aquarellfarben, zu schattieren versuchte.
3117 2203 3422 2274 Diese Figun
692 2203 1879 2278 neuen Pfade flogen, von einem anderen Friedhof
1961 2196 3036 2269 Es ist eine Komödie Artur Schnitzlers, dieses
3031 2236 3420 2323 Schicksal, sonde
701 2250 1871 2315 herüber, wo Theodor Herzl begraben ist, Schatten
1878 2250 3041 2327 großen Ergründers und sübtilen Malers — nicht
3027 2304 3400 2378 des Blutes und
693 2299 1863 2373 aus seines Volkes Vergangenheit, und sie verdichte¬
1864 2301 3035 2380 bloß der österreichischen, sondern der darin
3039 2353 3418 2423 ist hier alles, n4
698 2344 1865 2410 ten sich zu diesen schmerzlich ironischen und
1865 2347 3045 2419 blühenden seelischen Landschaft — und so ist er
698 2389 1875 2459 zweifelnd aufbegehrenden Gestalten um den „Weg
3040 2398 3416 2462 ein Spiel von
1866 2401 3037 2462 auch hier ein solcher Aquarellist des Dramas,
699 2448 1869 2512 ins Freie“. Aber da sind andere Gärten in seinem
3044 2435 3427 2509 dem Wort Arta
1875 2464 3048 2521 möchte man sagen, wie heute keiner neben ihm, in
703 2492 1863 2550 Werk, Wiener Vorstadtgärten, durch die ver¬
3038 2500 3428 2574 alle, wer es weit
1870 2497 2993 2559 Osterreich nicht und nicht in deutschen Landen.
708 2529 1879 2599 schwiegenste Menschlichkeilen. Trauerspiele zwi¬
1954 2541 3049 2616 Die österreichische Landschaft, sie leuchtet und
709 2579 1876 2647 schen Sohn und Mutter, dunkeln. Und ein Garten
1883 2599 3044 2666 lebt auch über diesen Szenen, von der Hand eines
3117 2586 3432 2684 Hier spielen
715 2630 1878 2706 mit einem Teich, in den eine stolz Enttäuschte
1887 2650 3044 2722 Meisters nachgeformt, der — man merkt es auch
3046 2648 3432 2722 werden nur, Sch
711 2679 1878 2763 gleitet, und ein Garten rauscht — in Boiogna sollen
1875 2701 3032 2772 diesmal — das ärztliche Skalpell geführt, bevor er
3039 2712 3429 2773 nius der Gattung
714 2726 1885 2793 wir glauben —, in dem die süße Beatrice dem
3037 2752 3433 2827 mancherlei Schun
1883 2760 2262 2829 zur Feder griff.
712 2771 1815 2848 Dichter Philippo Loschi ihren Traum bekannte:
3111 2797 3436 2869 Eigentlich b
1965 2791 3044 2868 So läßt er auch diese Seelen- und Sinnen¬
849 2832 1715 2895 Warst du nicht, Beatrice, nur ein Kind,
3039 2835 3438 2916 Professorenhausd
1867 2858 3041 2917 komödie zwischen sieben Menschen in einem nie¬
840 2871 1767 2933 Das mit der Krone spielle, weil sie glänzle,
3041 2899 3437 2964 Pflegner, der Ni
1869 2901 3049 2958 derösterreichischen Ortehen, es heißt Kirchau und
836 2916 1807 2992 Mit eines Dichters Seel', weil sie voll Rätsel —
3042 2936 3442 3015 Vinzenz Friedlei
1880 2949 3041 3013 ist irgendwo im Gebirge, vor sich gehen am Ende
1880 2997 3433 3070 des vorigen Jahrhunderts, in der Zeit der Schnitzler-Jaber diese Banch
801 2997 1894 3084 Blüht er nicht, blühen diese Gärten nicht alle
703 3046 3439 3157 irgendwo um diesen Weg: Ist nicht dort auf der menschen und Schnitzlerkonflikte, da man noch hafter Art, werd
