3436 4256
1961 152 2412 245 box 34/4
288 178 1804 283 31. Im Spielder Sonnerinefte
843 1379 1373 1500 U hraen
1689 1404 1918 1491 Wiener
1193 1442 2220 1612 Allgemeine Zeitung
886 1562 2718 1757 Moissi ist von Schnitzlers neuem Stück begeistert
908 1674 2724 1848 „Wie wenn der Wind in die Blätter greift, gibt es tausend
1487 1781 2104 1884 Töne und Klänge“
1890 1822 2709 1915 Ich möchte dennoch ganz entschieden betonen,
765 1860 879 1965 —
965 1862 1819 1973 Arthur Schnitzlers neue Komö¬
1825 1874 2723 1966 daß ich mich nicht berufen fühle, eine Art Urteil
1819 1922 2733 2020 über diese wunderbare Schöpfung des großen
911 1922 1802 2010 die „Spiel der Sommerlüfte“ soll als
1823 1966 2726 2048 Dichters abzugeben. Es sind meine rein persön¬
914 1966 1821 2058 Weihnachtsnovität des Deutschen
1829 2014 2725 2100 lichen Eindrücke. Die Eindrücke meiner persön¬
906 2014 1811 2100 Volkstheaters zur Aufführung gelangen.
908 2059 1808 2150 Da Alexander Moissi die Hauptrolle spielt,
1835 2080 2221 2159 lichen Ergriffenheit.
1899 2082 2738 2184 Für mich ist es eine merkwürdige Empfin¬
910 2098 1824 2187 haben wir uns heute an den Künstler gewendet
1833 2144 2733 2232 dung, daß ich in diesem Stück zum erstenmal in
924 2141 1820 2232 mit der Bitte, uns über seine Eindrücke, die er
931 2188 1824 2294 nach der Lektüre des Werkes hatte, zu berichten.
1841 2193 2744 2276 meinem Leben einen Geistlichen zu spielen habe,
1153 2245 1603 2323 Alexander Moissi sagt:
1837 2254 2331 2330 ich trete als Kaplan auf.
996 2269 1833 2373 „Ich bin von dem neuen Werk Arthur
1909 2247 2753 2364 Richt ohne leise Rührung dachte ich bei der
928 2319 1835 2410 Schnitzlers, ich kann wohl sagen, vollkommen
1845 2332 2549 2410 Lektüre des Stückes an die Zeit,
1841 2356 2750 2446 Arthur Schnitzler kennen lernte. Es
934 2373 1829 2462 objektiv, mehr als entzückt. Es ist echtester
1838 2414 2760 2493 war vor ungefähr 25 Jahren, als ich, ein junger
933 2410 1831 2510 Schnitzler, Schnitzler im Extrakt sozusagen, es
1848 2461 2750 2542 Schauspieler bei Max Reinhardt, an dessen klei¬
943 2455 1832 2555 ist ein Werk von äußerster Zartheit und dabei
1841 2486 2759 2577 nem Theater in Berlin, dem früheren Kabarett
936 2501 1836 2596 doch, man muß es aussprechen, von einer gewissen
1851 2544 2763 2635 „Schall und Rauch“, und zwar vermutlich der
940 2548 1835 2648 Kühnheit. Denn es ist heute sicherlich ein Wag¬
1853 2583 2771 2674 verlästertste und meist verrissenste
953 2587 1835 2679 nis, ein Stück zu schreiben, das so ganz auf
1865 2629 2758 2722 Schauspieler Berlins war. Damals
950 2633 1839 2721 äußerste Zartheit des Empfindens, auf Duft und
1865 2672 2768 2767 vertraute mir Reinhardt die Rolle des Henri in
955 2683 1844 2769 Ton gestellt, geradezu demonstrativ gegen jeden
1851 2724 2758 2800 Schnitzlers Einakter „Der grüne Kakadu“ an und
960 2750 1323 2830 Effekt gestaltet ist.
1864 2767 2769 2851 Schnitzler kam auf die Proben. Ich war natür¬
1027 2757 1852 2861 Denn dieses neue Werk Schnitzlers ist nicht
1868 2810 2761 2903 lich sehr besangen und sehr besorgt. Schnitzler
961 2814 1848 2903 ein Trumpf der Vorgänge und Begebenheiten,
1874 2851 2768 2951 jedoch war begeistert und ich bin heute noch
955 2857 1853 2945 es ist ein Spiegel der Charaktere, ein Spiegel der
1871 2900 2773 2985 tief bewegt über die Güte, mit der er
968 2906 1855 2994 seinsten und kompliziertesten Menschlichkeiten. So
1873 2940 2773 3037 mir damals begegnete. Oft und oft hat
967 2939 1853 3040 strahlt und sprüht es in zahllosen Lichtern. Es
1870 2986 2779 3081 Schnitzler nachher sehr scherzend diese Zusammen¬
974 2984 1870 3083 ist, wie wenn man dem Wind lauscht, der in die
1875 3025 2781 3120 arbeit gerühmt und mir versichert, daß er stolz
959 3036 1863 3122 Blätter greist und tausend Töne und Klänge zu
966 3076 1862 3166 hören glaubt. Nicht ohne Grund, wie man sieht,
980 3075 2784 3214 nennt daher Schnitzler seine Dichtung „Spiel! darauf sei, mich sozusagen „mitentdeckt“ zu
1861 3153 2040 3222 haben.“
973 3194 1339 3273 der Sommerlüfte“.
908 3189 962 3293 e
886 3283 971 3358 er
1102 3298 1370 3394 2
2796 2197 2860 2293 —
2760 2403 2880 2473 spält
2761 2460 2877 2509 war
2755 2487 2895 2550 Rene
2752 2540 2899 2601 Phre
2763 2574 2892 2646 voce
2770 2617 2867 2662 des
2776 2650 2889 2708 bewe
2781 2695 2878 2743 zehn¬
2776 2727 2879 2786 das
2775 2771 2859 2824 im
2775 2787 2897 2862 akuf
2774 2845 2894 2906 Net
2802 2924 2879 3010 sar
2789 3001 2892 3047 der
2797 3074 2893 3123 Sch
2794 3108 2911 3163 Kur
2787 3148 2911 3219 veri
