3344 4320
1164 220 1406 301 Sonne
1936 225 2400 327 box 34/4
262 222 1784 329 31. Im Spiel der ##mnFluefte
3074 998 3356 1096 Nachlsgedia
2270 1040 3346 1137 2. Cahel, Lizetg tele Bundeskanzler Schob
1012 1035 1177 1138 „i Cnft
1746 1075 2138 1168 a. D., Präsiden.
2196 1090 3353 1202 Zentralamtes für Skätift die Kleinen. Hierauf sprach
1723 1148 3341 1231 [Breisky, Polizen räsident a. D. Walldorf, der Bimndespolizei der Leiter
2761 1210 3355 1288 klärte: Wir haben nur de
720 1215 2773 1331 erlöschender, abklingender Kraft liegt hier vor, vohl aber auch ein wenig die Unreife auf die Kunst¬
2761 1252 3356 1340 Bundeskanzler Schober, wen
727 1264 1736 1349 aber eine edle, gehaltreiche Dichtung von hoher, ge¬
1752 1290 3334 1377 darbietung, doch bleibt immerhin ein frisches, natur gabe beendet hat, wieder zu #
713 1316 1746 1409 danklicher Schönheit und sprachlicher Vollendung.
1751 1348 3357 1457 wüchsiges Talent erfreulicherweise feststellbar. Die Das ist das Höchste, was i
723 1375 1746 1454 Schnitzler ist nicht schwächer, er ist nur vorsichtiger,
1759 1398 2936 1479 Gusti der Luise Ullrich hat etwas von Hedwig bitten!
716 1429 1736 1499 milder und gütiger, zum Begreifen und Vergeben
1749 1446 2769 1530 Keller, auch bißchen was, leider zu wenig, von
2785 1445 3344 1542 Nachdem der Redner gesch
719 1479 1746 1549 geneigter geworden. Es ist ein lächelndes Verstehen
1742 1486 2759 1577 Paula Wessely, aber dabei doch noch Eigenes
2762 1513 3354 1591 Bundeskanzler Schober un
719 1525 2754 1623 und Durchschauen, das allem Geschehen einen Teil genug. Auch hier blüht Begabung herauf, un¬
2756 1571 3353 1643 Damen der Polizeibeamten
717 1565 2752 1671 seiner anhaftenden Erdenschwere benimmt. Grill= bezweifelbar und unverkennbar. Tantho hat zu¬
2757 1622 3343 1696 Kleinen vor. Diese erhielte
712 1618 2753 1725 parzer hatte auch sein berühmtes Greisenwort: viel Balkan in der letzten Zeit gespielt. Aus dem
2758 1652 3355 1750 stücke, ein Sparkasseubuch m
713 1682 1731 1749 „Sei's!“ Aber es klingt herb und bitter, entsagend,
1738 1688 2745 1763 exotischen Mihail sollte doch schon einmal ein herz¬
2760 1715 3090 1788 werk und Obst.
704 1718 1739 1796 verzichtend, Schnitzlers „Sei's!“ tlingt hell und klar
1737 1735 2759 1811 haftet deutschösterreichischer Michel, ein gerader
706 1773 1728 1861 wie eine fein abgestimmte silberne Glocke: „Sei's!“
1731 1771 2756 1859 Michel, werden. Hans Olden war auch diesmal in
1732 1837 2754 1915 kleiner Rolle des Offiziers der entzückende, liebens¬
2789 1832 3354 1946 Prämtierung von 9
1740 1889 2760 1982 würdige Darsteller, der er bisher noch immer war,
754 1855 1726 1966 Die Spielleitung Direktor Dr. Rudolf Beers
2796 1918 3348 2009 Der schöne Brauch der Pra
708 1926 1718 2015 bereitete dem szenisch schwierig zu fassenden Werke
1732 1944 2757 2021 ein Charakteristiker, der mit den kleinsten homöopa¬
1734 1983 2736 2064 thischen Dosen seine ausreichenden Wirkungen
710 1990 1726 2057 die liebevollste Übertragung ins Bühnenwirkliche, sie
2754 1976 3325 2061 Dienste wurde am Sonntag
1738 2032 2740 2121 hervorbringt. Auch um die kleineren Rollen war es
2756 2034 3347 2114 Feierlichkeit geübt. Im kleinen
706 2028 1722 2109 ging allen rasch wechselnden Stimmungen sorgfältigst
1731 2083 2733 2158 diesmal ganz glänzend bestellt und besonders an¬
697 2083 1719 2152 nach und der Poet Schnitzler fand einen kongenialen
2742 2092 3331 2160 polizeidirektion auf dem Sch
700 2136 1726 2210 Interpreten, der, wo er schon nicht mit ihm gehen
1735 2136 2742 2215 genehm fiel das kokette Landdienstmädel der
2754 2148 3340 2210 rat Dr. Pollak im Namen
692 2179 1719 2263 konnte, doch nichts gegen seine Absichten unternahm.
2756 2188 3337 2261 Schober die Prämiierun
1731 2173 2739 2279 Marietta Ellinger auf, ein wohl zu merkender
1737 2229 1885 2296 Name.
701 2228 1733 2300 Moissis Kaplan war eine mit dem vornehmsten
2744 2239 3316 2303 Hausgehilfinnen, d
701 2283 1726 2358 künstlerischen Maßhalten gestaltete, ganz unkomö¬
2735 2278 3332 2360 Jahre in einer Familie gedie
692 2325 1730 2421 diantische Schaffung. Hier verstummte der Virtuose
1740 2310 2739 2417 Das Publikum ging mit seinem Dichter, der alt
2731 2337 3340 2411 mehr als sechzig Gesuchen mu
696 2381 1717 2451 und ein reiner großer Mensch kam zu Worte, zu
2734 2381 3348 2452 Anton Kocian die würdigsten
1731 2390 2733 2464 geworden und jung verblieben ist. Es wollte immer
697 2423 1717 2503 klangvollem Worte. Und wie Anzengrubers Pfarrer
2742 2437 3333 2511 gehilfinnen waren fast durchu
1725 2435 2729 2509 wieder Artur Schnitzler sehen, um ihm stürmisch zu
695 2483 1718 2552 Hell möchte man auch diesem Kaplan Holl zurufen:
2736 2480 3327 2560 gebern erschienen. Hofrat
1716 2484 2726 2570 danken und lebhaft zu huldigen. Und als zusammen¬
692 2533 1384 2609 „Du bist schon der Rechte!“...
1708 2536 2733 2602 fassenden Abschluß läßt sich eigentlich über „Im
2744 2530 3333 2602 darauf hin, daß es ein alter
1712 2587 2723 2657 Spiel der Sommerlüfte“ nichts Besseres
2728 2591 3330 2656 direktion sei, die Hausgehilfin
716 2594 2729 2705 Dem Bildhauer gab Homma die nötige und Vollkommeneres sagen, als was Artur Schnitzler
2735 2633 3327 2706 lange, ununterbrochene und
683 2633 1723 2731 Künstlerhauskoketterie von 1895. Man sieht sogar
1720 2677 2725 2761 in seinem gedankentiefen „Buch der Sprüche und
2735 2691 3320 2755 ausgezeichnet haben, durch ei
686 2687 1710 2768 seinen „Fries“, wenn man den Mann sieht. Nur das
1710 2731 2725 2816 Bedenken“ selbst ausgesprochen hat: „Nur derjenige
2726 2734 3336 2808 eine Widmung zu ehren. Früh
692 2743 1712 2816 Monotel wäre als unpassend fortzuwünschen. Die
1707 2782 2726 2845 Künstler vermag ein reines Dasein in der Welt zu
2737 2786 3321 2849 direktion für den Zweck öffent
681 2784 1716 2870 Frau Josefa war bei Johanna Terwin in den
1720 2826 2728 2910 führen und zugleich reinliche künstlerische Arbeit zu
2734 2836 3325 2898 fügung gestanden, seit dem U
677 2833 2711 2952 behutsamsten, weichsten Händen. Anfangs ein wenig leisten, der sich zu den von ihm geschaffenen Gestalten
2725 2889 3335 2962 versiegt und nur private Wid
684 2898 2723 3011 gedrückte, gehemmte Else Bassermann, spielte sich die in ein menschliches und zu den Menschen, mit denen
2731 2931 3338 3001 Vereines „Nothburga“ hätten
688 2938 1715 3003 Terwin im Schatten eines Großen langsam frei und
1700 2980 2723 3072 er lebt, in ein künstlerisches Verhältnis zu setzen
688 2991 1707 3049 immer freier zu eigenen ergreifenden Wirkungen
2722 2987 3328 3055 kanzler ermöglicht, auch heuer
1699 3021 1850 3097 weiß.“
2716 3019 3327 3105 zunehmen. Trotz seiner großen
682 3027 1704 3099 hinan. Tonio Riedl, der Sohn, hatte das frische Zu¬
2711 3080 3339 3160 sich selbst sämtliche Gesuche vor
683 3091 1737 3188 tappende. Flegeljährige, das die Rolle will, übertrug
2710 3136 3333 3230 eigenen Mitteln die Zahl de
