3296 4320
1808 170 2264 267 box 34/4
161 181 1673 270 31. Im Spiel der Sonnerluefte
1041 526 1314 730 G
815 689 1495 754 M.
1556 691 1783 764 MI.
864 786 1834 877 rgus Suisse et International de la Presse S. A
1057 848 1632 920 28, Rue du Rhöne - GENRVE
850 901 1821 991 Adr. telegr.: Coupures-Geneve — Tél. 44.005
856 1008 1807 1088 Bureau international de coupures de journaux.
961 1068 1721 1131 0 aductions de et en toutes langues.
830 1166 1852 1263 Correspondants dans toutes les grandes villes.
829 1291 1279 1383 Entrast du Jeurnal
826 1406 1050 1470 Advetee
1306 1511 1825 1675 A C
1113 1710 1850 1863 Kustur der
1869 1731 2586 1873 Gegenwart
1842 1900 2789 1998 Eleganz der Erscheinung. Frau Ondra ber¬
973 1858 1805 2002 „Bühne und Musik
795 1920 908 1994 Ta
1855 1966 2778 2019 schränkte sich zumeist auf einen unverbind¬
789 1980 923 2030 me
1026 1976 1774 2079 Gedämpftes Saitenspiel
1848 2005 2788 2083 lichen Konversationston, während sie die
795 2014 932 2078 per
1853 2051 2788 2121 schmerzlichen Erkenntnisse der aus dem“
968 2046 1804 2136 Schnitzier: „Im Spiel der Sommerlüfte“
1828 2086 2771 2166 Gleichgewicht gebrachten Frau durch männ¬
807 2102 907 2178 O
1226 2097 1563 2167 Kleine Bühne
1829 2126 2782 2208 lich wirkende Gestikulation, nicht aber durch“
959 2135 2782 2243 im zweiten#er drei Akte sagt ein Ka- überzeugende Wärme des Ausdrucks ver¬
917 2192 2772 2285 plan, der###### Offizier geworden wäre: „Nie-I mitteln zu sollen glaubte. An der Peripherie
923 2242 2766 2322 manden bleiben- innere Kämpfe ganz er-] des Stückes huschten vorüber: die Damen
918 2276 2765 2391 spart. Abm-olne die wäre wohl auch der Spiva und Hornig als munteres Schwestern¬
921 2328 2763 2429 innere Friede nicht viel wert. Das ist ja crst vaar und Herr Padlesak als österreichischer
923 2365 1831 2447 der rechte, den man sich erkümpft hat. F N
1839 2387 2756 2487 Leutnant, der wie ein aktiv##ter Einjährig¬
920 2412 2725 2511 Selbstüberwindung ist Friede, ist Glück.“ Freiwilliger anmutete; ferner Herr Stöckt.
911 2454 1840 2537 Und eine Frau antwortet: „Immer, Hoch¬
1864 2486 2809 2564 Das Publikum nahm das „Spiel der Som¬
916 2499 1833 2576 würden? Ich frage mich manchmal, ob nicht
1843 2527 2765 2604 merlüfte“ im Sinne der Inszenierung auf,
906 2538 1834 2619 die Leute besser dran sind, die sich nicht
1832 2574 2796 2660 also als ein Mittelding zwischen Schwankit#
915 2589 1830 2666 überwunden, die alles auf sich genommen
1833 2610 2143 2674 und Groteske.
917 2633 1836 2712 haben, was ihnen das Leben gebracht oder
1878 2657 2830 2736 Dem geistigen Kern der Komödie ist diesel.
910 2663 1802 2741 über sie verhängt hat, Freude und Leid —
1836 2691 2806 2789 Aufführung leider nicht gerecht geworech. F
906 2712 1825 2809 Gutes und Böses — Schönes — und Häß¬
909 2741 1206 2817 liches auch.“
2590 2760 2819 2841 G. p. 4
950 2800 1827 2884 Um die ernste Hauptszene gruppiert sich
2008 2816 2833 2933 neleneiche-Onsattel
902 2844 1831 2925 Schnitzlers Sommerkomödie, las scheinbar
904 2885 1837 2964 harmlose Getändel junger Städter in der
901 2936 1838 3013 Sommerfrische. Ich weiß nicht, ob Arthur
889 2962 1830 3058 Schnitzler die drei Akte nach oder vor dem
900 3008 1833 3098 Friege geschrieben hat; jedenfalls enthalten
890 3055 1838 3139 sie viel Lebensweisheit, die im allgemeinen
897 3102 1825 3185 erst in reifem Alter geäußert zu werden
891 3157 1828 3215 pflegt. Und der zitierte Dialog erscheint mir
894 3201 1825 3287 identisch mit einer Auseinandersetzung zwi¬
884 3236 1829 3317 schen dem Schnitzler der leichtgeschürzten
889 3276 1829 3368 und dem Schnitzler der tragisch umwitterten
884 3322 1826 3425 dramatischen Dichtungen. Denn auch im
893 3384 1835 3454 „Spiel der Sommerlüfte“ stehen die leicht¬
877 3415 1832 3509 fertig Verlangenden en Schwerblütigen ge¬
883 3458 1824 3542 genüber, und nur weil es diesmal eine Ko¬
882 3508 1817 3580 mödie zu schreiben galt, läßt der Dichter
881 3552 1819 3636 der noch leidungeübten Jugend vor den sich
876 3580 1649 3665 selbst Ueberwindenden den Vortritt.
913 3634 1817 3714 Der tschechische Dichter Fräna Srámck
873 3672 1809 3757 hat vor Jahren in seiner dreiaktigen Komödie
869 3726 1816 3800 „Sommer“ Aehnliches gestaltet. Die Grup¬
875 3772 1813 3844 pierung der Paare — es handelte sich im all¬
868 3806 1821 3888 gemeinen um Menschen von ähnlicher Arti
878 3849 1815 3926 wie bei Schnitzler — und der Handlungs¬
863 3883 1807 3969 ablauf vollzog sich damals anders, aber bei¬
873 3937 1810 4007 den Werken ist die gleiche Atmosphäre ge¬
863 3973 1845 4054 meinsam. Der junge Slave ist sinnlicher, der###
867 4023 1846 4104 reife Oesterreicher nachdenklicher, die Luftt#
870 4069 1844 4135 um ihre einen schwülen Sommer durchtau- f
861 4113 1804 4182 melnden Gestalten aber ist die gleiche und
