3392 4256
1946 170 2344 239 —.—
1487 241 1956 335 box 36/5
145 247 1345 362 1. Panphlets offprints
1019 667 1058 731 2
537 663 616 741 een
2226 622 2824 758 — —
1293 1001 1693 1083 GABRIEL MARCEL
769 1009 899 1104 522
760 1086 2218 1167 pules avec lesquels vous vous torturez? N’avez-vous pas vous-méme,
760 1148 2211 1220 ilyasix semaines, parlé au docteur? Il ne vous a pas caché la vérité.
763 1218 1253 1298 Cela devait étre ainsi.
811 1276 1904 1346 HausbonrER. — Pas si tôt! pas encore mainlenant.
817 1341 2214 1403 HEiNnien. — Comment pouvez-vous affirmer cela, Monsieur Haus¬
760 1393 2097 1466 dorfer? Vous ne supposez pourtant pas qu’on ait rien négligé?
800 1446 2070 1542 HausbonrER. — Non, non. Excuse-moi. Rien n'a été négligé.
805 1504 1454 1592 Heignien. — Eh bien, alors?
801 1559 2219 1617 Hausboarrn. — Mais ne viens-tu pas de me raconter toi-mème
774 1622 1819 1695 qu'elle avait encore deux ou trois ans devant elle?
808 1686 2228 1759 Hrinicn. — Ah, c’est cela? C’est vrai, mais le docteur me mettait
755 1739 2208 1796 en garde contre la possibilité d’une mort soudaine, vous le savez bien
794 1795 2218 1872 HAusboarEn. — Soudaine? cela serait assez exact (hésitant d’abord,
753 1868 2103 1939 puis d’un ion résolu). Mais naturelle.., ceci est une autre affaire.
809 1943 2204 2028 La pauvre femme s’est suicidée. Et la première émotion pas
766 2021 2213 2104 sée, Heinrich s’écrie qu'elle a bien fait de mettre fin à ses souf¬
768 2098 972 2190 frances.
803 2172 2225 2239 Hauspoaren. — Mais tu ne sais rien, Heinrich. Tu ne sais rien du
762 2233 2220 2318 tout.., Si elle est morte c’est à cause de toi, à cause de toi — Heinrich,
774 2304 1329 2385 sache-le bien — pour toi.
801 2368 2214 2428 HEiNnich. — Pour moil.,, pour moi.,, Je ne vous comprends absolu¬
760 2408 1922 2495 ment pas. — Pour moi? qu'est-ce que cela veut dire?
807 2455 2224 2553 Hausboaren. — Nele comprends-tu vraiment pas? Ne peux-lu pas
761 2541 1726 2626 t’en douter? n’en as-tu pas toi-meme parlé?
806 2599 1323 2675 Heinicn. — De quoi?
806 2642 2224 2724 Hausboaren. — Ne m'as-tu pas toi-mème raconté ce qui s’est passé
764 2713 2032 2791 en toi? et t’imagines-tu que ta mère n'avait rien remarqué?
800 2762 1877 2832 HEinkien. — Qu'est-ce que ma mère a remarqué?
806 2826 2215 2897 Hausboaren. — Oue sa maladie te génait dans ta profession, que tu
769 2883 2218 2952 ne pouvais plus travailler, que tu avais peur que ce n’en füt fait pour
765 2940 2192 3021 toujours de ton talent, que loi.,, toi ! tu ne fusses usé, torturé, ruiné —
762 3009 1398 3094 elle l'a vu, et c’est pour cela.
800 3097 2204 3170 Et comme Heinrich se refuse à admettre l'atroce vérité, Haus¬
763 3156 2223 3237 dorfer lui montre la lettre que la malheureuse a écrite avant de
774 3223 2216 3303 se tuer. Heinrich désespéré s’écroule. Mais pourquoi lui avoir
761 3295 1886 3376 montré cette lettre qui ne lui étail pas destinée?
799 3378 2229 3459 Heignien. — Vous avez détruit de la sorte loute la signification de
769 3443 2213 3529 cette immolation volontaire. Sa volonté n’était pas que je me sente as¬
762 3517 2225 3591 sassin et que j’erre par le monde comme un damné! Et plus tard vous
1967 3992 2018 4116 8
2265 4004 2442 4144 W
2698 4140 2747 4191 1—
