<?xml version="1.0" encoding="UTF-8" standalone="yes"?>
<PcGts xmlns="http://schema.primaresearch.org/PAGE/gts/pagecontent/2013-07-15" xmlns:xsi="http://www.w3.org/2001/XMLSchema-instance" xsi:schemaLocation="http://schema.primaresearch.org/PAGE/gts/pagecontent/2013-07-15 http://schema.primaresearch.org/PAGE/gts/pagecontent/2013-07-15/pagecontent.xsd">
    <Metadata>
        <Creator>prov=University of Rostock/Institute of Mathematics/CITlab/Gundram Leifert/gundram.leifert@uni-rostock.de:name=ONB_Newseye_GT_M1+(htr_id=10810)::::v=2.4.2
prov=University of Rostock/Institute of Mathematics/CITlab/Tobias Gruening/tobias.gruening@uni-rostock.de:name=de.uros.citlab.module.baseline2polygon.B2PSeamMultiOriented:v=2.4.2
prov=University of Rostock/Institute of Mathematics/CITlab/Tobias Gruening/tobias.gruening@uni-rostock.de:name=/mnt/transkribus/LA/DEA/URO/LA_news_onb_att.pb:de.uros.citlab.segmentation.CITlab_LA_ML:v=2.4.2
Transkribus</Creator>
        <Created>2019-10-07T15:15:12.039+02:00</Created>
        <LastChange>2019-10-09T03:39:58.519+02:00</LastChange>
        <TranskribusMetadata docId="224205" pageId="9514940" pageNr="13" tsid="16620289" status="IN_PROGRESS" userId="40391" imgUrl="https://files.transkribus.eu/Get?id=BWZNHJANEHGLBYGRMGPBPDWN&amp;fileType=view" xmlUrl="https://files.transkribus.eu/Get?id=ALUMNDIWLAXGZJEGKGXGSKTY" imageId="6203174"/>
    </Metadata>
    <Page imageFilename="224205_0013.jpeg" imageWidth="3392" imageHeight="4256">
        <ReadingOrder>
            <OrderedGroup id="ro_1711443709577" caption="Regions reading order">
                <RegionRefIndexed index="0" regionRef="r1"/>
                <RegionRefIndexed index="1" regionRef="r2"/>
                <RegionRefIndexed index="2" regionRef="r3"/>
            </OrderedGroup>
        </ReadingOrder>
        <TextRegion orientation="0.0" id="r1" custom="readingOrder {index:0;}">
            <Coords points="231,2998 231,3685 491,3685 491,2998"/>
            <TextLine id="r1l1" custom="readingOrder {index:0;}">
                <Coords points="404,3052 418,3050 422,3054 435,3055 439,3058 454,3057 448,2981 435,2980 430,2986 421,2984 414,2989 399,2988"/>
                <Baseline points="412,3030 442,3028"/>
                <TextEquiv>
                    <Unicode>de</Unicode>
                </TextEquiv>
            </TextLine>
            <TextLine id="r1l2" custom="readingOrder {index:1;}">
                <Coords points="367,3109 376,3109 380,3105 389,3107 399,3099 409,3104 441,3101 439,3037 430,3038 420,3049 405,3055 394,3052 382,3065 365,3062"/>
                <Baseline points="376,3096 404,3096 432,3094"/>
                <TextEquiv>
                    <Unicode>und</Unicode>
                </TextEquiv>
            </TextLine>
            <TextLine id="r1l3" custom="readingOrder {index:2;}">
                <Coords points="361,3176 398,3177 408,3166 416,3169 423,3167 430,3172 445,3172 443,3124 429,3127 418,3125 411,3133 405,3133 398,3128 383,3130 368,3119 359,3120"/>
                <Baseline points="370,3160 402,3160 435,3158"/>
                <TextEquiv>
                    <Unicode>te </Unicode>
                </TextEquiv>
            </TextLine>
            <TextLine id="r1l4" custom="readingOrder {index:3;}">
                <Coords points="344,3245 373,3246 388,3238 395,3244 404,3236 410,3239 422,3230 453,3227 451,3176 438,3176 430,3184 418,3177 400,3183 375,3177 364,3183 351,3172 342,3172"/>
                <Baseline points="353,3223 383,3222 413,3222 443,3219"/>
                <TextEquiv>
                    <Unicode>flot-</Unicode>
                </TextEquiv>
            </TextLine>
            <TextLine id="r1l5" custom="readingOrder {index:4;}">
                <Coords points="330,3307 340,3307 355,3295 368,3298 380,3292 391,3299 406,3293 424,3298 431,3294 441,3301 468,3296 466,3250 444,3244 439,3250 424,3245 402,3248 395,3242 375,3245 357,3258 344,3246 327,3247"/>
                <Baseline points="338,3288 368,3287 398,3286 428,3285 459,3283"/>
                <TextEquiv>
                    <Unicode>aller</Unicode>
                </TextEquiv>
            </TextLine>
            <TextLine id="r1l6" custom="readingOrder {index:5;}">
                <Coords points="326,3368 344,3369 364,3359 379,3366 398,3356 421,3365 439,3361 463,3375 477,3360 490,3358 488,3314 465,3316 444,3308 430,3319 415,3305 386,3302 370,3315 353,3301 339,3307 324,3304"/>
                <Baseline points="335,3354 364,3354 393,3353 422,3351 451,3351 480,3351"/>
                <TextEquiv>
                    <Unicode>nent à</Unicode>
                </TextEquiv>
            </TextLine>
            <TextLine id="r1l7" custom="readingOrder {index:6;}">
                <Coords points="225,3418 251,3429 256,3423 268,3434 307,3420 320,3428 335,3419 357,3427 364,3420 404,3421 418,3409 488,3407 487,3386 443,3387 423,3369 410,3373 390,3363 353,3362 325,3377 308,3369 286,3382 266,3370 248,3381 224,3376"/>
                <Baseline points="235,3411 262,3412 289,3412 316,3412 343,3411 370,3409 397,3408 424,3407 451,3407 479,3407"/>
                <TextEquiv>
                    <Unicode>abrielle —</Unicode>
                </TextEquiv>
            </TextLine>
            <TextLine id="r1l8" custom="readingOrder {index:7;}">
                <Coords points="223,3494 250,3501 276,3488 296,3506 319,3485 354,3482 383,3496 394,3489 453,3495 484,3511 482,3429 462,3418 424,3432 408,3425 389,3433 367,3422 353,3435 329,3428 315,3438 287,3431 269,3444 222,3438"/>
                <Baseline points="231,3477 258,3478 285,3478 312,3477 339,3477 366,3476 393,3474 420,3474 447,3474 475,3475"/>
                <TextEquiv>
                    <Unicode>aqu'il est</Unicode>
                </TextEquiv>
            </TextLine>
            <TextLine id="r1l9" custom="readingOrder {index:8;}">
                <Coords points="224,3549 284,3546 332,3568 439,3544 472,3566 488,3562 488,3508 474,3511 452,3495 394,3489 374,3504 337,3493 323,3507 312,3496 293,3506 275,3487 246,3506 224,3504"/>
                <Baseline points="234,3539 261,3541 288,3542 316,3541 343,3541 370,3540 398,3540 425,3540 452,3541 480,3543"/>
                <TextEquiv>
                    <Unicode>onstrueuse</Unicode>
                </TextEquiv>
            </TextLine>
            <TextLine id="r1l10" custom="readingOrder {index:9;}">
                <Coords points="227,3618 254,3622 306,3610 344,3631 395,3611 438,3628 457,3618 500,3628 502,3582 417,3546 393,3562 371,3559 334,3573 292,3555 228,3565"/>
                <Baseline points="236,3603 261,3601 287,3601 312,3600 338,3600 363,3601 389,3602 414,3603 440,3605 465,3606 491,3608"/>
                <TextEquiv>
                    <Unicode>tWegrath;</Unicode>
                </TextEquiv>
            </TextLine>
            <TextLine id="r1l11" custom="readingOrder {index:10;}">
                <Coords points="227,3676 258,3685 276,3667 316,3690 360,3696 377,3687 393,3702 417,3691 490,3694 490,3626 459,3620 439,3629 425,3616 387,3614 313,3639 291,3635 279,3646 228,3619"/>
                <Baseline points="236,3667 263,3668 290,3668 317,3668 344,3669 371,3669 398,3670 425,3670 452,3670 480,3669"/>
                <TextEquiv>
                    <Unicode>ie se laisse</Unicode>
                </TextEquiv>
            </TextLine>
            <TextEquiv>
                <Unicode>de
und
te 
flot-
aller
nent à
abrielle —
aqu'il est
onstrueuse
tWegrath;
ie se laisse</Unicode>
            </TextEquiv>
        </TextRegion>
        <TextRegion orientation="0.0" id="r2" custom="readingOrder {index:1;}">
            <Coords points="214,150 214,3635 2409,3635 2409,150"/>
            <TextLine id="r2l1" custom="readingOrder {index:0;}">
                <Coords points="2044,205 2073,193 2145,213 2174,208 2202,226 2234,206 2269,224 2309,204 2322,217 2346,216 2344,157 2313,168 2297,155 2164,169 2149,156 2127,162 2116,154 2043,165"/>
                <Baseline points="2053,187 2078,188 2104,188 2130,187 2155,187 2181,186 2207,185 2233,184 2258,182 2284,182 2310,181 2336,180"/>
                <TextEquiv>
                    <Unicode>—</Unicode>
                </TextEquiv>
            </TextLine>
            <TextLine id="r2l2" custom="readingOrder {index:1;}">
                <Coords points="1550,318 1607,297 1678,311 1747,277 1789,303 1829,285 1893,310 1935,307 1982,282 2015,284 2016,255 1903,211 1865,229 1792,226 1751,255 1724,236 1666,247 1602,224 1551,241"/>
                <Baseline points="1560,282 1586,282 1612,283 1638,283 1664,283 1691,284 1717,284 1743,284 1769,284 1796,285 1822,285 1848,285 1874,286 1901,286 1927,287 1953,287 1979,288 2006,288"/>
                <TextEquiv>
                    <Unicode>box 36/5</Unicode>
                </TextEquiv>
            </TextLine>
            <TextLine id="r2l3" custom="readingOrder {index:2;}">
                <Coords points="910,281 921,282 933,296 958,298 963,236 946,237 943,235 929,246 913,243"/>
                <Baseline points="919,284 949,286"/>
                <TextEquiv>
                    <Unicode>0</Unicode>
                </TextEquiv>
            </TextLine>
            <TextLine id="r2l4" custom="readingOrder {index:3;}">
                <Coords points="591,298 666,298 672,290 687,299 708,298 723,286 744,288 740,225 672,250 646,235 629,236 612,246 596,232 587,233"/>
                <Baseline points="599,291 626,292 653,291 680,288 707,286 735,287"/>
                <TextEquiv>
                    <Unicode>1e</Unicode>
                </TextEquiv>
            </TextLine>
            <TextLine id="r2l5" custom="readingOrder {index:4;}">
                <Coords points="205,298 358,349 1405,309 1405,249 1332,237 1021,227 938,293 805,298 601,297 557,253 388,224 289,278 244,238 205,260"/>
                <Baseline points="214,293 273,298 332,302 391,305 450,308 509,309 568,310 627,311 686,311 745,311 805,310 864,310 923,309 982,308 1041,307 1100,306 1159,306 1218,305 1277,306 1336,306 1396,307"/>
                <TextEquiv>
                    <Unicode>1. Panb. „offorints</Unicode>
                </TextEquiv>
            </TextLine>
            <TextLine id="r2l6" custom="readingOrder {index:5;}">
                <Coords points="682,828 698,822 733,835 787,825 842,848 870,832 928,828 927,746 909,755 856,748 831,763 798,745 745,765 705,747 681,755"/>
                <Baseline points="691,805 716,804 741,803 767,803 792,803 817,803 843,804 868,803 893,803 919,800"/>
                <TextEquiv>
                    <Unicode>——</Unicode>
                </TextEquiv>
            </TextLine>
            <TextLine id="r2l7" custom="readingOrder {index:6;}">
                <Coords points="2235,1112 2274,1114 2281,1108 2301,1108 2316,1119 2332,1117 2341,1126 2352,1117 2368,1117 2368,1028 2330,1037 2308,1057 2284,1044 2272,1052 2255,1044 2235,1048"/>
                <Baseline points="2245,1095 2273,1093 2302,1092 2331,1092 2360,1096"/>
                <TextEquiv>
                    <Unicode>525</Unicode>
                </TextEquiv>
            </TextLine>
            <TextLine id="r2l8" custom="readingOrder {index:7;}">
                <Coords points="1327,1116 1365,1132 1493,1112 1573,1132 1958,1106 1957,1079 1891,1049 1713,1056 1686,1078 1645,1056 1452,1056 1419,1082 1326,1050"/>
                <Baseline points="1335,1106 1365,1105 1396,1104 1427,1103 1457,1103 1488,1102 1519,1101 1549,1101 1580,1101 1611,1101 1642,1100 1672,1100 1703,1100 1734,1100 1764,1100 1795,1100 1826,1100 1856,1100 1887,1100 1918,1099 1949,1099"/>
                <TextEquiv>
                    <Unicode>LE THEATRE DE SCHNITZLER</Unicode>
                </TextEquiv>
            </TextLine>
            <TextLine id="r2l9" custom="readingOrder {index:8;}">
                <Coords points="918,1227 2311,1210 2371,1196 2370,1146 1184,1144 917,1184"/>
                <Baseline points="927,1207 998,1206 1070,1205 1142,1203 1213,1202 1285,1200 1357,1199 1428,1197 1500,1196 1572,1195 1644,1193 1715,1192 1787,1191 1859,1189 1930,1188 2002,1187 2074,1186 2145,1185 2217,1184 2289,1183 2361,1182"/>
                <TextEquiv>
                    <Unicode>pas modifier par une vérité matérielle comme celle-la. Un</Unicode>
                </TextEquiv>
            </TextLine>
            <TextLine id="r2l10" custom="readingOrder {index:9;}">
                <Coords points="316,1267 355,1275 359,1271 362,1275 393,1267 428,1273 424,1211 402,1207 379,1215 324,1184 311,1188"/>
                <Baseline points="325,1253 355,1253 386,1249 417,1249"/>
                <TextEquiv>
                    <Unicode>aient</Unicode>
                </TextEquiv>
            </TextLine>
            <TextLine id="r2l11" custom="readingOrder {index:10;}">
                <Coords points="920,1268 2315,1276 2377,1212 919,1230"/>
                <Baseline points="929,1263 1004,1263 1080,1264 1156,1264 1231,1264 1307,1264 1383,1263 1459,1262 1534,1261 1610,1260 1686,1258 1762,1257 1837,1255 1913,1254 1989,1252 2065,1251 2140,1250 2216,1249 2292,1248 2368,1247"/>
                <TextEquiv>
                    <Unicode>réve vécu aurait plus de force que celte histoire de jours passés</Unicode>
                </TextEquiv>
            </TextLine>
            <TextLine id="r2l12" custom="readingOrder {index:11;}">
                <Coords points="320,1330 335,1332 342,1326 357,1324 366,1332 379,1333 384,1328 393,1332 399,1328 402,1332 419,1321 428,1321 428,1271 415,1273 404,1266 401,1270 375,1268 362,1275 359,1271 344,1286 320,1288"/>
                <Baseline points="330,1318 359,1317 388,1317 418,1318"/>
                <TextEquiv>
                    <Unicode>ond</Unicode>
                </TextEquiv>
            </TextLine>
            <TextLine id="r2l13" custom="readingOrder {index:12;}">
                <Coords points="913,1336 2179,1336 2376,1324 2375,1252 912,1291"/>
                <Baseline points="923,1331 995,1329 1067,1328 1139,1327 1211,1327 1284,1326 1356,1326 1428,1325 1500,1325 1572,1324 1645,1324 1717,1323 1789,1322 1861,1321 1933,1320 2006,1318 2078,1316 2150,1314 2222,1311 2294,1308 2367,1304"/>
                <TextEquiv>
                    <Unicode>que vous m'avez racontée. II n’y a rien de changé, rien... Volre</Unicode>
                </TextEquiv>
            </TextLine>
            <TextLine id="r2l14" custom="readingOrder {index:13;}">
                <Coords points="918,1406 2379,1370 2274,1326 918,1360"/>
                <Baseline points="928,1394 1000,1394 1072,1393 1144,1392 1216,1392 1288,1391 1360,1390 1432,1389 1504,1388 1576,1387 1648,1386 1720,1384 1792,1383 1864,1382 1936,1381 2008,1379 2080,1378 2152,1376 2224,1374 2296,1373 2369,1371"/>
                <TextEquiv>
                    <Unicode>fils! ce n'est qu'un mot; il résonne dans le vide.., Vons 6tes</Unicode>
                </TextEquiv>
            </TextLine>
            <TextLine id="r2l15" custom="readingOrder {index:14;}">
                <Coords points="319,1454 353,1445 366,1456 375,1455 385,1462 397,1460 395,1389 380,1389 368,1403 357,1408 345,1422 334,1428 326,1421 317,1421"/>
                <Baseline points="327,1445 357,1444 388,1443"/>
                <TextEquiv>
                    <Unicode>6</Unicode>
                </TextEquiv>
            </TextLine>
            <TextLine id="r2l16" custom="readingOrder {index:15;}">
                <Coords points="921,1469 2256,1456 2352,1411 1968,1384 920,1438"/>
                <Baseline points="929,1455 999,1455 1070,1455 1141,1455 1211,1454 1282,1454 1353,1453 1423,1452 1494,1451 1565,1450 1636,1448 1706,1447 1777,1446 1848,1445 1918,1444 1989,1443 2060,1442 2130,1441 2201,1440 2272,1440 2343,1439"/>
                <TextEquiv>
                    <Unicode>devenu un étranger pour moi depuis que je me sais volre fils. „</Unicode>
                </TextEquiv>
            </TextLine>
            <TextLine id="r2l17" custom="readingOrder {index:16;}">
                <Coords points="912,1527 2307,1522 2383,1508 2383,1466 911,1478"/>
                <Baseline points="921,1520 993,1520 1066,1519 1138,1519 1211,1518 1284,1517 1356,1517 1429,1516 1502,1515 1574,1515 1647,1514 1720,1513 1792,1512 1865,1511 1938,1510 2010,1509 2083,1508 2156,1507 2228,1506 2301,1504 2374,1503"/>
                <TextEquiv>
                    <Unicode>Et Félix meurtri partira pour unc expédilion lointaine, landis</Unicode>
                </TextEquiv>
            </TextLine>
            <TextLine id="r2l18" custom="readingOrder {index:17;}">
                <Coords points="919,1603 2380,1565 2379,1510 919,1547"/>
                <Baseline points="929,1587 1001,1585 1073,1584 1145,1583 1217,1582 1289,1581 1361,1579 1433,1578 1505,1577 1577,1576 1650,1575 1722,1574 1794,1573 1866,1572 1938,1571 2010,1571 2082,1570 2154,1569 2226,1568 2298,1568 2371,1567"/>
                <TextEquiv>
                    <Unicode>que son père sentira s’appesantir sur lui la vieillesse et la soli¬</Unicode>
                </TextEquiv>
            </TextLine>
            <TextLine id="r2l19" custom="readingOrder {index:18;}">
                <Coords points="933,1660 958,1662 973,1669 982,1660 994,1657 1064,1657 1062,1617 1040,1617 1025,1603 1015,1606 1007,1599 977,1618 952,1606 931,1605"/>
                <Baseline points="941,1647 969,1646 998,1645 1026,1644 1055,1643"/>
                <TextEquiv>
                    <Unicode>tude.</Unicode>
                </TextEquiv>
            </TextLine>
            <TextLine id="r2l20" custom="readingOrder {index:19;}">
                <Coords points="963,1725 2260,1713 2371,1699 2370,1644 962,1674"/>
                <Baseline points="971,1709 1040,1709 1110,1708 1179,1708 1249,1707 1318,1706 1388,1705 1457,1704 1527,1703 1596,1702 1666,1701 1735,1699 1805,1698 1874,1697 1944,1695 2013,1694 2083,1693 2152,1692 2222,1691 2291,1690 2361,1689"/>
                <TextEquiv>
                    <Unicode>Parallélement à cette histoire s’en déroule une autre. La scur</Unicode>
                </TextEquiv>
            </TextLine>
            <TextLine id="r2l21" custom="readingOrder {index:20;}">
                <Coords points="924,1785 2281,1779 2372,1721 924,1747"/>
                <Baseline points="933,1774 1004,1773 1075,1773 1147,1772 1218,1771 1290,1770 1361,1770 1433,1769 1504,1768 1576,1767 1647,1766 1718,1765 1790,1764 1861,1763 1933,1762 2004,1760 2076,1759 2147,1758 2219,1757 2290,1755 2362,1754"/>
                <TextEquiv>
                    <Unicode>de Félix, Johanna, vit parmi les siens comme une étrangère; par</Unicode>
                </TextEquiv>
            </TextLine>
            <TextLine id="r2l22" custom="readingOrder {index:21;}">
                <Coords points="921,1852 2177,1846 2348,1831 2379,1775 920,1802"/>
                <Baseline points="930,1840 1002,1838 1074,1837 1146,1835 1218,1834 1290,1833 1362,1832 1434,1831 1506,1830 1578,1829 1650,1829 1722,1828 1794,1827 1866,1826 1938,1826 2010,1825 2082,1824 2154,1822 2226,1821 2298,1819 2371,1817"/>
                <TextEquiv>
                    <Unicode>la pensée elle s’est réfugiée dans un monde idéal ou des formes</Unicode>
                </TextEquiv>
            </TextLine>
            <TextLine id="r2l23" custom="readingOrder {index:22;}">
                <Coords points="921,1913 2382,1893 2357,1830 920,1851"/>
                <Baseline points="930,1904 1002,1903 1074,1903 1146,1902 1218,1901 1290,1899 1362,1898 1435,1897 1507,1895 1579,1894 1651,1892 1723,1891 1795,1889 1867,1888 1940,1886 2012,1884 2084,1883 2156,1881 2228,1880 2300,1878 2373,1877"/>
                <TextEquiv>
                    <Unicode>harmonieuses se déploient au son des lyres. Entre elle et un ami</Unicode>
                </TextEquiv>
            </TextLine>
            <TextLine id="r2l24" custom="readingOrder {index:23;}">
                <Coords points="932,1985 2380,1948 2379,1895 931,1923"/>
                <Baseline points="942,1969 1013,1967 1084,1965 1156,1963 1227,1962 1299,1961 1370,1959 1442,1958 1513,1957 1585,1956 1656,1955 1727,1954 1799,1953 1870,1952 1942,1951 2013,1949 2085,1948 2156,1946 2228,1945 2299,1943 2371,1940"/>
                <TextEquiv>
                    <Unicode>de Julian, Stephan von Sala, esthéte pessimiste et désabusé, une</Unicode>
                </TextEquiv>
            </TextLine>
            <TextLine id="r2l25" custom="readingOrder {index:24;}">
                <Coords points="926,2036 2390,2005 2289,1957 925,1985"/>
                <Baseline points="934,2031 1006,2029 1078,2028 1150,2026 1223,2025 1295,2024 1367,2023 1440,2021 1512,2020 1584,2019 1657,2018 1729,2017 1801,2015 1873,2014 1946,2013 2018,2012 2090,2010 2163,2009 2235,2007 2307,2006 2380,2005"/>
                <TextEquiv>
                    <Unicode>intimité singulière s’est établie; elle devient sa maitresse; elle a</Unicode>
                </TextEquiv>
            </TextLine>
            <TextLine id="r2l26" custom="readingOrder {index:25;}">
                <Coords points="931,2092 2200,2099 2388,2088 2387,2035 930,2056"/>
                <Baseline points="940,2093 1011,2092 1083,2091 1155,2090 1227,2088 1299,2087 1371,2086 1443,2084 1515,2083 1587,2081 1659,2080 1730,2078 1802,2077 1874,2076 1946,2074 2018,2073 2090,2071 2162,2070 2234,2069 2306,2067 2378,2066"/>
                <TextEquiv>
                    <Unicode>trouvé l’äme la plus voisine de la sienne en ce poéte qui a subs¬</Unicode>
                </TextEquiv>
            </TextLine>
            <TextLine id="r2l27" custom="readingOrder {index:26;}">
                <Coords points="939,2166 2318,2164 2381,2103 938,2112"/>
                <Baseline points="948,2158 1019,2156 1090,2154 1161,2153 1232,2151 1304,2150 1375,2148 1446,2147 1517,2145 1588,2144 1660,2143 1731,2141 1802,2140 1873,2139 1944,2137 2016,2136 2087,2134 2158,2133 2229,2131 2300,2130 2372,2128"/>
                <TextEquiv>
                    <Unicode>titué à l’espoir de l’éternité la jouissance mélancolique de l’éphé¬</Unicode>
                </TextEquiv>
            </TextLine>
            <TextLine id="r2l28" custom="readingOrder {index:27;}">
                <Coords points="936,2221 2384,2217 2383,2160 2206,2147 936,2187"/>
                <Baseline points="945,2219 1016,2218 1088,2216 1159,2215 1231,2213 1302,2212 1374,2210 1445,2209 1517,2207 1588,2206 1660,2205 1731,2203 1803,2202 1874,2202 1946,2201 2017,2200 2089,2199 2160,2199 2232,2198 2303,2198 2375,2198"/>
                <TextEquiv>
                    <Unicode>mère — mais ils ne connaitront qu'un fugitif bonheur, Stephan,</Unicode>
                </TextEquiv>
            </TextLine>
            <TextLine id="r2l29" custom="readingOrder {index:28;}">
                <Coords points="926,2280 2171,2295 2345,2274 2394,2216 926,2238"/>
                <Baseline points="935,2280 1007,2280 1080,2280 1152,2279 1225,2278 1297,2278 1370,2276 1442,2275 1515,2274 1587,2273 1660,2271 1732,2270 1805,2268 1877,2267 1950,2265 2022,2264 2095,2262 2167,2261 2240,2260 2312,2258 2385,2257"/>
                <TextEquiv>
                    <Unicode>miné par une maladie de cceur, n’a plus que quelques semaines</Unicode>
                </TextEquiv>
            </TextLine>
            <TextLine id="r2l30" custom="readingOrder {index:29;}">
                <Coords points="941,2356 1893,2362 2392,2294 940,2313"/>
                <Baseline points="950,2344 1021,2343 1093,2342 1164,2341 1236,2340 1308,2339 1379,2338 1451,2336 1523,2335 1594,2333 1666,2332 1738,2331 1809,2329 1881,2328 1953,2327 2024,2325 2096,2324 2168,2323 2239,2322 2311,2321 2383,2321"/>
                <TextEquiv>
                    <Unicode>à vivre, et Johanna, pour ne pas assister à l’agonie de son amant</Unicode>
                </TextEquiv>
            </TextLine>
            <TextLine id="r2l31" custom="readingOrder {index:30;}">
                <Coords points="932,2409 2021,2412 2074,2395 2073,2347 931,2373"/>
                <Baseline points="941,2406 997,2406 1053,2406 1109,2405 1165,2405 1222,2404 1278,2403 1334,2402 1390,2401 1446,2400 1503,2399 1559,2397 1615,2396 1671,2395 1727,2394 1784,2393 1840,2393 1896,2392 1952,2392 2008,2392 2065,2392"/>
                <TextEquiv>
                    <Unicode>et surtout de son amour, se noie dans un élang.</Unicode>
                </TextEquiv>
            </TextLine>
            <TextLine id="r2l32" custom="readingOrder {index:31;}">
                <Coords points="980,2485 2379,2460 2378,2411 2308,2392 979,2425"/>
                <Baseline points="989,2467 1058,2467 1127,2466 1196,2465 1265,2465 1334,2464 1403,2463 1472,2462 1541,2461 1610,2460 1679,2458 1748,2457 1817,2455 1886,2454 1955,2452 2024,2451 2093,2449 2162,2447 2231,2445 2300,2442 2369,2440"/>
                <TextEquiv>
                    <Unicode>Le Chemin solitaire, en dépit de cette dualité apparente d’intri¬</Unicode>
                </TextEquiv>
            </TextLine>
            <TextLine id="r2l33" custom="readingOrder {index:32;}">
                <Coords points="942,2560 2384,2524 2350,2453 941,2511"/>
                <Baseline points="950,2538 1021,2535 1092,2532 1163,2530 1234,2528 1306,2526 1377,2525 1448,2524 1519,2523 1590,2522 1662,2522 1733,2521 1804,2520 1875,2519 1946,2518 2018,2517 2089,2515 2160,2513 2231,2510 2302,2507 2374,2504"/>
                <TextEquiv>
                    <Unicode>gue, est une piece d’une profonde unité, elle a l’unité idéale de</Unicode>
                </TextEquiv>
            </TextLine>
            <TextLine id="r2l34" custom="readingOrder {index:33;}">
                <Coords points="943,2606 2276,2593 2392,2570 2391,2522 942,2560"/>
                <Baseline points="952,2598 1023,2596 1095,2595 1166,2593 1238,2591 1309,2589 1381,2588 1452,2586 1524,2584 1595,2583 1667,2581 1739,2579 1810,2578 1882,2576 1953,2575 2025,2573 2096,2572 2168,2570 2239,2569 2311,2568 2383,2567"/>
                <TextEquiv>
                    <Unicode>la symphonie ou une méme pensée créatrice se réalise en motifs</Unicode>
                </TextEquiv>
            </TextLine>
            <TextLine id="r2l35" custom="readingOrder {index:34;}">
                <Coords points="945,2664 2391,2629 2209,2580 945,2629"/>
                <Baseline points="954,2663 1025,2662 1096,2660 1168,2659 1239,2657 1311,2655 1382,2653 1453,2651 1525,2649 1596,2648 1668,2646 1739,2644 1810,2643 1882,2641 1953,2639 2025,2638 2096,2637 2167,2636 2239,2634 2310,2633 2382,2633"/>
                <TextEquiv>
                    <Unicode>multiples et connexes. Le Chemin solitaire est la tragédie de</Unicode>
                </TextEquiv>
            </TextLine>
            <TextLine id="r2l36" custom="readingOrder {index:35;}">
                <Coords points="938,2728 2367,2713 2388,2634 937,2686"/>
                <Baseline points="946,2725 1017,2723 1089,2721 1160,2720 1232,2718 1304,2717 1375,2715 1447,2714 1519,2712 1590,2711 1662,2709 1734,2707 1805,2706 1877,2705 1949,2703 2020,2701 2092,2700 2164,2698 2235,2696 2307,2694 2379,2692"/>
                <TextEquiv>
                    <Unicode>l’égoisme senlimental; Schnitzler nous y fait sentir la dure fata¬</Unicode>
                </TextEquiv>
            </TextLine>
            <TextLine id="r2l37" custom="readingOrder {index:36;}">
                <Coords points="934,2779 2305,2782 2395,2747 2394,2699 934,2755"/>
                <Baseline points="944,2790 1016,2787 1088,2785 1160,2783 1232,2781 1304,2779 1376,2778 1448,2776 1520,2774 1592,2773 1665,2772 1737,2770 1809,2769 1881,2767 1953,2765 2025,2764 2097,2762 2169,2760 2241,2758 2313,2756 2386,2754"/>
                <TextEquiv>
                    <Unicode>lité qui pése sur les ämes impuissantes à s’enchafner ou à s’exté¬</Unicode>
                </TextEquiv>
            </TextLine>
            <TextLine id="r2l38" custom="readingOrder {index:37;}">
                <Coords points="943,2869 2193,2857 2394,2813 2317,2775 942,2821"/>
                <Baseline points="952,2853 1023,2851 1095,2850 1167,2848 1238,2847 1310,2845 1382,2843 1453,2842 1525,2839 1597,2838 1669,2836 1740,2834 1812,2832 1884,2830 1955,2828 2027,2827 2099,2825 2170,2824 2242,2822 2314,2821 2386,2820"/>
                <TextEquiv>
                    <Unicode>rioriser, sur les ämes qui ne parviennent pas à briser les cadres</Unicode>
                </TextEquiv>
            </TextLine>
            <TextLine id="r2l39" custom="readingOrder {index:38;}">
                <Coords points="945,2928 2332,2900 2392,2884 2391,2833 944,2888"/>
                <Baseline points="954,2918 1025,2916 1096,2913 1168,2911 1239,2910 1311,2908 1382,2906 1454,2905 1525,2903 1597,2902 1668,2900 1739,2899 1811,2898 1882,2896 1954,2894 2025,2893 2097,2891 2168,2889 2240,2887 2311,2885 2383,2882"/>
                <TextEquiv>
                    <Unicode>de leur propre monde intérieur, à vivre par autrui et en autrui.</Unicode>
                </TextEquiv>
            </TextLine>
            <TextLine id="r2l40" custom="readingOrder {index:39;}">
                <Coords points="938,2986 2392,2959 2390,2910 2261,2895 937,2935"/>
                <Baseline points="948,2982 1019,2980 1091,2978 1163,2976 1235,2974 1306,2972 1378,2971 1450,2969 1522,2968 1593,2967 1665,2965 1737,2963 1809,2962 1880,2960 1952,2958 2024,2956 2096,2953 2167,2951 2239,2948 2311,2944 2383,2941"/>
                <TextEquiv>
                    <Unicode>Et par là l’cuvre est grande et haute; sans phrases, indirecte¬</Unicode>
                </TextEquiv>
            </TextLine>
            <TextLine id="r2l41" custom="readingOrder {index:40;}">
                <Coords points="950,3046 2393,3010 2391,2968 2298,2958 950,3019"/>
                <Baseline points="960,3045 1031,3042 1102,3040 1173,3039 1244,3038 1315,3036 1386,3035 1458,3033 1529,3032 1600,3031 1671,3029 1742,3028 1813,3026 1884,3024 1956,3022 2027,3020 2098,3018 2169,3015 2240,3012 2311,3008 2383,3004"/>
                <TextEquiv>
                    <Unicode>ment, Schnitzler nous éléve à la vision de ce que doit étre la vraie</Unicode>
                </TextEquiv>
            </TextLine>
            <TextLine id="r2l42" custom="readingOrder {index:41;}">
                <Coords points="952,3119 2332,3105 2409,3085 2408,3032 951,3076"/>
                <Baseline points="960,3107 1032,3104 1104,3102 1176,3099 1248,3098 1320,3096 1392,3095 1464,3094 1536,3092 1608,3091 1680,3090 1752,3089 1824,3088 1896,3087 1968,3085 2040,3084 2112,3082 2184,3080 2256,3077 2328,3074 2400,3071"/>
                <TextEquiv>
                    <Unicode>vie — en méme temps qu’il se penche avec pitié sur ceux qui</Unicode>
                </TextEquiv>
            </TextLine>
            <TextLine id="r2l43" custom="readingOrder {index:42;}">
                <Coords points="944,3177 1975,3174 2354,3151 2404,3095 943,3117"/>
                <Baseline points="953,3170 1025,3168 1097,3167 1169,3165 1241,3164 1313,3163 1385,3162 1457,3161 1529,3159 1601,3158 1674,3157 1746,3155 1818,3154 1890,3152 1962,3150 2034,3148 2106,3145 2178,3142 2250,3139 2322,3135 2395,3131"/>
                <TextEquiv>
                    <Unicode>ne la connaitront pas, sur ceux que leur impuissance à aimer</Unicode>
                </TextEquiv>
            </TextLine>
            <TextLine id="r2l44" custom="readingOrder {index:43;}">
                <Coords points="952,3238 2401,3199 2340,3146 951,3187"/>
                <Baseline points="961,3234 1032,3233 1104,3231 1175,3230 1247,3228 1318,3226 1390,3225 1461,3223 1533,3221 1604,3219 1676,3217 1748,3215 1819,3213 1891,3211 1962,3210 2034,3208 2105,3206 2177,3205 2248,3203 2320,3202 2392,3201"/>
                <TextEquiv>
                    <Unicode>autre chose que leur amour méme condamne à la plus dure des</Unicode>
                </TextEquiv>
            </TextLine>
            <TextLine id="r2l45" custom="readingOrder {index:44;}">
                <Coords points="951,3324 973,3317 997,3331 1017,3312 1073,3314 1146,3298 1183,3317 1198,3315 1196,3262 1170,3250 1143,3262 1094,3240 1055,3251 1023,3246 999,3262 949,3258"/>
                <Baseline points="959,3297 984,3296 1009,3295 1035,3294 1060,3293 1085,3291 1111,3290 1136,3289 1161,3290 1187,3291"/>
                <TextEquiv>
                    <Unicode>solitudes.</Unicode>
                </TextEquiv>
            </TextLine>
            <TextLine id="r2l46" custom="readingOrder {index:45;}">
                <Coords points="993,3376 2404,3316 2403,3280 2198,3273 992,3327"/>
                <Baseline points="1001,3354 1070,3354 1140,3354 1210,3353 1279,3353 1349,3352 1419,3351 1488,3350 1558,3349 1628,3347 1698,3346 1767,3344 1837,3342 1907,3340 1976,3338 2046,3336 2116,3333 2185,3331 2255,3328 2325,3326 2395,3323"/>
                <TextEquiv>
                    <Unicode>C’est à une intuition analogue que conduit Interlude par une</Unicode>
                </TextEquiv>
            </TextLine>
            <TextLine id="r2l47" custom="readingOrder {index:46;}">
                <Coords points="960,3429 2377,3407 2394,3357 959,3384"/>
                <Baseline points="968,3424 1038,3422 1109,3420 1180,3417 1251,3415 1322,3413 1393,3411 1464,3409 1535,3407 1606,3405 1677,3404 1747,3402 1818,3400 1889,3399 1960,3397 2031,3396 2102,3394 2173,3393 2244,3391 2315,3389 2386,3388"/>
                <TextEquiv>
                    <Unicode>voie tres différente. Le chef d’orchestre compositeur Amadeus</Unicode>
                </TextEquiv>
            </TextLine>
            <TextLine id="r2l48" custom="readingOrder {index:47;}">
                <Coords points="952,3493 2214,3485 2353,3474 2406,3412 951,3466"/>
                <Baseline points="961,3483 1032,3482 1104,3481 1176,3480 1248,3479 1320,3478 1391,3476 1463,3475 1535,3473 1607,3471 1679,3470 1750,3467 1822,3465 1894,3463 1966,3461 2038,3459 2109,3456 2181,3454 2253,3452 2325,3450 2397,3448"/>
                <TextEquiv>
                    <Unicode>Adams et sa femme la cantatrice Cécile Adams ont longtemps</Unicode>
                </TextEquiv>
            </TextLine>
            <TextLine id="r2l49" custom="readingOrder {index:48;}">
                <Coords points="959,3569 2342,3537 2397,3480 957,3516"/>
                <Baseline points="968,3553 1039,3551 1110,3549 1181,3547 1252,3545 1323,3543 1394,3541 1465,3539 1536,3536 1607,3534 1678,3532 1749,3530 1820,3528 1891,3525 1962,3523 2033,3521 2104,3519 2175,3516 2246,3514 2317,3512 2389,3509"/>
                <TextEquiv>
                    <Unicode>vécu en parfait accord, ils se sont aimés; mais lentement ils se</Unicode>
                </TextEquiv>
            </TextLine>
            <TextLine id="r2l50" custom="readingOrder {index:49;}">
                <Coords points="941,3621 2311,3616 2418,3580 2349,3533 1947,3533 940,3595"/>
                <Baseline points="951,3620 1023,3619 1096,3617 1169,3616 1242,3614 1315,3612 1388,3610 1461,3608 1534,3606 1607,3603 1680,3601 1752,3599 1825,3596 1898,3593 1971,3590 2044,3588 2117,3585 2190,3582 2263,3579 2336,3577 2409,3574"/>
                <TextEquiv>
                    <Unicode>détachent l’un de l’autre. Amadeus se sent attiré vers la petile</Unicode>
                </TextEquiv>
            </TextLine>
            <TextEquiv>
                <Unicode>—
box 36/5
0
1e
1. Panb. „offorints
——
525
LE THEATRE DE SCHNITZLER
pas modifier par une vérité matérielle comme celle-la. Un
aient
réve vécu aurait plus de force que celte histoire de jours passés
ond
que vous m'avez racontée. II n’y a rien de changé, rien... Volre
fils! ce n'est qu'un mot; il résonne dans le vide.., Vons 6tes
6
devenu un étranger pour moi depuis que je me sais volre fils. „
Et Félix meurtri partira pour unc expédilion lointaine, landis
que son père sentira s’appesantir sur lui la vieillesse et la soli¬
tude.
Parallélement à cette histoire s’en déroule une autre. La scur
de Félix, Johanna, vit parmi les siens comme une étrangère; par
la pensée elle s’est réfugiée dans un monde idéal ou des formes
harmonieuses se déploient au son des lyres. Entre elle et un ami
de Julian, Stephan von Sala, esthéte pessimiste et désabusé, une
intimité singulière s’est établie; elle devient sa maitresse; elle a
trouvé l’äme la plus voisine de la sienne en ce poéte qui a subs¬
titué à l’espoir de l’éternité la jouissance mélancolique de l’éphé¬
mère — mais ils ne connaitront qu'un fugitif bonheur, Stephan,
miné par une maladie de cceur, n’a plus que quelques semaines
à vivre, et Johanna, pour ne pas assister à l’agonie de son amant
et surtout de son amour, se noie dans un élang.
Le Chemin solitaire, en dépit de cette dualité apparente d’intri¬
gue, est une piece d’une profonde unité, elle a l’unité idéale de
la symphonie ou une méme pensée créatrice se réalise en motifs
multiples et connexes. Le Chemin solitaire est la tragédie de
l’égoisme senlimental; Schnitzler nous y fait sentir la dure fata¬
lité qui pése sur les ämes impuissantes à s’enchafner ou à s’exté¬
rioriser, sur les ämes qui ne parviennent pas à briser les cadres
de leur propre monde intérieur, à vivre par autrui et en autrui.
Et par là l’cuvre est grande et haute; sans phrases, indirecte¬
ment, Schnitzler nous éléve à la vision de ce que doit étre la vraie
vie — en méme temps qu’il se penche avec pitié sur ceux qui
ne la connaitront pas, sur ceux que leur impuissance à aimer
autre chose que leur amour méme condamne à la plus dure des
solitudes.
C’est à une intuition analogue que conduit Interlude par une
voie tres différente. Le chef d’orchestre compositeur Amadeus
Adams et sa femme la cantatrice Cécile Adams ont longtemps
vécu en parfait accord, ils se sont aimés; mais lentement ils se
détachent l’un de l’autre. Amadeus se sent attiré vers la petile</Unicode>
            </TextEquiv>
        </TextRegion>
        <TextRegion orientation="0.0" id="r3" custom="readingOrder {index:2;}">
            <Coords points="3186,4045 3186,4200 3218,4200 3218,4045"/>
            <TextLine id="r3l1" custom="readingOrder {index:0;}">
                <Coords points="3175,4156 3184,4158 3193,4155 3197,4158 3212,4156 3226,4159 3238,4081 3226,4079 3214,4085 3206,4076 3204,4078 3188,4075"/>
                <Baseline points="3186,4145 3218,4150"/>
                <TextEquiv>
                    <Unicode>1</Unicode>
                </TextEquiv>
            </TextLine>
            <TextEquiv>
                <Unicode>1</Unicode>
            </TextEquiv>
        </TextRegion>
    </Page>
</PcGts>
