3296 4096
279 131 1326 215 11. Frau Bertha Garlan
474 194 610 250 —
749 188 959 243 neeneeennen
1066 205 1319 243 —
494 1108 733 1175 Wbatl..—
491 1214 1478 1272 Autor nicht zum Vorwurf gemacht werden, das schadet
489 1268 1470 1318 nicht und wird ihm nur vom großen Publicum verübelt
492 1308 1470 1378 werden, das auf die Liebesgeschichte nun einmal nicht ver¬
492 1376 1468 1422 zichten will; was dagegen Bebenken erwecken muß, ist der
497 1414 1466 1456 Umstand, daß Ompteda die Courtisane Diane de Varennes
488 1452 1464 1512 so ausführlich charakterisirt, so vielversprechend eingeführ
496 1502 1470 1554 hat, daß der Leser erwarten muß, sie werde eine wichtige
482 1545 1471 1617 Rolle spielen. Das ist aber ganz und gar nicht der Fall;
496 1591 1467 1653 sie ist eine vollkommen belanglose Episodenfigur, die mit
482 1645 1470 1695 dem Gang und der Handlung nicht das Geringste zu thun
496 1687 1468 1744 hat. Wozu aber Erwartungen wecken, wenn man sie nicht
486 1735 1479 1783 erfüllen will? Das enttäuscht und verstimmt, denn es sieht
488 1782 1471 1837 aus, als wäre man vom Autor zum Besten gehalten
489 1830 1471 1881 worden. Diese auffallende Inconsequenz läßt sich wohl
488 1877 1474 1928 kaum anders erklären als mit der Annahme, der Autor
490 1921 1473 1981 habe ursprünglich die Absicht gehabt, diese Figur eine Rolle
483 1975 1467 2028 spielen zu lassen, sie jedoch im Laufe der Erzählung fallen
484 2012 1464 2064 lassen. Das aber würde auf Flüchtigkeit in der Arbeit
496 2063 1464 2117 deuten und die Befürchtung bestätigen, daß der Autor sich
482 2112 1472 2163 durch seine schönen Erfolge zu einer Ausbeutung seines
489 2154 1471 2216 Talents verführen läßt, die dieses ernstlich gefährden
485 2202 613 2264 müßte.
584 2216 1470 2298 Wäre Ompteha nicht zu jung, das heißt sein Ruhm,
492 2287 1465 2354 so könnte man denken, er habe schon Schule gemacht, so sehr
487 2348 1464 2397 erinnert ein anderer neuer Roman seines Verlages an ihn,
482 2389 1469 2442 an seine Wahrheitstreue und Schlichtheit. Er heißt „Vice¬
490 2428 1467 2490 feldwebel Starke“ und hat Maximilian von Rosenberg
481 2467 1462 2532 zum Verfasser. Es ist die traurige Geschichte des Nieder¬
482 2513 1466 2577 ganges eines braven, tüchtigen Menschen, der einen Schrift
492 2574 1461 2621 vom rechten Weg gemacht hat und diesen trotz aller An¬
480 2605 1474 2663 strengungen in Folge widriger Umstände nicht mehr finden
488 2659 1460 2711 kann. Er verirrt sich immer weiter, und da er keinen Ausweg
495 2708 1469 2756 weiß, stürzt er sich freiwillig in jenen dunklen Abgrund, aus
491 2744 1473 2800 dem noch Keiner zurückgekommen ist. Mehr über dieses Buch
485 2798 1466 2846 zu sagen, wäre überflüssig. Mit vielen guten Büchern ist's
485 2848 1467 2902 wie mit dem Ruf der Frauen: Je weniger man über sie zu
494 2879 1047 2944 sagen weiß, desto besser sind sie.
587 2925 1469 2988 Ein Buch, von dem dies auch gilt, und das ebenfalls
480 2967 1478 3049 warm empsohlen werden kann, ist der Roman „Die
1539 151 1883 248 box 2/1
1835 1144 1972 1228 e
1506 1211 2488 1274 brennende Frage“ von Wolf von Teinach (Dresden,
1509 1270 2494 1319 C. Reißner). Er verräth einen recht glücklichen Humor, der
1514 1314 2483 1364 den Leser manchmal laut auflechen läßt. Leider fehlt es
1519 1348 2485 1412 nicht an argen Uebertreibungen, und daß der Autor zum
1517 1402 2491 1453 Schluß gar drei Paare „sich kriegen“ läßt, ist denn doch ein
1516 1444 2479 1499 bischen zu antediluvianisch; es läßt übrigens vermuthen
1506 1494 2139 1553 daß der Autor feminini generis ist.
1617 1539 2488 1593 Ein sehr empfehlenswerthes Buch voll freier
1518 1586 2490 1636 Menschenkenntniß und herber Kraft ist Emil Marriot's
1511 1629 2487 1689 Novellenband „Schlimme Ehen“ (Berlin, G. Grote). Daß
1518 1673 2481 1730 Emil Marriot nur „Schlimme Ehen“ zum literarischen Vor¬
1505 1723 2484 1782 wurf nimmt, ist bei der. düsteren, herben Lebensauffassung
1510 1767 2491 1818 dieser Schriftstellerin ziemlich selbstverständlich, und nicht
1506 1814 2492 1868 minder, daß sie diese ihr so sehr zusagende Aufgabe glücklich
1508 1866 2485 1917 gelöst hat. Der gestörte Hausfriede, die dunkle Kehrseite
1506 1901 2484 1958 jenes Familienlebens, das auf den Umschlägen gewisser
1511 1956 2480 2008 Zeitschrifien und auf Oelfarbendruckbildern in der Regel
1515 1995 2487 2058 so innig und rührend dargestellt wird: das ist ja geradezu
1514 2051 2481 2098 die Domäne dieser Schriftstellerin. Das glückliche Gelingen
1511 2084 2484 2140 ihres jüngsten Werkes verdient umso mehr Anerkennung,
1513 2178 2480 2229 äußerst wirksamer Weise behandelt worden ist, von Gustav
1514 2221 2491 2274 Schwarzkopf nämlich, in seiner „Bilanz der Ehe“. Aber
1506 2259 2486 2323 Marriot kann diesen gefährlichen Vergleich sehr wohl ver¬
1511 2314 2486 2379 tragen, und das will nicht wenig sagen. Geht ihrer Dar¬
1509 2362 2479 2413 stellung auch die mephistophelische Satire, die eisige
1501 2402 2485 2462 Grausamkeit Schwarzkopf's ab, ist ihre Eigenart auch nicht
1510 2453 2490 2508 so drastisch potenzirt wie bei ihm, so haben ihre Figuren
1507 2493 2478 2552 doch mehr Fleisch und Blut, ihre Novellen wirken daher
1501 2541 2474 2594 nicht wie interessante psychologische Experimente, sondern wi¬
1511 2584 2478 2646 ahre Begebenheiten. Der Dialog wäre noch besser, wenn
1519 2640 2476 2688 ich die Verfasserin entschließen könnie, die Personen so
1508 2680 2480 2725 sprechen zu lassen, wie man in Oesterreich auch in den
1504 2725 2472 2772 höchsten Kreisen spricht, also nicht im Imperfect, der dor
1511 2770 2484 2822 ast nie gebraucht wird. Auch die Ich=Form sollte sie meiden.
1506 2820 2474 2876 Gerade in einem Novellenbuche ist sie übel angebracht, denn
1504 2869 2477 2924 es wirkt, sobald man ülber die Sache ein bischen nachdenkt,
1503 2923 2485 2982 geradezu drollig, wenn in einem und demselben Buch
1500 2974 2490 3032 mehrere Ichs schreiben, jedes als Mann schreibt und der
2525 1216 3268 1272 Verfasser des Ganzen eine einzige Person ist,
2530 1261 3300 1321 Weib .. . In diesem Falle könnte man ü
2536 1313 3254 1372 veiters an einen männlichen Autor glauben,
2528 1354 3279 1420 herb ist das Buch, so frei von jener sentimen
2522 1401 3104 1473 beim „modernen“ (Ueber=) Weib
3170 1404 3299 1466 bru
2528 1439 2710 1500 triebenheit.
2616 1490 3270 1558 Da könnte man Arthur Schnitzler
2531 1542 3301 1611 Frau Berta Garlan“ (Berlin, S. Fische
2529 1591 3264 1647 vor wenigen Tagen an anderer Stelle dieses
2522 1639 3278 1703 E iges gesagt worden ist, weit eher für
2524 1685 3299 1740 weiblicher Herkunft halten, so weich, zart um
2516 1736 3273 1783 es geschrieben. Es ist Schnitzler's erster Romat
2516 1782 3276 1844 der erste gelungene Roman aus dem sogenan
2525 1823 3279 1878 Wien“. Was dieses bisher an Romanen gelei
2517 1865 3274 1920 Reihe von Mißgeburten, an denen sich di
2527 1918 3277 1970 Impotenz dieser selbstbewußten Gilde in unz
2517 1954 3300 2014 Weise offenbarte. Daß es erst Schnitzler gelt
2529 2011 3280 2062 iesem Gebiete ein tüchtiges Werk zu schaffen
2528 2045 3272 2105 icht zu verwundern, denn er ist der Einzigt
2530 2098 3244 2144 Wien“, bei dem Können und Wollen nicht
2518 2142 3249 2192 Mißverhältniß stehen. Er will nicht nur,
2518 2187 3274 2239 Sein Gebiet ist allerdings etwas beschränkt,
2522 2223 3264 2282 kleinen Bereich ist er groß, da ist er zu He
2513 2271 3300 2328 alle Vorzüge seines feinen Talents entfalten.
2521 2320 3279 2376 glauben sollte, sein neues Buch sei ein Wien
2515 2364 3252 2418 eigentlichen Sinne des Wortes — und diese
2521 2417 3261 2474 ja nahe, da er aus „Jung=Wien“ kommt —,
2528 2454 3264 2515 ehr täuschen, denn dazu fehlt ihm eigentlic
2521 2503 3268 2549 vird überhaupt gut thun, de Wiener Roman
2516 2546 3261 2602 noch immer ungeschrieben ist, nicht von „I¬
2522 2592 3280 2647 rwarten, denn die ganze Denk=, Gefühls= un
2515 2635 3267 2709 weise dieser literarischen Grutye ist Alles eher
2610 2685 3282 2746 Weit wienerischer als alle Wiener R
2524 2738 3278 2790 Wiens ist Paul v. Schönthan's kürzlich
2515 2785 3279 2838 Roman „Frau Lot“ (Stuttgart, Bonz u. C
2529 2835 3278 2896 einer Erzählung Schlechte Race“ und se
2528 2859 3243 2938 ammlung „Wiener Luft“ hat er den
2518 2924 3276 2975 getroffen. In diesem Buche nun ist es ihm vie
2521 2971 3244 3043 öherem Grade gelungen als dort. Es beimelt
