3296 4224
529 625 1238 672 nd Gesciaziole senza limiti accanto
441 665 1233 714 al paralitico, al capezzale della morta
435 703 1226 757 ella si desta definitwamente, comprende
449 743 1226 792 agguato della voluttà, l’eterna ingiu¬
441 787 1222 834 stizia eche ha posto il desiderio di vo¬
438 830 1229 882 luttà tanto neil’uomo che nella donna;
443 882 1230 926 ma che nella donna & colpa e porta alla
436 917 1230 968 colpa quando il desiderio di voluttü non
455 959 1234 1012 al tempo stesso il desiderio per un fi¬
437 1003 581 1062 glio!9
481 1025 1227 1112 Racconto di una delicatezza psicologi¬
448 1092 1235 1145 ca veramente ammirevole scritto con fi¬
442 1131 1238 1195 nezza stilistica che vela e smorza ogui
441 1180 1227 1233 particclare auche crudo, questa storia di
444 1219 1229 1272 una vita femminile si legge con interes¬
443 1264 1233 1313 se vivissimo e con profonda commozio¬
442 1313 1220 1357 ne, tanto il problema & sentito nella su
444 1349 1229 1406 compiessità con squisito intuito psicolo¬
440 1389 1230 1442 gico, ed espresso coi mezzi di un'arte
440 1431 1226 1485 che conosce tutte le raffinatezze della
442 1473 896 1536 sostanza e della forma.
478 1517 1232 1571 La traduzione del Ferrieri & veramen¬
448 1558 1221 1615 te ottima e sa rendere con perfetta gin
438 1603 1226 1660 stezza anche i minimi trapassi di tono
445 1649 1228 1698 e di colore dell’efficacissima prosa del
450 1693 799 1747 arratore tedesco.
797 1720 893 1777 n * *
488 1760 1234 1832 lle, mon de, il bel racconto di D. H.
444 1822 1230 1887 Lawreiice & stato tradotto egregiamente
453 1861 1231 1913 da Denyse Clairouin (Paris, Editious
443 1907 1236 1955 Era, 1030, I8. 12), Che ha Saputo dare
447 1946 1227 1993 alle parole della narrazione come una
449 1981 1236 2050 rradiazione fantastica, cosi che la breve
438 2031 1230 2083 vicenda di Winifred e di Egbert, ha le
442 2081 1221 2132 agcentuazioni e le sfumature caratteristi¬
440 2115 1223 2166 cheidi una favola. Semplice storia, qua¬
437 2161 1224 2217 si priva di avvenimenti esteriori tutta
437 2204 1225 2272 svolta nella profondità delle amme, in
438 2243 1233 2293 grandiosi quadri di paese, anche essi a
450 2294 1222 2345 arghissime lince Quasi in sogno vivonc
444 2332 1223 2381 Egbert c Winifred in una vecchissima
443 2375 1223 2422 casa di campagna sperduta tra boschi
437 2417 1228 2470 palüdi, lontana da ogni rumore e da
447 2468 1233 2525 gui raffinatezza della civiltà; vivono co¬
439 2502 1227 2559 me esseri primitivi, nella lorc sanità in¬
430 2547 1227 2598 genua, ignara, nella luminositä del pae¬
442 2584 1221 2640 saggio, e nella gloria del loro amore,
443 2633 1223 2696 tutto di sensi, ma puro, come & puro
441 2678 1221 2728 ’istinto che li unisce, come puro risuo¬
441 2725 1227 2771 nail canto della gioid millenaria entro
442 2765 1222 2806 e mura della vecchia casa. Egbert, fiore
437 2807 1221 2863 della razza inglese, & un bellissicho, raßfi¬
442 2858 1217 2902 natissimo, inutile e divertente n dilettau¬
432 2889 1216 2941 teo in tutto; mai disoccupato c, al tem¬
428 2937 1228 3000 po stesso incapace di compiere qualcosa
439 2971 1221 3029 di duraturc. Tempra fisicamente supe¬
441 3019 1217 3082 riore, g-finissimo acciaio duttile c risplen.
438 3069 1221 3115 dente n, non lavora; hon sa e non vio.e
441 3105 1223 3156 avorare, nei suo scetticismo sorridente,
441 3154 1231 3203 stintivo, vede inutile ogmi sforzo, ogili
434 3192 1224 3247 azione; possiede una piccola rendita
442 3236 1222 3281 sufficiente per vivere e non si cura se
434 3280 1228 3331 quello che & necessario in piü venga dal
434 3322 1224 3376 padre di Winifred. Ella & di un'altra
436 3370 1223 3427 razza; del nord, appartiene a gente ro¬
1682 -33 2167 21 reU.
1563 17 2347 66 rezza cle seguc una vita tutta intessutt
1554 61 2356 108 di piaceri sensuali, Sperling e Kupfer
1560 104 2349 146 ci presentano ora un altro saggio del¬
1564 136 2347 194 ’erte personalissima dell’autore tedesco
1559 185 2349 232 un altro aspetto, quasi, dello stesso pro¬
1566 223 2352 285 blema, poiche anche nella storia della
1562 279 2361 326 zignora Berta Garlan (A. Schnitzler, La
1562 314 2343 368 signora Berta Garlan, Milano, 103o
1568 353 2348 405 L. 8) l'amarezza, il disgusto, Pavvili¬
1570 400 2344 456 mento conchiudono un brevissimo epi¬
1561 443 1841 504 sodio di gioia.
1609 474 2354 539 Berta Garlan & una giovane vedova,
1562 533 2351 574 apparentemente tranquilla e pacata, con¬
1558 573 2347 625 tenta della propria piccola vita di mam¬
1570 614 2346 676 ma che lavora per la sua creatura, di¬
1563 662 2348 706 ientica della gloventü quasi finita c der
1571 702 2355 764 sogni che l’hanno nutrita. Fanciulla,
1564 746 2348 793 aveva sperato di divenire concertista fa¬
1569 789 2352 837 nosa, aveva sognato l’amore attraverso
1556 830 2350 877 le parole luminose di un giovane violi¬
1564 874 2359 936 llista; poi la vita aveva cancellato tutti
1570 914 2345 970 colori smaglianti delle chimere e l’ave¬
1563 959 2348 1012 va fatta grigia sposa di un uomo medio¬
1563 1006 2313 1056 cre, in una piccola città di provincia;
2321 1009 2352 1051 C
1565 1047 2353 1098 piü tardi, vedova senza disperazioni, se¬
1561 1092 2357 1142 rena in un dolore rassegnato e pacato, in
1563 1136 2343 1186 solitudine. Ma una ventata di primavera,
1561 1175 2350 1223 carica di misteriosi profumi sveglia la
1561 1217 2345 1273 sua anima assopita: & come se Berta ria¬
1573 1257 2338 1312 brisse occhi di fanciulla; le pare che an
1572 1306 2351 1360 he gli altri la guardino in modo diver¬
1568 1345 2350 1399 so: le solite galanterie di un vecchio
1564 1392 2364 1447 gaudente hanno un altro tono, c un altro
1569 1437 2341 1491 suono ha ia voce ambiguamente tencra
1568 1474 2347 1526 del nipote adolescente. Un giornale aper¬
1564 1523 2350 1570 to a caso le riporta il nome del violinista
1564 1560 2347 1612 amato un tempo: & un colpo di vento
1571 1598 2351 1649 che spazza via il presente e riconduce la
1571 1644 2343 1696 donna al tempo dei sogni e delle illusio
1560 1686 2359 1738 ni. Un so.o pensicro la domina: Vienna
1571 1727 2348 1783 vicina e per tanto tempo dimenticata
1563 1772 2356 1822 P’attira nella sua atmosfera ardente di
1570 1816 2359 1865 vita e di giois. Nel profondo mutamento
1571 1853 2355 1911 lella sua vita interiore, Berta si avvieina
1564 1901 2344 1954 ad una giovane donna, la signora Ru¬
1564 1942 2345 1995 pius, moglie e infermiera di un adorate
1569 1981 2359 2041 marito paralitico, che, periodicamente
1570 2033 2353 2081 orra a Vienna in cerca di quel fermen¬
1560 2071 2349 2127 to di vita che la sua giovinezza e il sitc
1561 2120 2351 2169 ardore reclamano. Berta, come allucina¬
1573 2156 2354 2209 a siaggira per la capitale, trema di ti¬
1563 2204 2353 2253 more c di gibia all’ammirazione spavalda
1567 2243 2357 2289 dlegli uommi e ritorna alla sua cittadina
1569 2287 2350 2347 del tutto mutata. E’ la nuova Berta che
1558 2338 2352 2380 scrive al violinista, che ne attende con
1569 2376 2347 2431 ansia la risposta, che bacia le parole di
1563 2416 2344 2470 lui che la ricorda e che non domanda di
1562 2462 2352 2507 meglio che rivederla; 6 la donna nuova
1558 2505 2342 2548 che corre ad un appuntamento col giova¬
1569 2546 2341 2601 ne, che si lascia condurre da lur nei ri¬
1563 2587 2344 2634 trovi brillanti della capitale, che infinc
1559 2633 2340 2685 gli si abbandona un poco ebbra e smar
1556 2669 2348 2727 rita in una notte fantastica. Come in
1557 2725 2356 2778 sogno vive le poche orc di giola, c non
1560 2766 2349 2813 la sveglia neppure la freddezza del suo
1562 2801 2353 2849 Compagno, che dopo averla amata, l’ab¬
1565 2846 2345 2893 bandona per correre alle sue occupazio¬
1561 2887 2349 2934 ni. Berta crede che la sua vita, interrot¬
1563 2930 2342 2975 ta dagli avvenimenti riprenda ora il stc
1560 2987 2353 3034 corso; che il suo destino si compia; lo
1560 3014 2343 3076 crede anche quando torna alla sun cittä
1565 3070 2346 3112 senza aver rwveduto il suo Emilio. Solo
1569 3102 2349 3156 in tardi si desta: capisce che per il gio¬
1572 3153 2344 3201 ##ne elin & stata un piacere di qualche
1566 3190 2337 3250 ra, perché egli declina con una genti¬
1582 3232 2346 3276 zza leggera la sua offerta di andare. 3
1570 3270 2344 3321 Vienna: 6 Risolvi zu le cose in mode
1555 3322 2343 3371 che ogni quattro o ei settimane tu pos¬
1560 3364 2340 3409 sa venire a Vienna per un giorno &c una
1563 3402 1975 3460 notte v. F’ il crollo!
1594 3436 2348 3497 Come pazza Berta corre dalla signora
1565 3487 2339 3545 Rupzus, ma arretra atterrita: la sua bel¬
1567 3532 2345 3583 a amica & moribonda, e, a stento nel tur¬
1554 3576 2334 3626 binio dei propri pensieri, nella riveltt
1556 3618 2337 3664 det propri sensi, della propria giovinez¬
1554 3667 2338 3713 za, si & uccisa per aver voluto evitare 1e
1556 3703 2347 3755 conseguchze future della propria colpa!
1560 3749 2342 3795 Un gelo di terrore strazia Berta: se an¬
1556 3789 2367 3855 che per lei quell’ora di piacere fosse la
1563 3844 2351 3892 vergogna per sempre! Por si rassicura c.
1555 3876 1816 3927 I „ „ „
2399 33 3093 78 oltivata, piü raffinata, evire felice
2396 77 3170 135 ’incantesimo del suo amore, uclla vec¬
2397 115 3169 169 chia cusa, circendlata dal giardino, che
2401 164 3167 219 gbert coltiva magicamente. Poi il cielo
2396 207 3166 263 ion C piü cosi azzurro: nascono tre bam¬
2389 251 3161 296 bine e Winifred diviene la madre prima
2385 287 3167 344 che là sposa, ritorna quasi, alla sua raz¬
2389 334 3159 388 za; per cui la vita & seria, piena di do¬
2391 380 3171 429 veri e di occupazioni. Egbert a poco a
2395 422 3156 472 oco passa al sccondo posto; und madr
2384 468 3163 517 dieve far crescere c sbocciare 1 fiori dei
2389 499 3164 559 suoi figli e non si cura del magnifico sio¬
2390 550 3164 600 re udi gia sbocciato, che č il marito
2390 596 3163 640 A poco a poco Winifred si vergogna del¬
2395 640 3169 681 a passione che rimane nel suo cuore ar¬
2397 678 3163 722 dente per il marito, e quando una sven¬
2394 719 3162 775 tura minaccia la vita di unn delle sue
2398 766 3167 810 ambine ella chiede a Dio di liberarla
2387 810 3169 868 del suo cuore di sposa per poter essere
2386 851 3167 907 solo c per sempre mamma. Cosi Egbert
2395 895 3175 948 liviene l’intruso, l’oggetto bello ed inu¬
2388 935 3164 989 tile chie si riponc per far posto a cose
2388 977 3169 1051 necessaric e pin seric. Una ruga di ama¬
2393 1018 3167 1081 rezza si incide sulla beie Konte: egli
2393 1063 3160 1124 nion vive piü tra i suol, estranco, dimen¬
2394 1123 3163 1165 ticato, ritorna alla casa di campagna do¬
2392 1155 3169 1209 ve, solo, non regge a lungo; ma non si
2387 1197 3166 1248 ribelia:  Egbert n’etait pas homme à
2387 1243 3166 1289 se plonger dans la débauche. C’était un
2386 1288 3178 1339 anglais de vieille souche, et, mème s’il
2384 1327 3168 1386 eut désiré d’être vicieux, il ne l’aurait
2390 1366 3167 1423 pu v. Ma scoppia la guerra; tutta. ani¬
2388 1407 3169 1466 mandi Egbert si ribella, la sua vita &
2386 1450 3127 1509 fueri da ogmr competizione politica
2397 1496 3176 1542 essuna smania battagliera imperialista
2390 1543 3176 1604 pud aver presa sulla sua anfma staccata
2393 1580 3172 1637 la ogni intcresse pratico; pure l’idea del¬
2386 1629 3164 1675 ln guerra ossessiona il suo spirito; dopo
2391 1672 3161 1718 ve ricevuto una risposta indifferente da
2403 1704 3156 1757 Winifred, ha dal suoccro un vago inco
2398 1754 3159 1806 aggiamento a partire. Egbert parte c
2392 1793 3160 1845 la dura vita del campo lo trasforma fisi¬
2389 1881 3171 1932 batte; anche la docilità della sposa che
2386 1924 3168 1981 egli seute devota solo per dovere al sol¬
2395 1973 3159 2022 ato, 10 scoraggia. La morte, che 1o Co¬
2390 2009 3173 2058 glie sul fronte, e per lui un'allucinazione
2386 2054 3173 2110 lutta fisica; il mondo dei viventi gli era
2392 2090 3171 2145 gi ontenissimo prima che egli lo ab¬
2392 2137 2836 2195 bandonasse per sempre.
2421 2180 3161 2236 Difficilmente, un breve riassunto de
2393 2237 3160 2287 ccutenuto del piccolo libro pud darc una
2390 2275 3165 2315 iden delle qualità artistiche che esso rac¬
2395 2313 3156 2369 chlude; qualità che sono tutte nella fi¬
2391 2356 3164 2409 ezua e nella grazia con cui il breve rac¬
2395 2396 3176 2452 onto & condotto, nella dicatezza dei
2397 2451 3159 2499 assaggt, graduati con le piü sini sfuma¬
2387 2488 3154 2540 ture di tono. Un'efficacia immediata rag
2389 2530 3162 2588 giunta con mezzi apparentemente sem¬
2390 2571 3159 2631 plicissimi da un profondo calore di com¬
2397 2619 3165 2670 nozione alla narrazione della vicenda
2387 2660 3164 2712 sentimentale dei duc sposi, dell’abisso
2396 2704 3160 2756 ncolmabile che si vienc scavando tra di
2393 2756 3165 2802 oro cosi che, ad un certo punto essi ven¬
2382 2790 3160 2848 gono a trovarsi su opposte rive, senza
2385 2838 2911 2896 speranza di riaccostamento.
2420 2880 3165 2930 Il lettore vive nell’atmosfera prima ar¬
2383 2921 3153 2968 dente di passione, poi sempre piu tragi¬
2386 2964 3147 3014 camente gelida della delusione, che al
2394 3011 3157 3064 ontania i duc protagonisti gradatamente
2387 3052 3158 3108 ed ir eparabilmente pur senza cle un
2391 3092 3156 3143 ontrasto vero e proprio sorga a divider¬
2390 3136 3155 3186 1: di razza diversa, l'amore li ha riuni¬
2388 3178 3167 3236 i, o, meglio ha riuniti i loro corpi belli
2385 3234 3157 3278 glovani; leanime, prima ignare, lon¬
2384 3260 3155 3315 ane, soffocate dal fragore di quel torren¬
2388 3315 3150 3360 edi passione, appena esso si affievolisce.
2381 3347 3158 3396 von sanno parlarsi e si chiudono ciascu¬
2382 3387 3164 3461 na nella propria orgagliosa, disperata
2416 3472 3153 3538 Lo stile aderisce perfettamente al con¬
2378 3525 3154 3586 tcnuto e sa dare al racconto una velatu¬
2379 3575 3153 3629 radi sogno c di lontananza, si che i per¬
2372 3615 3154 3673 sonaggi divengono simboli dell’eterna
2376 3654 3164 3714 tragedia dell’amore che non sa varcare i
2378 3697 2684 3769 linnti dei sensi!
2774 3737 3125 3819 G. F. CECCHINI
