3248 4128
1505 188 1840 281 box 2/1
246 192 1277 281 11. Frau Bertha Garlan
402 259 1278 312 „
745 488 1270 581 Literarische Notizen.
514 561 1587 641 [„Frau Bertha Garlan'. Roman von
444 602 1589 684 Arthur Schnitzler. Berlin, Verlag S. Fischer.
446 652 1585 721 1901.] Das Schiller'sche Wort vom Hunger und der Liebe,
437 696 1579 759 die das Weltgetriebe zusammenhalten, hat „Jung Wien“ be¬
432 740 1583 810 kanntlich nur zur Hälfte erfaßt, zur zweiten Hälfte. Auch der
440 779 1582 838 Bedeutendste dieser Autorengruppe, Arthur Schnitzler, be¬
436 820 1583 894 scheidet sich damit. Das Getriebe der inneren Welt nicht
442 861 1584 942 anders wie das der äußeren interessirt ihn nur von einem
437 911 1574 980 Gesichtspunkte aus: Das Verhältniß des Mannes zum Weib,
434 951 1573 1029 des Weibes zum Manne. Wenn man daher sein neuestes
433 1003 1572 1058 Buch ein frauenrechtlerisches nennt, so ist ein Mißverständ¬
437 1042 1581 1112 niß von vornherein ausgeschlossen. Nur ein Frauenrecht
427 1092 1577 1158 kann es geben, über das da verhandelt wind. Es wird die
1583 1131 1697 1185 Jlusive
449 1126 1568 1193 Sehnsucht nach Wonne ebenso in die Frau gelegt als in den
370 1121 435 1198 Für
432 1171 1564 1251 Mann; aber bei den Frauen wird es Sünde und fordert
1589 1214 1684 1266 hlbar
442 1217 1563 1284 Sühne, wenn die Sehnsucht nach Wonne nicht zugleich die
385 1271 429 1311 „
437 1259 1576 1333 Sehnsucht nach dem Kinde ist. So lautet Schnitzler's These,
383 1318 416 1359 „
433 1307 1571 1379 die zu erhärten und zu erweisen er Frau Bertha Gaclan's
1597 1320 1735 1384 ist das
434 1348 1567 1415 einfache Geschichte erzählt. Sie ist äußerlich so einfach, so
1610 1371 1742 1420 es den
343 1380 433 1438 Abon
435 1397 1574 1452 wenig verschlungen und so uncomplicirt, daß sie kaum für
432 1433 1577 1505 den mittelstarken Band ausreicht und nicht recht verständlich
429 1482 1574 1554 macht, warum der Dichter just diese seine Erzählung vor ihren
1579 1488 1752 1551 itend die
437 1518 1560 1590 Vorgängerinnen ausgezeichnet, ihr den Titel „Roman“ be¬
1589 1538 1736 1589 rgen¬
342 1549 424 1604 Inh
438 1562 1557 1626 scheert hat. Da ist eine junge Witwe nach einem älteren
1580 1577 1732 1629 Zeitung“
1573 1615 1739 1665 he Leben
428 1610 1569 1670 Manne. In einem kleinen Landstädtchen lebt sie mit ihrem
352 1636 416 1683 wod
1579 1657 1743 1711 heilungen
434 1652 1559 1715 halbwüchsigen Buben dumpf und wunschlos dahin. Und ein¬
347 1675 413 1728 des
434 1700 1564 1758 mal überkommt sie die Erinnerung an den Poesieschimmer, der
348 1717 416 1769 wer
433 1735 1567 1810 einige ihrer Backfischtage bestrahlt hat. Da hat sie einen Con¬
431 1781 1573 1849 servatoristen gekannt und geliebt, aus dem inzwischen ein
423 1830 1565 1894 großer Künstler geworden ist. Und sie reist nach Wien, sucht
424 1872 1569 1925 den Mann auf, und in ihrem Herzen und in ihren Sinnen
429 1911 1561 1977 sprießt über Nacht all das auf, was der Sonnenbrand und
421 1958 1563 2020 der Staub des Alltages vertrocknen und verdorren ließ. Jenem
421 1998 1570 2063 Manne aber ist sie nur ein leichtes Abenteuer einer Nacht ge¬
425 2047 1567 2102 wesen, ein flüchiger Rausch, der nichts hinter sich läßt denn
414 2091 1566 2148 ein klein wenig Katzenjammer. Aeußerlich geschieht nichts gar
425 2136 1560 2196 nichts mehr in dem Buche. Der Roman ist schon zu Ende.
424 2173 1566 2232 Frau Bertha Garlan wird in ihrer Kleinstadt weiterleben, der
425 2223 1563 2274 ganze Wahn dieser wenigen wirren Tage ist vorüber, in ihr
423 2265 1556 2328 verklingen die letzten Schauer einer verlangenden Weislich¬
412 2305 1558 2377 keit. . .. Freilich hat das Schnitzler'sche Buch noch einen
416 2348 1561 2404 ganz anderen, reicheren Inhalt. Es ist ein Meisterstück psycho¬
421 2395 1554 2449 logischer Kleinkunst, das der Dichter hier geboten hat. Der ge¬
413 2435 1556 2501 heinnißvolle Schleier, der über die weibliche Psyche gebreitet
420 2478 1555 2542 ist, ward selten mit zarteren und weicheren Fingern zu heben
417 2514 567 2575 versucht.
1390 2534 1488 2582 St—
465 2953 1519 3027 „Frau Bertha Garlan.“ Roman von Arthur Schnitzler.
363 3002 886 3058 Berlin, Verlag von S. Fischer.
885 3014 1531 3064 — Es ist ein Blühen über die öster¬
367 3049 1523 3104 reichische Literatur gekommen. Wir sind nun auf dem besten Wege,
368 3086 1525 3144 neben dem österreichischen Drama den modernen österreichischen Roman
365 3128 1517 3181 zu erhalten. Einer unserer feinsten Dichter hat uns diesmal ein echtes
368 3167 1519 3218 kleines Kunstwerk gegeben. Schnitzler versteht es wie kaum ein
365 3205 1520 3253 Zweiter, sich in das Wesen einer Frau hineinzuspinnen. Mit seinem
367 3246 1523 3288 zarten Silberstift zeichnet er Frauen voll schöner Sehnsucht in farben¬
373 3286 1521 3333 reicher, äußerst charakteristischer Prosa. Er verbindet in selten künst¬
358 3364 1509 3422 lerischer Weise die Psychologie des Analytikers mit der des Poeten.
358 3419 1508 3462 So schafft er aus Dissonanzen des Lebens harmonische Werke der Kunst.
357 3456 1509 3504 Jetzt hat er auch die krystallklare, tiese Einfachheit der Großen gefunden.
354 3494 1506 3542 Seine Figuren sprechen nicht mit der verstellten Stimme des Autors,
350 3532 1511 3579 der hinter ihnen steckt, sie tragen nicht dessen Larve, sie haben alle ihre
346 3575 1506 3614 eigenen Gesichter, ihre eigenen Grimassen. Hier, im Roman, konnte
348 3610 1512 3658 sich Schnitzler geben, wie er ist. Der grobe Theaterapparat zwingt
347 3657 1512 3699 unwillkürlich zu massiveren Mitteln herab. So wirken in „Frau Vertha
356 3684 1504 3731 Garlan“ alle Vorgänge mit der suggestiven Kraft der Wahrheit; eine
340 3730 1388 3782 wunderbare Ehrlichkeit verleiht dem Werke eigenartigen Zauber.
1366 3762 1478 3816 A. E.
646 3757 1040 3834 Kac h
2145 399 2616 510 Sane 21
2007 525 2259 618 J044 22
2136 634 3205 729 „Frau Vertha Gaxlau.“ Roman von Arthur=Schnitzler.
2032 694 3200 767 Berlin, Verlag von S. Fischer. — Es ist ein Blühen über die öster¬
2038 735 3198 808 reichische Literatur gekommen.WWir sind nun auf dem besten Wege,
2036 772 3200 845 neben dem österreichischen Drama dep modernen österreichischen Roman
2039 806 3198 878 zu erhalten. Einer unserer feinsten Dietter hat uns diesmal ein echtes
2041 853 3194 923 kleines Kunstwerk gegeben. Schu###l##ersteht es wie kaum ein
2034 887 3185 959 Zweiter, sich in das Wesen einer Frau hinekneuspinnen. Mit seinem
2035 933 3194 985 zarten Silberstift zeichnet er Frauen voll schöner Sehnsucht in farben¬
2037 972 3185 1044 reicher, äußerst charakteriftischer Prosa. Er verbinde#### selten künst¬
2043 1025 3198 1118 lerischer Weise die Psychologie des Analytikers mit der des Poeten.
2046 1067 3204 1158 So schafft er aus Dissonanzen des Lebens harmonische Werke der Kunst.
2040 1105 3200 1192 Jetzt hat er auch die krystallklare, tiefe Einfachheit der Großen gefunden.
2051 1147 3196 1234 Seine Figuren sprechen nicht mit der verstellten Stimme des Autors,
2043 1183 3206 1264 der hinter ihnen steckt, sie tragen nicht dessen Larve, sie haben alle ihre
2040 1226 3191 1311 eigenen Gesichter, ihre eigenen Grimassen. Hier, im Roman, konnte
2038 1258 3195 1352 sich Schnitzler geben, wie er ist. Der grobe Theaterapparat zwingt
2038 1305 3196 1390 unwillkürlich zu massiveren Mitteln herab. So wirken in „Frau Bertha
2040 1337 3195 1434 Garlau“ alle Vorgänge mit der suggestiven Kraft der Wahrheit; eine
2033 1381 3079 1450 wunderbare Ehrlichkeit verleiht dem Werke eigenartigen Zauber.
3051 1441 3153 1521 A. E.
3125 1901 3252 1959 creiden
2880 1926 3243 1998 ##legt. Recht hübsc
2438 1960 3245 2027 „Dein niterarisches Debut“, und toll — was selte
2201 2027 3245 2076 Autor der Fall ist — gibt sich das Geschichtchen vom „Heidel
2105 2060 3247 2107 berger Studenten und dem Teufel“ Auch der sentimentale Wiener To¬
2112 2098 3018 2145 fehlt nicht; er ist im „Gemüthsredacteur“ angeschlagen.
3078 2102 3224 2151 R. H—r.
3013 2102 3059 2141 800
2193 2135 3248 2189 „Frau Bertha Garlan.“ Roman von Arthur Schnitzler
2073 2157 3245 2227 Berlin, Verlag von S. Fischer. — Es ist ein Blühen über die öster
2096 2219 3250 2269 reichische Literatur gekommen. Wir sind nun auf dem besten Wege
2103 2253 3246 2306 neben dem österreichischen Drama den modernen österreichischen Romat
2111 2296 3246 2340 zu erhalten. Einer unserer feinsten Dichter hat uns diesmal ein echte
2107 2329 3253 2383 kleines Kunstwerk gegeben. Schnitzler versteht es wie kaum ein
2105 2370 3253 2418 Zweiter, sich in das Wesen einer Frau hineinzuspinnen. Mit seinen
2102 2407 3244 2456 zarten Silberstift zeichnet er Frauen voll schöner Sehnsucht in farben
2100 2446 3253 2496 reicher, äußerst charakteristischer Prosa. Er verbindet in selten künst¬
2735 2530 3253 2630 Bestens empf
1935 2607 3097 2679 lerischer Weise die Psychologie des Analytikers mit der des Poeten.
1943 2674 3095 2716 So schafft er aus Dissonanzen des Lebens harmonische Werke der Kunst.
1940 2713 3098 2765 Jetzt hat er auch die krystallklare, tiefe Einfachheit der Großen gefunden.
1934 2756 3093 2803 Seine Figuren sprechen nicht mit der verstellten Stimme des Autors,
1935 2790 3101 2835 der hinter ihnen steckt, sie tragen nicht dessen Larve, sie haben alle ihre
1933 2834 3101 2880 eigenen Gesichter, ihre eigenen Grimassen. Hier, im Roman, konnte
1946 2868 3104 2916 ich Schnitzler geben, wie er ist. Der grobe Theaterapparat zwingt
1932 2910 3095 2954 unwillkürlich zu massiveren Mitteln herab. So wirken in „Frau Bertha
1940 2947 3096 2993 Garlan“ alle Vorgänge mit der suggestiven Kraft der Wahrheit; eine
1926 2981 2979 3047 wunderbare Ehrlichkeit verleiht dem Werke eigenartigen Zauber.
2948 3023 3066 3089 A. E.
2055 3043 2272 3104 Dan 0
