3248 4128
1458 138 1815 235 box 2/1
210 137 1244 221 11. Frau Bertha Garlan
397 211 1249 272 „5
1935 1075 1999 1147 63
1257 1084 1670 1167 LETTRES ALLEMANDES
934 1205 2002 1308 nous fait vivre un siècle dans l’espace d’une minute
947 1270 1898 1373 que M. Schnitzler note avec infiniment de talent!
978 1313 2001 1412 Le lieutenant Gustl qui est une nouvelle de 80 pa¬
947 1374 2004 1476 ges révele d’une manière plus aigué encore les mèmes
951 1436 1998 1532 qualités que je viens de mentionner. C’est le bouillon¬
949 1490 2010 1574 nement cérébral d’un jeune lieutenant qu’on a soi¬
950 1528 2015 1630 disant insulté, pendant qu’il écoutait un oratorium. II
954 1603 2012 1683 veut se tuer, des circonslances l’en empécheront na¬
959 1647 2008 1741 turellement. Si ce lieutenant était prussien, la nou¬
960 1704 2018 1795 velle ne serait peut-étre pas intéressante, mais comme
962 1746 2022 1854 il est viennois et sentimental, cette monographie est
956 1808 2023 1901 exquise, d’un comique doux, et très, tres humaine.
962 1858 2026 1959 (Test àsouhaiter qu’on la traduise en français. Mais
973 1925 1890 2014 nelas M. Schnitzler n’est ni russe ni polonais!
1408 2116 2036 2208 der d'un poête — et plus encore
1010 2147 1328 2228 II est difficile
975 2184 2042 2287 dans une langue qut# st peint la sienne. Qui connaft
969 2235 2027 2333 en France M. Stefan Geors Apart quelques lettrés,
983 2289 2031 2388 les Allemnands eux-mémes lignerent II est certaine¬
981 2343 2038 2446 ment beauceup trop arliste pour cux, et la noble ten¬
988 2390 2050 2501 tative d’art de####oête déroute beaucoup les esprits
987 2458 2041 2550 d’outre-Rhin. Ge###une chose banale qu’en Allemagne,
983 2507 2036 2599 tropepris du lend, tropgründlich, on délaisse la forme.
987 2554 2051 2658 Dans ce pays musical par excellence, on s’occupe fort
986 2617 2052 2720 peu de Tharmonie d’un mot, de sa valeur sonore et de
995 2675 2044 2770 sa force de suggestion. On pourrait dire que la langue
995 2728 2017 2815 allemande souffre d’une hypertrophie du cerveau ¬
999 2774 2059 2871 ce viscère s’est développé au détriment de lharmonie
999 2835 2060 2922 du corps: en somme, il n’y a pas équilibre entre la
991 2912 1336 2981 forme et le fond.
1039 2931 2062 3031 Nietzsche qui fut un parfait styliste a maintes fois
1003 3007 2064 3095 signalé, ce manque d’écrifure chez ses compatriotes.
1003 3058 2066 3166 Dans le Crépuscule des Idoles il constate avec une
