3296 4096
666 104 1286 182 Bertha Garlan
236 111 618 196 11. Frau
1496 110 1840 199 box 2/1
674 161 1258 228 Ie
443 168 636 219 nereneeene
393 547 1579 628 einsetzt und einsetzen muß, nur dann würdig sein kann, wenn
1630 566 2798 639 und Lösung bringt, indem es ihr nämlich einen Augenblick wird,
397 621 1564 677 er wie die Frau dazu imstande ist, sein Ich an das Ich der
1629 626 2799 683 als hätte ihr ganzes Schicksal nur den einen Sinn gehabt, sie
400 663 1570 734 Geliebten zu verlieren. Denn Frau Garlau ahnt das un¬
1615 674 2603 724 das Elend dieses Mannes ganz verstehen zu machen.
396 716 1572 768 geheure Unrecht in dee Welt, daß die Sehnsucht nach Wonne
1717 729 2798 793 Moralisch im landläufigen Sinne ist die Geschichte Frau
390 765 1566 833 ebenso in die Frau gelegt ward, als in den Mann, und daß
1623 766 2792 837 Garlaus nicht, aber menschlich ist sie, zu den Gebrechen gehörend,
387 819 1573 871 es bei den Frauen Sünde wird und Sühne fordert, wenn die
1617 823 2805 886 die nach Goethes Meinung durch reine Menschlichkeit gesühnt
407 858 1570 924 Sehnsucht nach Wonne nicht zugleich die Sehnsucht nach dem
1621 869 1944 937 werden können. —
401 908 1568 972 Kinde ist. — Das ganze Gemälde des Seelenlebens einer
401 957 1566 1017 Frau von 30 Jahren, die ideal und künstlerisch veranlagt, als
401 1009 1572 1061 junges Mädchen von 20 einem Musiker schwärmerische Ver¬
393 1062 1562 1116 ehrung entgegenbrachte, die dann in eine Kleinstadt einem un¬
1927 1043 2395 1133 Gent, Kopennagen —
396 1105 1576 1160 geliebten Manne in die Ehe folgte und nun als Witwe den
1918 1105 2802 1186 New-Vork, Paris, Rom, San Francisco, Stockne.,
2317 1156 2586 1214 burg, Toronto.
399 1157 1573 1224 Jugendgeliebten wiederfindet, sich ihm hingibt und einsehen muß,
2231 1178 2678 1251 (Quellenangabs ohne Gewähr.)
401 1211 1569 1253 daß sie dem Manne nicht mehr war wie jede andere, die er an dem¬
393 1251 1569 1310 selben Abend auf der Straße gefunden hätte, sie, deren Sehn¬
1920 1236 3015 1356 Ausschnitt änaher Börsen Courier, Berlin
400 1307 1560 1361 sucht sich in all den Jahren nur auf diesen einen gerichtet,
2398 1309 2809 1404 Morgenausgabe
2238 1339 2302 1411 1“
397 1351 1564 1412 das ist der Inhalt der Erzählung, die Arthur Schnitzler seinen
1921 1340 2202 1421 vom 2½
381 1396 1567 1453 Freunden als neueste Gabe seines bedeutenden Talentes reicht.
397 1446 1570 1502 Meisterhaft, ganz Kenner der Frauennatur, die er gewiß in
2027 1484 2963 1537 S. Fischers Bibliothek zeitgenössischer
406 1497 1576 1552 einer Eigenschaft als Arzt zu studieren reichlich Gelegenheit
1955 1523 2973 1584 Romane bringt als letzte Novität, entsprechend ihren
394 1548 1569 1605 gefunden, schafft er alle Vorbedingungen für den Zustand un¬
1954 1570 2968 1623 guten Gepflogenheiten, wieder einen berühmten Autor
393 1593 1568 1641 befriedigter Sehnsucht, in den er seine Heldin bringt. Die ver¬
1964 1610 2962 1667 und ein beachtenswertes Werk: Die Novelle „Frau
389 1644 1568 1710 lorene Jugend in Wien, das vergebliche Streben nach Ausbildung
1960 1652 2729 1709 Berta Garlan“ von ArtSu
398 1688 1563 1749 ihrer musikalischen Talente, die dreijährige leidenschaftslose Ehe
2016 1671 2969 1747 Wenn jemals in Arthur Schnitzler der Arzt den
1959 1730 2967 1783 Dichter geleitet, so war es bei dieser Novelle „Frau
391 1741 1564 1791 mit dem alternden Garlan, das Leben in der Kleinstadt, der
1949 1770 2255 1827 Berta Garlan“.
2269 1771 2962 1825 Und der Arzt, d. h. der Lebens¬
397 1787 1564 1847 Tod des Mannes, ihr Zusammensein mit dem Ehepaar Rupius,
1955 1812 2969 1863 physiologe, der Lebenspathologe, ist auch der über¬
391 1834 1571 1887 das eine Ehe führt, in der eine junge Frau einen gelähmten
1953 1855 2966 1899 wiegend Stärkere geblieben. Der dichtende Erzähler
387 1886 1563 1940 Mann hintergeht, die Erscheinung eines cynischen Junggesellen, der
1965 1897 2960 1951 dessen, was dem Arzt vielleicht aus seiner Praxis
1959 1934 2957 1981 erwachsen, dem Beobachter in der Gesellschaft ent¬
392 1937 1563 1992 der jungen Wittwe näher tritt, die Nähe von Wien, das wie eine
1962 1976 2972 2029 gegengetreten, weicht zuweilen so weit hinter Beiden
403 1977 1570 2050 Sirene von Ferne lockt und lockt, alle diese Umstände wirken in Frau
1955 2019 2967 2074 zurück, daß er zum nüchtern registrierenden Chronikeur
400 2029 1561 2089 Garlans Innerem zusammen, daß sie in unwiderstehlicher Sehn¬
1955 2063 2969 2112 wird. Selbst die psychologische Begründung der
392 2078 1569 2144 sucht die Hand nach einem Glücke ausstreckt, von dem sie meinte,
1956 2103 2967 2151 physiologischen Regungen in der jungen Heldin, Berta
393 2131 1564 2181 daß es einst in der Jugend schon beinahe einmal ihr eigen ge¬
1948 2140 2963 2188 Garlan, wird zu einem Exempel, mit leicht durch¬
399 2183 1570 2244 wesen wäre, wenn sie es damals nicht aus mißverstandener
2907 2188 2957 2231 die
1948 2213 2959 2285 Konstruktion der Wahrscheinlichkeit in der Geschehnis¬
397 2222 1498 2287 Tugend als unerfahrenes Mädchen von sich gewiesen hätte.
1945 2258 2312 2309 willkür des Lebens.
389 2276 1563 2330 Der Jugendgeliebte ist ein berühmter Violinist geworden, sie
2011 2273 2957 2357 Da ist nämlich die jungverwittwete bildhübsche
391 2323 1561 2382 liest von ihm in den Zeitungen, sie sieht sein Bild in der
1955 2339 2953 2395 Frau Berta, nach kurzer Ehe, ohne jede Glückerfüllung,
397 2392 1570 2433 „Illustrierten“, und sie selber in all' der unbezwinglichen Sehn¬
1943 2424 2962 2476 ziemlich dürftigen Lebensumständen zurückgeblieben.
403 2427 1561 2484 ucht der Frau, die nie geliebt worden, die ungeliebt und nicht
1953 2464 2959 2514 Rein und unverlangend. Das von aller Welt ver¬
396 2469 1569 2530 liebend sich dem angetrauten Gatten aus Pflicht gab und sich
1956 2508 2961 2560 mutete, heimliche und widerrechtliche Glückgenießen
389 2525 1563 2580 nun als Witwe frei fühlt, schreibt an ihn. — Sie vergißt, was
1959 2549 2955 2595 einer jungen, gleichschönen, stolzen, überlegenen
397 2573 1558 2626 er alles in den 10 Jahren erlebte, da sie nichts besseres zu
1953 2578 2954 2635 Freundin, der Gattin eines unheilbar gelähmten, vor¬
386 2621 1557 2674 thun wußte, als in ihrem engen Kreise seiner zu gedenken, und
1953 2625 2948 2680 nehmen Mannes, weckt in Frau Berta ziemlich jäh
1956 2668 2955 2721 das Gedächtnis an eine ungekrönte Jugendliebe zu
385 2674 1565 2728 er nimmt die Ersüllung ihres höchsten Wunsches, das Glück,
1954 2707 2953 2761 einem jetzt lange schon berühmten Geiger.
391 2719 1568 2785 von dem sie in Träumen der Sehnsucht lebte, hin als etwas
1954 2740 2951 2798 Mit diesem Gedächtnis erwacht in ihr das, nur
403 2761 1567 2816 Selbstverständliches und Gleichgültiges, ihm dargebracht von
1948 2785 2953 2839 als unbelauschter Unterstrom in ihrem Blut
392 2810 1555 2878 einer Frau, die es vielleicht gerade so gerne einem anderen ge¬
1951 2827 2949 2876 rauschende Weibverlangen nach dem „großen Glück¬
398 2862 1559 2913 geben hätte, wie er es von jeder anderen entgegengenommen.
1946 2861 2959 2924 erleben“ nach „der höchsten Seligkeit“, die „nach den
1952 2910 2956 2954 Romanen der Dichter dem Weibe von dem geliebten
397 2913 1568 2967 Das ist das Tragische in Frau Bertha Garlaus Schicksal und
1946 2954 2956 3004 Manne kommen soll.“ Einen sehr äußeren Zufall
392 2962 1563 3019 zugleich das Befreiende, zugleich aber auch das Wienerische in
1948 2989 2956 3036 macht Frau Berta mit gar nicht sehr charakterlogischer
390 3015 1556 3071 der Art und Weise, wie Arthur Schnitzler das Wesen seiner
1944 3034 2957 3081 Keckheit sich dienstbar, um sich dem Jugendgeliebten zu
384 3053 1557 3111 Erzählung erfaßt. Kein äußerer Umstand wird die Folge von
1943 3073 2945 3122 nähern und bei der ersten Gelegenheit versäumtes
388 3108 1557 3165 Frau Garlans Fehltritt, niemand erfährt etwas, niemand braucht
1945 3116 2945 3173 Jugendliebesglück in seinen Armen zu finden. Von
1946 3153 2956 3196 der praktischen Lebenswertung des verwöhnten Künst¬
387 3155 1560 3205 sie zu verachten und niemand zu bedauern, nur an dem Schick¬
1936 3193 2949 3252 lers abgestoßen, auch in ihrem erwarteten posthumen
394 3210 1566 3267 fal der ihr befreundeten Frau des gelähmten Mannes sieht sie
1941 3239 2951 3310 Glückrausch im Grunde und gründlich enttäuscht, kehrt
389 3254 1563 3304 schaudernd, was hätte werden können, und wird durch das
392 3298 1553 3357 Schicksal der anderen innerlich entfühnt und befreit. — Und
1986 3313 2986 3429 Frau Berta in ihre kleinstädtische Heimat und zu
380 3344 1562 3401 auch dieses Schicksal der gefallenen Frau, die ein Verbrechen
1993 3366 2973 3471 ihrem sonnigen Buben, seelisch unbeschadet, zurück,
387 3402 1556 3460 beging, um nicht Mutter zu werden, und an den Folgen des
1986 3406 2973 3503 während ihre überlegene, in allem auch radikalere
384 3448 1557 3514 Verbrechens sterben muß, gewinnt in Schnitzlers Darstellung
1989 3443 2983 3563 Freundin mit ihrem jungen Leben ihr kurzes, illegales
1991 3481 2311 3547 Eheglück bezahlt.
391 3502 1561 3560 den typischen Zug dieser versöhnlichen und meinetwegen allzu
381 3547 1552 3609 toleranten Wienerischen Welt= und Lebensauffassung, denn der
2036 3526 2969 3628 Was auch sonst die stärkste Seite der dichterischen
1984 3562 2962 3671 Gestaltung Schnitzler“ ausmacht: die Fähigkeit,
375 3597 1558 3652 gelähmte Mann dieser aus Sehnsucht nach Liebe zu Grunde
1975 3602 2961 3709 Charaktere plastisch gegeneinander zu stellen, Geschehnisse
388 3649 1552 3697 gegangenen Frau sagte selbst zu Bertha Garlan: „Warum hat
1974 3651 2968 3760 aus dem Rahmen des ereignisarmen Alltags heraus¬
382 3694 1556 3752 sie das gethan? Es war nicht notwendig. — Was gehen mich
1974 3688 2959 3796 zuheben, das Leben klar, die Menschen hell zu schauen,
376 3739 1560 3801 die anderen Menschen an!“ — Und aus diesem Jammer des
1967 3726 2968 3830 das wird auch hier der bedeutsame Vorzug seiner
376 3791 1555 3843 armen betrogenen und gelähmten Mannes erblüht auch Frau
1964 3763 2963 3880 Dichtung von der Verschiedenheit der Wirkungen
1964 3809 2967 3908 gleicher Ursachen und von dem gleichen Recht auf
378 3833 1561 3900 Bertha Garlan eine neue Erkenntnis des Lebens, die ihr Trost
1962 3849 2889 3952 höchst ungleiche Glückmöglichkeit der Frauenphysis.
2809 3919 2956 3991 S
