3296 4128
229 214 1302 296 11. Frau Bertha Garlan
1481 214 1875 319 box 2/1
413 266 1319 333 1  Cd h n en aen K  K
2862 879 2961 935 Der
1841 873 2853 954 empfindung der beiden Geschlechter. Für das Weib ist die
805 886 1832 960 unsicher. Immer wieder fluchten sie zur Novelle, für die
2848 918 2952 975 des
1837 943 2846 1003 Liebe das eine Schicksal, der Lebensinhalt, und für den
808 947 1828 1010 ihr Athem reicht, bemühen sich um die peinliche Dar¬
2856 958 2959 1016 und
1833 987 2842 1036 Mann ein Erlebniß, ein Ereigniß neben vielen, nur zu
808 990 1833 1041 stellung eines Lebensausschnittes. Drei schöne Bücher, die
1843 1024 2849 1080 Zeiten und für kurze Abschnitte des Daseins zu starker
805 1036 1833 1096 der Anfang dieses Jahres unserer heimischen Literatur
2849 1030 2954 1100 träg
1829 1071 2852 1121 Bedeutung emporgehoben. Frau Berta muß diese Tragik
815 1073 1832 1126 geschenkt hat, erwecken aufs Neue diese Gedanken, diesen
2849 1086 2958 1159 schr
1842 1110 2854 1164 verspüren. Sie kehrt zurück in den Alltag, nachdem sie die
812 1099 1826 1162 Wunsch nach einem österreichischen Roman. Jedes von ihnen
1842 1151 2848 1207 eine Stunde der Sinnlichkeit, des Frühlings in ihrem
817 1155 1829 1224 ist vollendet in den selbstgezogenen Grenzen der Novelle.
2846 1152 2960 1242 Her
1842 1190 2845 1244 Leibe, verspeist hat. Ein leises Frösteln kommt ihre Seele
907 1198 1828 1241 Von Frau Marie v. Ebner=Eschenbach's reifer Kunst
2852 1215 2962 1261 Dr.
1835 1235 2847 1289 an, dann auch etwas wie Zufriedenheit im Schmerz, da sie
814 1236 1828 1289 Neues zu hören, wird Niemand verlangen dürfen. Das
2846 1248 2977 1323 Leit
1845 1277 2846 1329 noch die Rückkehr offen hat in das Leben der kleinen Stadt
804 1273 1835 1321 Buch „Aus Spätherbsttagen“ hat jene zarte und milde
1842 1314 2851 1371 und der kleinen Menschen. Nur ist sie um eine Lehre reicher:
820 1309 1829 1370 Art, die damit versöhnt, daß man den Dichter ins Alter
2855 1316 2956 1388 9.4
1831 1362 2848 1420 Sie weiß, daß jede dieser Frauen der kleinen Stadt, deren
805 1353 1835 1407 vorgerückt fühlt. Jene klare Ruhe, die Fontane'sche Romane
2852 1375 2970 1439 u. L
1843 1400 2850 1458 einzige Sorgen in Kinderstube und Waschküche aufzugehen
805 1401 1833 1461 verspüren ließen, am stärksten natürlich der wundervolle,
824 1429 1844 1495 im Ton so weise „Stechlin“, beherrscht auch in diesen
1851 1435 2853 1491 scheinen, wohl auch die Schicksalsstunde gehabt hat, die
2850 1446 2933 1515 zeit¬
814 1481 1837 1541 Novellen die Darstellung. Der große Zorn, die wilde Wuth,
1847 1483 2853 1536 Sünde begangen, den Kampf durchgemacht, die Ent¬
2844 1500 2962 1576 Wie
2185 1518 2851 1580 .. Als Frau Berta Garlan in ihre
816 1512 1839 1578 die manches Jugendwerk erfüllt, sind besiegt worden eben
1847 1526 2198 1583 täuschung erlitten.
807 1571 1832 1620 von all den Schicksalen, die über den Dichter gekommen,
1847 1560 2851 1622 Stadt zurückkehrt, wird eben ein Leben geendet: eine Frau,
2859 1569 2980 1640 gabe
817 1585 1845 1663 oder doch, von ihm bemerkt und ihn belehrend, an ihm
1838 1606 2850 1654 der sie näher gestanden war, stirbt, weil in ihr ein neues
2860 1630 2968 1694 Berl
815 1643 1838 1710 vorbeigezogen sind. Auch das große Staunen über die Viel¬
1835 1646 2855 1699 Leben erwacht ist und ihr Gatte nicht der Vater ist, der Ge¬
821 1692 1835 1743 fältigkeit der Ereignisse, das, wie man sagt, die Quelle
1837 1690 2852 1747 liebte aber hat sie wohl verlassen ... Das ist die Folie, die
2850 1710 2973 1772 mon
813 1727 1828 1772 aller Philosophie ist, kommt nun nicht mehr zu heftigem
1841 1723 2856 1787 Zukunft, in die Frau Garlan schauen darf, ein fremdes
2855 1754 2972 1818 und
815 1773 1837 1818 Ausdruck. Frau Marie v. Ebner=Eschenbach sieht nun die
1838 1775 2855 1823 Leben geht zu Ende, das ähnlich angehoben hat, wie das
815 1804 1843 1866 Leute harmonischer als je, wohl auch in besserem Lichte.
1841 1817 2863 1889 eigene. So ähnlich und so verschieden, wie zweier Frauen
2853 1836 2916 1891 die
819 1854 1839 1910 Daraus resultirt eine stille Friedlichkeit für diese
1846 1856 2144 1925 Leben eben ist.
2848 1862 2983 1946 praxi
817 1891 1845 1958 Geschichten, die alle leise Traurigkeit vermitteln, aber nicht
1931 1882 2860 1951 Diese Geschichte ist von schlichter Innigkeit erfüllt.
820 1933 1837 2003 trostlos sind. Die Geschichten „Der Vorzugsschüler" und
1853 1926 2854 1991 Ein Bild der kleinen Stadt entsteht, wie sie die stille Frau
2860 1938 2989 2019 Fis
1050 1963 1831 2036 zu verbrennen" sind Meisterstücke. Man
829 1982 976 2035 „Uneröf
970 1980 1062 2027 fnet
1846 1985 2844 2033 Berta sieht, dann wie sie ihr unter der Wandlung der
2862 1998 2990 2054 östert
1057 2007 1842 2074 förmlich Gewalt anthun, um diese
832 2018 1062 2087 mß sich
1847 2020 2853 2068 Liebe erscheint, bewegter, wohl auch in häßlicherem Lichte.
2863 2042 2987 2098 Nr.
1080 2054 1842 2116 innigen Novellen nicht nachzuerzählen.
824 2056 1086 2117 feinen und
1847 2066 2859 2113 Der langsame Einzug des Schicksals in dieses Frauenleben
828 2102 1843 2155 Der Frau v. Ebner=Eschenbach ist J. J. David eng
1852 2105 2864 2162 wird eindringlich zum Gefühle des Lesers gebracht und
2853 2122 2993 2180 samn
817 2143 1840 2194 verwandt. Ich glaube, ich wäre auf diese Beziehung sehr
1853 2140 2865 2205 eine schöne Ergriffenheit und Rührung als Wirkung des
2866 2166 3005 2242 Perle
817 2169 1837 2232 stolz. Wie sie hat David eher den Ton der österreichischen
1838 2186 2858 2240 Buches wird bei Niemandem ausbleiben. Still ist auch
2773 2218 2817 2248 e.
822 2223 1847 2279 Provinz, als den der Stadt Wien. Seine Natur sowie
1839 2224 2864 2287 dieses Buch; es wird Keinem und Keiner das Lebensgefühl
2857 2244 2907 2302 1
1070 2266 1840 2327 der besien seiner Figuren sind robuster,
1842 2270 2862 2323 erhöhen. Muth und Lebensfreude vermag es kaum zu
822 2270 1081 2329 die Naturen
2867 2286 3004 2363 Erbei
1845 2299 2863 2362 geben, allein es hat die Kraft, eine ruhigere Anschauung
830 2297 1842 2370 schwerer, mit dickerem Blut in den Adern, als die Groß¬
832 2345 1842 2405 städter. Wenn sie auch in der Stadt leben, so sind hoch
1844 2345 2870 2394 des Lebens, harmonisches Leben zu lehren. Während nun
1851 2392 2865 2456 Andere sich als Kraftnaturen fühlen und der Welt als
827 2389 1845 2445 die Wurzeln ihrer Existenz auf dem Lande irgendwo öffnet
2850 2407 3017 2482 G. H
1861 2439 2867 2487 Eroberer gegenüberstehen wollen, wird diese stillere 25
837 2418 1850 2484 sich gewiß eine Perspective auf Felder Wiesen und einen
1423 2467 1845 2529 In dem neuen Bande
1856 2464 2883 2546 bescheidenere Art der Betrachtung dennoch für Den und
832 2476 1397 2529 dunklen, schwermüthigen Wald:
2603 2513 2781 2577 W. Fr
831 2521 1837 2569 scheinen mir die Gedichte vom „Talisman“ und die „Mühle
1854 2519 2233 2591 Jenen werthvoll sein.
2865 2524 3009 2607 Umge
827 2551 1847 2607 von Wranowitz“ am stimmungsreichsten. J. J. David
831 2583 1857 2650 schöpft die Stimmungen aus seinem Siyl, nicht aus dem
2206 2595 2518 2662 Einlauf.
839 2636 1849 2695 Stoff. Natürlich ist diese Unterscheidung eine fließende
2857 2639 3001 2708 kanise
1941 2648 2851 2710 Es sind uns nachstehende Bücher, Broschüren und
829 2674 1858 2750 Grenze; denn selbsiverständlich sind die Menschen, die ihn
2872 2695 2999 2747 K. 2.
1850 2694 2862 2768 Zeitschriften zugesendet worden, deren Besprechung wir
831 2726 1843 2781 interessiren, und die Begebnisse, die ihm einfallen, seinem
1855 2748 2857 2809 uns nach Maßgabe ihrer Bedeutung und unseres Raumes
2856 2734 2988 2819 beicht
828 2765 1838 2820 schweren, dumpfen. complicirten und versunkenen Styl
1302 2799 1383 2842 rüh,
1841 2782 2095 2866 vorbehalten:
2865 2806 2982 2852 Durc
827 2797 1853 2861 adäquat. „Der Talisman“ führt in ein kleines, verquältes
2242 2823 2453 2893 Bücher.
2880 2845 2961 2889 Jent
837 2842 1850 2904 Leben, das nur eine Hoffnung auf die Güte fremder
2860 2882 2928 2926 W
1950 2859 2861 2936 Otto v. Leitgeb: Sidera cordis. Ein Roman
837 2887 1850 2940 Menschen erhellt. „Die Mühle von Wranowitz“ ist die
2860 2921 2982 2967 Nove
1857 2920 2861 2997 aus Fri lul. Stuttgart und Leipzig, Deutsche Verlags¬
827 2917 1857 2998 Darstellung eines Lebensendes; einer letzten im Angesicht
1860 2974 2006 3038 anstalt.
829 2978 1862 3032 des Todes sich ereignenden Liebe zwischen dem Gutsherrn,
2858 2989 2998 3056 Zeftg
1224 3002 1277 3055 15
1950 2977 2869 3063 Jubiläumsjahrbuch des Scheffel¬
838 3015 1856 3076 einem letzten Sprößling eines alten Geschlechtes, und
2868 3029 2939 3079 K.
1864 3044 2860 3097 Bundes für 1900. Geleitet von Oscar Pach.
829 3050 1852 3112 einem Bauernkind. Das ist mit einem großen Reichthum
2865 3068 3004 3115 Soci
1854 3090 2863 3147 Schwetzingen=Heidelberg und Wien, Verlag des Scheffel¬
2867 3105 2959 3154 For
835 3094 1858 3154 an Kunst und einem starken Gefühl für die Harmonie von
1852 3137 2038 3204 Bundes.
2860 3140 2992 3192 Stun
841 3135 1854 3207 Natur und Mensch dargestellt. Erfreulich ist an diesen
1941 3149 2991 3232 Otto Julius Bierbaum: Irrgarten der Liebe.sein?
833 3180 1867 3238 Erzählungen auch die künstlerische Oekonomie in der Aus¬
1846 3208 2868 3260 Verliebte, launenhafte und moralische Lieder, Gedichte und
2862 3216 2997 3274 in vi
840 3228 1528 3285 gestaltung des Stoffes durch Details.
1866 3253 2865 3317 Sprüche aus den Jahren 1885 bis 1900. Erstes bis fünftes
2860 3256 2999 3310 gebur
946 3233 1859 3313 Das dritte Buch, von dem ich nun zu berichten mich
1859 3289 2760 3366 Tausend. Berlin und Lejpzig, Schuster u. Loeffler.
836 3300 1854 3350 anschicke, läßt die stärksten Hoffnungen auf einen Wiener
1954 3311 2881 3402 Isabelle Kaiser: Wenn die Sonne untergeht.
846 3351 1863 3408 Roman erstehen. Hier sind kräftige Spuren, vielleicht
845 3391 2999 3454 auch schon bewußte Ansätze des Dichters nicht zu verkennen, Novellen. Stuttgart, I. G. Cotta'sche Buchhandlung Nachf.
2911 3428 2961 3487 120
