3296 4096
1029 155 1310 228 Garlan
266 154 969 233 11. Frau Bertha
439 219 1295 266 „
366 921 1271 985 werker geht, der mit ihr dem Verderben zu entfliehen
367 975 817 1040 hofft. Der Bentivoglio,
540 1020 844 1065 Der an jedem Tag
493 1038 1234 1101 Sein Leben trinkt aus tausend klaren Quellen
499 1102 1184 1153 Und jede weckt den Durst und jede löscht ihn,
370 1138 1277 1203 bietet der schönen Frau viel für ihre Gunst. Lange
382 1196 1270 1247 schweigt Beatrice und schließlich nennt sie in kind¬
372 1231 1281 1289 licher Einfachheit den hohen Preis: sie will Herzogin
373 1277 1268 1336 sein. Von Gefahr und Begierde trunken, willig
379 1319 1281 1377 der Fürst ein. Während ein greller Hochzeitsjubel,
376 1370 1272 1424 der sich durch seinen Lärm selbst betäuben will,
383 1408 1279 1466 durch Bologna fliegt, hört der Dichter durch die ein¬
376 1453 1277 1516 same Nacht eine Stimme. Seine Beatrice ruft ihn,
371 1499 1269 1559 holt ihn zum Tode. Freilich erkennt Filippo bald
376 1540 1277 1600 daß ihr der Tod nur eine Ausrede ist, um zu leben,
380 1587 1282 1642 daß sie, als Fürstin und im Brautkleid, zu ihm
388 1630 1277 1694 kam, weil sie eine sehnsüchtige Laune trieb und nach
382 1675 1285 1725 Frauenart Gefühle in ihr mehr vermögen als der
379 1717 1287 1773 Verstand. Kaum hat er ihr vorgegaukelt, daß sie
381 1765 1280 1824 Gift getrunken hat, so flucht sie ihm und jammert
377 1806 1282 1869 nach dem Leben, das ihre Sinne allein zu fassen
385 1851 1275 1906 vermögen. Angewidert, ganz erfüllt von dem Ge¬
379 1902 1286 1957 fühle der furchtbaren Vereinsamung, das zarte und
379 1937 1290 1995 tiefe Menschen so oft fühlen müssen, leert er nun
383 1990 1286 2043 wirklich den Giftbecher. Allein mit dem Todten,
396 2037 873 2091 stürzt die entsetzte Beatrice
509 2066 1196 2122 Zurück in's Leben, fort von dem Geliebten,
509 2112 1102 2163 Indeß er dalag wie ein todter Hund!
431 2159 1282 2223 Im Schlosse tobt eine wilde Orgie, die sich in
385 2206 1293 2260 Entsetzen auflöst, da der Herzog Beatricens Flucht
384 2248 1283 2306 bemerkt. Endlich kommt sie; in einer prachtvollen
386 2293 1281 2350 Szene, die mit allen tragischen Gewalten angefüll
388 2347 1282 2396 ist, wird die vor Todesangst und Angst vor dem
383 2384 1288 2439 Todten fast sinnberaubte Beatrice gezwungen, den
391 2429 1290 2482 Herzog dorthin zu führen, wo sie ihr Brautgeschenk,
382 2472 1287 2522 ihren kostbaren Schleier, ließ. Sie kommen in des
386 2520 1297 2570 todten Dichters leeres Haus. Hinter den schweren
391 2560 1295 2611 Vorhängen, wo der Herzog sein Brautlager halten
392 2606 1290 2657 will, sieht er Filippos Leiche. Nun dämmert mit der
387 2648 1283 2705 letzten Sonne, die sie Alle sehen werden, auch die
387 2691 1288 2746 Wahrheit auf. Und während draußen der Kampf
385 2746 1290 2795 beginnt, stößt Beatricen ihr ehrbar=strenger Bruder
399 2779 1293 2835 den Dolch in's Herz. Sie ist nur vorausgegangen;
392 2825 1293 2884 die Andern werden folgen. Der Morgen ist da und
391 2869 1286 2922 mit ihm werden Cesare Borgia und der Tod über die
395 2917 667 2976 Stadt kommen.
433 2957 1295 3010 Von der fast unheimlich=wilden Kraft, die durch
391 3003 1291 3058 das Gedicht tobt, kann eine Erzählung kaum ein
394 3043 1291 3113 abgeblaßtes Bild aeben. Die aus Angst und Ge¬
1529 154 1863 241 box 2/1
1308 921 2212 968 nußsucht gemischte Stimmung ist ein wirkungs¬
1309 970 2202 1016 voller Hintergrund des Gemäldes. Das Unwahr¬
1316 1012 2214 1066 scheinliche wird nicht nur begreiflich, sondern
1319 1054 2208 1112 chließlich selbstverstandlich. Wir sehen außer¬
1310 1104 2205 1153 ordentliche Menschen in außerordentlichen Verhält¬
1320 1142 2208 1193 nissen, die in Ueberlebensgröße vor uns empor¬
1313 1187 2205 1238 ragen, und ihre Schicksale werden bestimmt durch
1322 1230 2214 1284 in sechzehnjähriges Kind. Für sie stirbt der Dich¬
1322 1276 2214 1328 er, den sie dem Herzog verräth, wie sie später den
1319 1319 2205 1375 Herzog dem Dichter verräth. In dieses Frauen¬
1317 1372 2217 1419 rathsel leuchten des Lebensmeisters Bentivoglio
1320 1407 2206 1474 verstehende und daher auch verzeihende Worte hin¬
1357 1490 2006 1552 Warst Du nicht, Beatrice, nur ein Kind,
1361 1544 2059 1589 Das mit der Krone spielte, weil sie glänzte,
1366 1583 2095 1636 Mit eines Dichters Seel', weil sie voll Räthsel,
1363 1626 2075 1678 Mit eines Jünglings Herzen, weil's Dir just
1362 1668 2046 1716 Geschenkt war? Aber wir sind allzu streng
1364 1704 2077 1760 Und leiden's nicht, und Jeder von uns wollte
1361 1746 2182 1797 Nicht nur das einz'ge Spielzeug sein — nein, mehr!
1367 1781 2076 1832 Die ganze Welt. So nannten wir Dein Thun
1353 1824 2113 1880 Betrug und Frevel — und Du warst ein Kind!
1370 1871 2160 1938 Der Kampf zwischen Todesangst und Liebe
1321 1930 2221 1983 eines der Grundmotive aller Schnitzler'schen Werke;
1322 1978 2220 2033 das andere ist der Gegensatz zwischen Liebe und
1329 2020 2214 2069 Liebelei, die Erkenntniß, daß, was das Leben der
2162 2060 2214 2115 ist.
1317 2064 2154 2116 Frau ausfüllt, dem Manne nur eine Episode
1317 2114 2217 2165 Wir haben gesehen, wie diese herbe Wahrheit auch in
1322 2153 2218 2204 Frau Bertha Garlans Kopf eindrang. Das erste
1325 2194 2219 2249 Motiv, das er in seinen Novellen so haufig und oft
1336 2240 2214 2289 nit beinahe allzu großer Virtuosität varüirt hat,
1338 2282 2221 2335 üllt auch sein großes geschichtliches Drama aus; so
1337 2327 2219 2381 nächtig es auch wirkt, muß man voch wünschen, daß
1331 2376 2217 2422 sich der Schnitzler'sche Problemenkreis erweitert.
1336 2422 2215 2469 Freilich ist diese Erscheinung, die Armuth an poet¬
1335 2466 2219 2514 schen Motiven, ein für die ganze deutsch=österreich¬
1327 2502 2217 2551 ische Produktion charakteristisches Merkmal, über
1331 2548 2231 2601 das bei einer kritischen Betrachtung der modernen
1338 2588 2225 2646 eimischen Literatur vielleicht noch Einiges zu sagen
1325 2639 1432 2696 wäre.
1380 2688 2221 2740 Aber weit über das mächtige Drama Schnitzlers
1341 2733 2229 2783 inaus trägt uns die Frage nach seinem Schicksale.
1331 2781 2219 2835 Denn sie beleuchtet mit schmerzhaft greller Deutlich¬
1339 2822 2218 2871 keit den Verfall der deutschen Bühne. Ein aner¬
1332 2868 2228 2923 kannter Dichter schafft ein Werk von einer Bedeut¬
1339 2908 2227 2967 ung, über die Freund und Feind einig sein müssen,
1346 2953 2224 3014 nd nach mehr als Jahresfrist hat sich — einen miß¬
1342 2997 2229 3055 glückten Versuch in dem literarisch recht rückständ¬
1339 3047 2235 3103 igen Breslau ausgenommen — kein Theater des
2253 913 3143 967 Schauspiels angenommen. Die Hofbühnen, für
2257 965 3142 1019 eren Existenz das Drama hohen Stils eine Lebens¬
2252 1002 3152 1060 frage ist, rühren sich nicht. Anstatt ihre beste Kraft
2256 1048 3144 1100 daran zu setzen, durch solche Dramen, die in Stil
2247 1090 3152 1157 und ihren künstlerischen und finanziellen Anfor¬
2258 1137 3139 1190 erungen den Privattheatern unmöglich sind,
2256 1181 3145 1228 ich wieder ein Publikum zu erobern, begnügen
2260 1222 3143 1288 ie sich mit Fulda und Koppel=Ellfeld. Ehrgeiz
2250 1267 3141 1315 ist nicht das Laster der Herren Intendanten ...
2259 1310 3150 1363 Ein erfolgreicher Dichter findet für sein bedeutend¬
2263 1355 3152 1414 tes Werk, das wie ein einsamer Berg über
2258 1400 3147 1455 das Flachland der dramatischen Gegenwartproduk¬
2258 1442 3145 1495 tion ragt, keine Stätte. Und Herr Schlenther, der
2252 1495 3148 1543 vom Paulus der „Moderne“ zum Saulus des Hof¬
2247 1537 3141 1588 theaters ward, begnügt sich mit der unechten „Re¬
2252 1579 3148 1635 naissance“ von Koppel=Ellfeld und läßt die echte in
2254 1620 3145 1677 Stich. Hater sich nur aus Zagheit des „oben nicht
2251 1660 3144 1713 beliebten Dichters nicht angenommen? Im Inter¬
2256 1706 3135 1765 esse seines literarischen Urtheils möchte man es bei
2254 1754 3127 1810 nah wünschen. Aber wie sich diese arge und fü
2256 1797 3133 1850 unsere Hofbühne so schimpfliche Sache auch imme
2260 1838 3136 1894 verhalten möge: den Purpurschleier, den der Dichte
2266 1885 3149 1934 aus schönen Versen und hohen Gedanken um sein
2258 1932 3148 1988 Beatricendrama wob kann weder Schwäche noch
2262 1974 3118 2025 Unverständniß eines Theaterdirektors zerreißen.
2722 2013 3127 2081 Ludwig Bauer.
2303 2109 3135 2200 Buntes Jeuilleton.
2303 2177 3158 2241 m. Fürst Bismarck und Reinhold Begas.
2265 2236 3148 2288 Heinrich v. Poschinger schildert in der Wiener „N. Fr.
2268 2274 3161 2326 Pr.“ in einem Feuilleton die Begegnungen des großen
2260 2325 3151 2367 Kanzlers mit dem Schöpfer des in Berlin enthüllten
2269 2362 3152 2406 Nationaldenkmals. Lenbach hatte die erste Begegnung
2265 2399 3150 2453 vermittelt, bei welcher Gelegenheit Begas im Flüsterton
2273 2433 3151 2484 u Lenbach über das Auge des Fürsten die Bemerkung
2269 2474 3152 2527 fallen ließ: „Nein, dieses Auge — und wie es über Alles
2273 2516 3151 2571 inwegsieht!“ „Sie machen da,“ bemerkte Bis¬
2262 2565 3153 2609 marck, dem die Bemerkung nicht entgangen war, „ein
2270 2600 3160 2653 für einen Diplomaten wenig schmeichel¬
2270 2638 3160 2694 haftes Kompliment.“ Der Fürst saß hier¬
2273 2687 3156 2730 auf dem Künstler über eine Stunde. Das Ergebniß war
2270 2719 3150 2771 eine Büste, die jetzt Eigenthum der Berliner National¬
2267 2764 3158 2810 galerie ist. Als vor vier Jahren die Ausführung des
2267 2805 3158 2851 Nationaldenkmals einstimmig Begas übertragen wurde,
2266 2849 3159 2889 reiste der Künstler am 17. Mai.1898, also sechs Wochen
2272 2891 3162 2931 vor dem Hinscheiden des großen Kanzlers, nach Fried¬
2274 2921 3161 2975 richsruh. Poschinger berichtet über diese Begegnung mit
2281 2961 3167 3007 olgenden Worten: „Begas traf in Friedrichsruh zum
2281 3005 3166 3055 Frühstück ein und fand dort den Professor Schweninger,
2281 3050 3166 3097 den Grafen Rantzau und Gemahlin und Dr. Chrysander.
3192 2867 3225 2917 g
3191 996 3261 1047 gste
3198 1038 3278 1087 lagte
3193 1077 3272 1124 Coca
3186 1114 3277 1161 bei T
3186 1154 3278 1211 Begas
3195 1196 3281 1247 rische
3193 1237 3264 1282 r be
3191 1318 3238 1363 den
3190 1357 3233 1404 ma
3187 1399 3223 1440 in
3199 2990 3264 3050 Zei
3202 3039 3269 3093 trof
