3248 4128
1505 195 1833 284 box 2/1
236 197 1277 289 11. Frau Bertha Garlan
422 260 1273 310 „
559 1492 1734 1551 fallen, da erwecken verschiedene kleine Geschehnisse ihre Phantasie
120 1474 525 1559 wie ein Geständniß
561 1533 1732 1588 als Weib. Ein Jugendflirt aus dem Konservatorium wird
108 1541 526 1603 Ingenehm für eine
557 1579 1733 1633 vor ihr wieder lebendig, da sie von den Erfolgen des Geigen¬
455 1585 522 1631 die
165 1579 407 1638 serscheint,
561 1618 1742 1676 künstlers, den sie einst so heiß zu lieben vermeint, in der
110 1623 518 1687 geladen werden will.
559 1669 1732 1720 großen Welt da draußen liest. Und bald bildet sie sich ein, ihn
116 1666 525 1725 ose gewesen, um die
561 1703 1741 1757 nech immer zu lieben, sie schreibt ihm, es entwickelt sich ein
107 1707 517 1767 r der Dame gegen¬
564 1742 1732 1802 breflicher Verkehr, und ihm folgt eine persönliche Begegnung
177 1752 526 1810 wohlabgemessenes
556 1796 1733 1840 mit kurzem, berauschendem Liebesglück. Die arme kleine Frau
113 1782 518 1854 chtete, wer ihre allzu
562 1829 1708 1881 denkt an gewaltige Umwälzungen in ihrem Dasein, sie wi
120 1833 519 1895 Glanz der haselnuß¬
1547 1865 1738 1923 Geliebten
562 1872 1446 1928 in die Hauptstadt übersiedeln, um in der Näh
115 1873 519 1943 ußte sich wohl sagen,
561 1908 1738 1964 weilen zu können, dort mit ihrem Klavierunterricht tapfer
138 1916 521 1982 satten Tugend auf
564 1954 1738 2008 den Kampf ums Dasein führen. Aber der Geliebte lehnt zart
113 1959 527 2024 pielte auch in keinem
558 2003 1742 2048 und entschieden Alles ab, denn er liebt nicht wieder; ihm war
152 2005 522 2068 damit war es um
562 2038 1737 2091 die Begegnung mit der Jugendbekanntschaft das Abentener einer
112 2044 523 2108 Auftretens geschehen.
561 2083 1655 2134 flüchtigen Stunde, das er als Frauengourmand verkostete,
146 2097 209 2141 t
203 2087 536 2149 mehr, die sie
564 2121 1684 2175 den aber bei Leibe keine ernste Affäre werden darf. T
154 2123 521 2185 dann auch, wie
556 2163 1733 2217 anne Weiblein fällt aus allen Himmeln; doch am Todten¬
124 2170 529 2231 zuletzt befielen sie
559 2208 1745 2264 bette einer Freundin, die ein Opfer verbotener Liebe
117 2210 525 2269 trahlte auf wie ein
565 2244 1733 2307 wird, kommt ihr Klarheit und Verständniß über die Sinnes
108 2262 536 2333 verlosch wie ein ganz
563 2287 1734 2342 verwirrungen der letzten Tage, sie wird sich dessen bewußt
564 2337 1745 2385 daß sie den Geigenkünstler eigentlich nie geliebt, und in dem
117 2319 534 2389 n, die auch nicht zu
564 2381 1740 2429 Abscheu über das Vergangene erkennt sie, daß sie nicht zu
106 2381 526 2440 t. Gestatten Sie, daß
557 2408 1751 2479 jenen Frauen gehöre, die sich sorglos und mit lockeren Sitten
119 2428 533 2487 nerhin merkwürdigen
556 2456 1744 2514 über die Trostlosigkeiten des Daseins zu trösten vermögen.
111 2469 530 2522 le, von der man im
564 2492 1741 2561 Wenn das eine Verlorene ist, so hat sie sich jedenfalls wieder¬
107 2512 524 2565 allen Salons erörtert
580 2541 1745 2607 jefunden, und die Verlorenen, die sich so rasch wieder finden,
104 2551 519 2612 esten Damen gestehen,
575 2577 1742 2637 ind auch nicht die richtige Spezies. Die geschilderten Frauen¬
96 2601 529 2652 llen rothen Lippen
571 2625 1747 2693 schicksale bilden den Inhalt eines eben erschienenen Romans
104 2633 539 2698 Frau Bertha Garlan.
566 2665 1472 2719 von Arthur Schnitzler: „Frau Bertha Garlan.“
300 2674 535 2730 Auch eine
111 2680 233 2745 hicksal.
627 2696 1755 2768 Und noch eue Verkorene, die erst recht keine ist ... die
294 2715 541 2780 künstlerische
567 2746 1760 2815 jüngste Ausstellung unserer Sezession, zeigt uns hundert¬
264 2762 533 2818 das Wiener
115 2745 219 2821 lang
567 2788 1741 2847 neunundachtzig Gemälde des Wiener Künstlers Jo¬
121 2803 525 2865 ßlich der Versorgung
567 2830 1751 2890 hann Viktor Krämer. Das ist ein Mann, der sehr viel
119 2851 536 2902 rProvinz und führt
572 2870 1754 2944 kann. Er bietet beachtenswerthe Arbeiten von beinahe
582 2924 1751 2974 edem Gebiet der Malerei. Ganz prächtige Typen aus dem
117 2928 535 2992 Ehe, der Gatte stirbt.
562 2960 1754 3018 Orient, wie den „Zigeuner aus Jerusalem“, den „Basken“,
109 2967 535 3031 ch unterstützt von der
563 3007 1752 3058 den „Lustigen Neger“, die „Lustigen Beduinenknaben“ und
111 3012 528 3067 Knaben und empfindet
570 3042 1759 3101 Andere, dann sehr hübsche Landschaften, auch Vieles in
101 3054 521 3112 n kleinlichen Verhält¬
564 3091 1757 3141 Kleinmalerei voll Feinheit und Stimmung, Architekturbilder,
110 3095 530 3158 ns, wo alles versauert
564 3124 1767 3207 Historiengemälde, Genres — die Vielseitigkeit des Künstlers
108 3139 533 3205 nSchicksal anheimzu¬
1776 1479 2966 1542 ist wirklich erstannlich. Freilich sind in der Sammlung auch
1778 1522 2962 1580 die verschiedensten Einflüsse wahrnehmbar, ja, nicht einmal
1771 1569 2966 1630 die Malweise des Künstlers ist eine gleichmäßige. Sie wechselt
1775 1604 2961 1664 nahezu mit dem Vorwurf. Aber zwei Gemälde enthält die
1784 1658 2964 1706 Ausstellung, die in der Fülle tüchtiger und anerkennenswerther
1771 1693 2964 1755 Arbeit wie wahre Genieblitze berühren. Das eine ist eine „Mater
2116 1733 2969 1789 besser, eine Darstellung der drei Marien,
1785 1743 2006 1797 lolorosa“,
1796 1774 2973 1844 ackender, nahezu typischer Verkörperungen des Grams in
1861 1823 2958 1882 hiedenen Variationen, ein höchst bedeutendes Rundbild.
2234 1863 2960 1911 mnahe eine ganze Seitenwand ein und
1900 1868 2006 1920 ndere
1797 1903 2964 1957 eige shis die Verlorene“ die ich meine. „Ein Abend in
2209 1945 2969 1993 Gemälde. Vor uns liegt das blaue
1955 1951 2007 2005 a%
2257 1988 2917 2041 den Sonne, und der blaue Himn
1849 1990 2001 2044 er mit d
2161 2021 2957 2076 Am Meeresstrande, auf einer langen
2258 2072 2941 2118 Art, sitzt ein lachender Bursche un
2237 2111 2899 2167 in Lied zur Laute. Das Mädchen I
1904 2116 2010 2175 einen
1788 2156 2969 2212 auf der Bank in seinem kirschrothen Kleide, an den Ihrigen
2260 2178 2968 2247 idelte Vorwurf hat dieses Mal nichts
1808 2198 2132 2258 eschmiegt. Der oft
2227 2248 2963 2290 nichts Süßliches an sich. Mau be¬
1797 2237 2121 2303 Felecktes und Gez
1800 2273 2974 2337 reift sofort, daß die Liebe des Paares sehr realistischer Art
1809 2317 2971 2376 t, daß auch das vorgetragene Lied kein. Kirchen¬
2251 2355 2975 2413 das Glücksgefühl der Beiden da
1805 2365 2171 2424 esang sein mag.
1794 2408 2968 2457 ruht auf sehr realem Boden, und doch ist es ein absolutes.
1788 2448 2983 2515 In Licht und Farbe, in Haltung und Ausdruck der kypischen
1783 2497 2970 2541 Gestalten, in der Stimmung des Ganzen liegt so viel künst¬
1785 2535 2981 2584 lerische Empfindung, daß man sich von der Szene kaum
1788 2567 2983 2628 trennen kann, ja immer wieder zu ihr zurückkehren muß. Da
1788 2624 2972 2672 bemerkte ich, wie ein geistlicher Herr neben mir sich bekreuzigte.
1781 2661 2982 2720 Ja, wahrhaftig, ich hatte gar nicht daran gedacht — es ist
1787 2708 2980 2758 auch sündige Liebe, was da gemalt wurde! Besitzt sie darum
1794 2746 2981 2794 den unbezwinglichen Reiz? Und ist dieses Mädchen da wirk¬
1788 2794 2983 2840 lich eine „Verlorene“ für die man die Gnade des Himmels
1792 2828 2978 2880 aurufen muß? Blos weil sie liebt und glücklich ist und
1798 2868 2982 2923 wahrscheinlich des priesterlichen Segens dabei entbehren zu
1789 2906 2985 2963 können glaubt?! Nein, ich glaube, auch das ist nicht die
1788 2958 2974 3013 richtige Art der „Verlorenen“, und der Himmel wird ihr
1785 2996 2802 3051 nicht zürnen, was auch die Frommen sagen mögen.
2625 3033 2931 3113 Hugo Klein.
