3344 4064
270 139 1305 216 11. Frau Bertha Garlan
548 208 777 258 WP:
1025 210 1295 257 EEEEENEEEEEEEEEEEAEEEEEEEAL.
486 1265 1530 1347 ganz geistreichen Sentenz, daß nämlich die Frauen die
487 1339 1530 1390 eigentlichen Günderinnen seien, die nicht gesündigt
485 1374 1525 1439 haben. In diese Sentenz hat sich die Verfasserin wohl
496 1423 1519 1472 ein wenig sehr verliebt und darüber, wie das dann zu
493 1465 1528 1530 gehen pflegt, vergessen, sie auszugestalten. So wirkt
482 1510 1529 1562 denn dieser Dialog, fahl wie er ist, direkt unangenehm
481 1545 1527 1606 leichtfertig weil er bar aller künstlerischen Vorzüge ist.
485 1592 1524 1652 Ueberall in dem Buch finden sich nette, geistreiche Ein¬
486 1642 1526 1695 und Ausfälle. Die Frauen sind oft grade im Kleinsten
492 1677 1522 1738 so wahr, wie es nur eine Frau darstellen kann. Die
483 1722 1529 1777 Männer darf man sich freilich auch hier meist nicht allzu
490 1772 1525 1825 genau ansehen. Im Ganzen könnte man sagen, das
487 1810 1514 1860 Buch zeugt von einer klugen, oft auch warmherzigen
481 1852 1519 1905 Scyriftstellerin, die wacker in die Schule des osychologi¬
485 1894 1513 1956 schen Romans gegangen ist und ihr Handwerk auf
483 1941 1518 2001 Grund von Talent und Uebung versteht. Das ist nicht
473 1979 955 2030 sehr viel, aber doch etwas
549 2002 1524 2089 Dichterischen Werth dagegen hat die Novelle
483 2059 1519 2131 „Hunger“ von Elisabeth Dauthendey.*) Sie
486 2116 1512 2169 gibt die Geschichte zweier Frauen, die nach Liebe hun¬
485 2163 1521 2218 gern, unter der die Dichterin glücklicherweise etwas
488 2206 1516 2258 anderes versteht als die meisten „schönen Frauen“ von
479 2238 1511 2302 Thekla Lingen, und die verhungern müssen an diesem
482 2289 1515 2349 Hunger, weil ihnen Steine statt Brod gereicht werden
485 2335 1520 2386 von den Männern, die ihnen begegnen. Man hat viel¬
488 2380 1512 2433 eicht am meisten von der Novelle, wenn man sie als
475 2419 1515 2475 eine Art m dernes Märchen auffaßt, ein Märchen vom
482 2457 1515 2519 Hunger des Weibes nach jener Liebe, die nicht „auf dem
480 2496 1506 2562 Bauche kriecht“, sondern zu Höhen hebt, alle Fähigkeiten
470 2546 1515 2607 unter ihren Strahlen zur Reife bringt und Harmonie
480 2590 1518 2636 verleiht. Das Märchen von zwei feinen, heißen, jungen
476 2629 1506 2685 Seelen, die nach Ergänzung und Erfüllung rufen, aber
476 2673 1504 2731 nicht nach Unterdrückung unn Kochlöffeln. Es wird nicht
473 2713 1500 2775 erzählt wie jene Volksmärchen, wo man gleich spürt
478 2756 1504 2820 daß sie alte, jahrhundertalte Geschichten wiedergeben,
479 2803 1505 2864 deren Erzähler jetzt dabei geruhig auf der Ofenbank
465 2842 1505 2915 sitzen, stricken und rauchen. So hat denn der Stil dieses
468 2890 1508 2941 Märchens nichts gemein mit dem der alten Volksmär¬
471 2934 1498 2998 chen, wie sie die Viehmännin den Gebrüdern Grimm
469 2980 1508 3038 erzählte, sondern er ist leidenschaftlich, heftig, und hat
474 3015 1509 3077 sich an Nietzsche gebildet, nicht verbildet. In der heißen
474 3063 1496 3130 Liebe zu den beiden Frauengestalten geht Elisabetl
467 3107 1504 3174 Dauthendey oft zu weit, sowohl in der Zeichnung ihrer
470 3145 1493 3214 Menschen, wie in allerlei Gewaltsamkeiten der Fabel
472 3190 1511 3252 Trotzdem die Menschen und ihr Milien individualisirt
469 3233 1503 3298 sind, weiß man gleich, daß die Novelle nicht um des¬
467 3280 1497 3345 willen geschrieben wurde, sondern wegen des Typischen,
467 3322 1506 3404 das in Beidem liegt. Es steckt manche naive Ungerech¬
534 3375 1429 3464 *) Schuster u. Loeffler, Berlin und Leipzig, 1901.
1521 144 1868 247 box 2/1
1578 1272 2611 1353 tigkeit in diesem „Hunger“, und die bösen Stiefmütter
1575 1343 2598 1396 des Volksmärchens werden hier durch die Männerver¬
1581 1384 2612 1443 treten. Aber es lebt gesialtende Kraft, dichterisches
1570 1427 2602 1488 Können in dem heißen Buch, das nicht wie die andern
1576 1470 2030 1528 im Alltäglichen versinkt.
1636 1510 2598 1581 Keins der drei Bücher handelt von den Frauen,
1572 1546 2610 1621 deren Ideal die vierge korte ist, die sich ganz und gar
1579 1598 2602 1661 vom Manye emanzipirt, auch nicht von denen, die um
1578 1644 2607 1707 soziale Selbstständigkeit und geistige Gleichberechtigung
1576 1693 2607 1734 ich mühen und an diesen Mühen verbluten oder reife
1569 1733 2594 1783 Menschen werden. Sie handeln nur insofern vom neuen
1568 1772 2592 1837 Weibe, als ihre Frauen unruhig, unzufrieden und voll
1578 1820 2598 1866 nancherlei Sehnsüchte sind, die unklar auf= und ab¬
1572 1870 2592 1922 wogen; und zwar gilt das von den jungen Mädchen
1567 1908 2601 1967 wie den jungen Frauen, während in der früheren
1561 1949 2598 2013 Belletristik derlei meist das Privileg der älteren, un¬
1559 1991 2598 2050 verheiratheten Mädchen war. Die Ehegeschichten dieser
1562 2032 2588 2089 Bücher sind fast alle Variationen zu dem Thema vom
1558 2074 2599 2139 Kampf um die Persönlichkeit in der Ehe. Da sich aber
1568 2118 2592 2172 die beiden Parteien fast nur aus Menschenmaterial re¬
1559 2163 2586 2220 krutiren, wo dreizehn aufs Dutzend gehen, so handelt
1572 2217 2593 2275 s sich kaum noch um große Kämpfe, sondern mehr um
1561 2246 2600 2303 Froschmäusekriege, an die Zeit und Kraft zu wenden
1567 2296 2584 2344 sich für einen Schriftsteller nur lohnen kann, wenn er
1573 2337 2589 2403 ie komisch behandelt. Das niedrige Nivean der Kämpfe
1559 2383 2537 2430 und Kämpfer dieser meist ernsthaften Ehegeschichten
2536 2387 2602 2444 ist
1560 2429 2587 2487 zu bedauern. Es gibt doch auch soviel „schlimmere“ Ehen
1560 2476 2593 2529 und darstellenswerthere Kämpfe innerhalb der Frauen¬
1562 2507 2585 2566 frage! Als Menschenfreund kann man freilich den Ver¬
1563 2554 2583 2605 fasserinnen nur gratuliren, daß sie solches augenschein¬
1566 2597 2588 2666 lich weder gesehen noch erleht haben, da es ihnen sonst
1556 2636 2349 2698 darstellenswerther erschienen sein würde.
1631 2688 2582 2744 Bedeutender sind die beiden Bücher: „Ma“, ein
1563 2731 2587 2799 Porträt, von Lou Andreas=Salomé*) und
1565 2785 2589 2842 „Frau Bertha Garlan“, Roman, von Arthur
1560 2824 2586 2885 Schnitzler.**) Beider Heldinnen gehören dem
1555 2862 2580 2927 Geschlecht der Frauen von gestern an. In „Ma“ han¬
1560 2910 2577 2969 dett es sich sozusagen um den Kampf zwischen „Alten
1554 2955 2584 3016 und Jungen", „Vätern und Söhnen“ ins Weibliche
1560 2996 2577 3052 übersetzt, also um „Mutter und Töchter“. Die ältere
1564 3038 2585 3096 Tochter hat sich schon längst von der Mutter losgerungen
1559 3086 2580 3157 und ist Studentin geworden, die Jüngere rinat noc)
1553 3133 2580 3193 mit dem Entschluß. Sie besitzt nicht den k ##igen,
1560 3175 2575 3239 gesunden“ Egoismus der Schwester, sie ist sensitiver,
1556 3216 2577 3288 feinfühliger und weiß genau, was es der Ma, der
1553 3260 2578 3313 Mutter, kosten wird, auch sie von sich zu lassen. Das
1551 3302 2576 3371 Verhältniß zwischen der zarten, träumerischen, nicht
1604 3371 2585 3447 *) Stuttgart, J. G. Cotta'sche Buchhandlg. Nachf. 1901.
1601 3415 2263 3494 **) Berlin, S. Fischer, Verlag, 1901.
2661 1283 3266 1362 sehr aktiven und der burschikosen,
2650 1347 3274 1403 die sich schon so ungeheuer reif 1
2664 1387 3259 1446 kommt und in Wahrheit voch erst
2657 1429 3281 1494 die Dichterin mit innerstem Be
2663 1477 3281 1535 ind beide so tüchtige Geschöpfe, die
2658 1529 3269 1583 werden. Ihre ganze Liebe aber
2661 1562 3257 1621 Salomé der „Ma, der Mutter
2662 1605 3277 1661 ie Wittwe geworden. Damit ist
2652 1649 3249 1716 ihres Lebens zerschnitten, denn
2651 1696 3250 1742 geliebten Mann gelebt. Aber
2643 1723 3284 1802 winnen die junge Frau allnähli
2646 1779 3275 1842 Für die beiden Mädchen muß sie
2643 1825 3267 1881 dienen. So wird nach und nach ei
2657 1871 3279 1926 ius der zarten Frau. Der Mu
2650 1911 3255 1968 groß und stark. Aber auch als
2640 1953 3259 2008 hingebende Frau. Den Töchtern
2650 2005 3271 2055 „Man lebt ja nur so viel, als:
2640 2042 3264 2098 ist auch ihr Verhältniß zu dem
2642 2083 3272 2145 Arzt Tomasow dargestellt. Eine
2642 2126 3261 2189 eben nicht ganz ohne männliche
2644 2162 3282 2235 Mädchen gedeihen natürlich bei so
2643 2212 3281 2280 Liebe aber immer um sie ist, ist sie
2646 2255 3269 2320 tändlich geworden. Ma ist eben di
2638 2304 3272 2355 hinzugeben, sich zu opfern, nicht a
2634 2345 3268 2406 sich der Egoismus der Jugend, d
2651 2389 3269 2449 o schmerzlich ihn auch die davon
2633 2433 2730 2484 mag.
2732 2427 3261 2494 Je größer die Kinder werd
2635 2475 3264 2538 die Mutter werden sie. Die Ac
2637 2517 3290 2586 schneller, die Jüngere langsame
2629 2563 3263 2613 eigene Wege gehen, die ganz and
2630 2601 3271 2662 Mutter, deren kurze Ehe ihr wie
2632 2649 3279 2710 der Seele lebt, sodaß sie sich gan
2628 2689 3272 2749 ausdenkt, wie er einmal für ihr
2641 2736 3270 2786 Wirklichkeit werden könnte. Und
2642 2779 3270 2834 Augenblick kommen, wo beide Tö
2629 2825 3270 2881 rückt sein werden, wo sie zum zwe
2643 2866 3273 2926 tand ihrer Liebe verlieren wird
2629 2907 3276 2976 darunter, aber kämpft tapfer dag
2643 2947 3275 3014 ich selbst. Erliegen, so wie sie da
2629 3000 3271 3050 großen Verlust, kann sie nicht meh
2646 3046 3191 3090 Jahren seither reif geworden.
2627 3086 3254 3137 hin liebende Hingabe bethätigen
2629 3131 3269 3177 Menschen dafür finden. Es ist h
2633 3174 3262 3223 lungen, was mir das Schwerste b
2625 3223 3275 3284 zu sein scheint, worin sich ihre Kun
2622 3268 3269 3319 nämlich im Leser bei diesem ganzen
2624 3304 3265 3350 von fern das Gefühl aufkommen
2630 3348 3268 3415 hilflosen Mutter, wie sie die Gesch
2617 3391 3261 3451 und den Entlein behandelt. Da
2597 3432 3270 3511 ordentlich intim erzählt. Man leb
