3248 4096
276 144 1316 231 11. Frau Bertha Garlan
1534 159 1872 260 box 2/1
458 207 843 266 eeie en er e eteten un
1047 210 1157 254 —
425 976 1637 1046 Transporliarifevom 1. Juli d. J. an umb pCt. zu
1767 975 2843 1066 Möge Sie, lieber Feldmarschall, auch fernerhin Gones
434 1030 1632 1086 ermäßigen, und sich dabei vorbehalten, weitere Ermäßigungen
1681 1032 2833 1120 Schutz begleiten im Dienste der guten Sache und hamit Ihres
439 1062 1617 1142 binnen kurzer Frist vorzuschreiben. Was die gegenwärtigen, bereits an
1693 1085 2149 1145 Allerhöchsten Kriegsherrn.
430 1102 1634 1157 dieser Stelle besprochenen übertriebenen Frachltarise der Kongo¬
2287 1115 2752 1197 Franz Joseph m. p.“
427 1154 1631 1212 bahn angeht, so mögen einige Tarifsätze zur Beleuchtung des
1648 1260 1891 1316 stehen würde
1889 1285 2846 1332 Mit diesem Restchen von Hoffnung auf Kindes¬
806 1254 1453 1392 Feuilleton.
1650 1307 2834 1363 liebe begnügt sie sich, weil sie — eine Mutter ist. 7on Andreas¬
1651 1347 2839 1417 Salomé hat in „Ma“ ein Kunstwerk geschaffen, reif und rein und
1644 1394 2841 1451 psychologisch tief, ein Gemälde, über dem der Duft einer seltenen
887 1391 1173 1470 Literatur.
1646 1436 2838 1501 Poesie ruht. — Der neue Roman Ida Boy=Ek's „Um
517 1451 1615 1534 Im Verlag der J. G. Cotta'schen Buchhandlung Nach¬
1648 1479 2341 1539 Helena“, wirkt vor Allem
2340 1480 2830 1543 durch stark unter¬
424 1495 1615 1581 folger, Stuttgart, ist soeben eine Anzahl belletristischer Werke
1660 1527 2839 1584 trichene Aeußerlichkeiten. Die letzten Feinheiten fehlen.
434 1563 1613 1607 erschienen, die eine hervorragende Beachtung verdienen. Lou
1656 1565 2588 1631 Die Autorin in gewissen Kreisen etwas
2597 1569 2838 1637 überschätzt,
431 1597 1614 1645 Andreas=Salomé nennt ihre neueste Schöpfung „Ma“
1651 1592 2835 1674 hat auch mit „Um Helena“ einen guten Unterhaltungsroman ge¬
427 1641 1622 1703 ein Porträt. Und in der That, eine glucklichere Bezeichnung
1661 1656 2840 1714 chaffen, der Spannung zu erzielen versteht und an vielen Stellen
432 1681 1614 1742 hätte sich für das warmblütige Buch nicht finden lassen. Alles,
1660 1695 2831 1756 chöne. klug beobachtete Landschaftsbilder bringt. Die Figuren
429 1726 1623 1781 was wir darin an Nebenfiguren und Geschehnissen finden, die
1644 1740 2832 1800 sind in ihren charakteristischen Eigenthümlichkeiten kräftig heraus¬
420 1770 1611 1837 lediglich der Ersteren Eigeninteressen verfolgen, es dien
1651 1789 2829 1841 gearbeitet, doch trägt die Zeichnung der männlichen Helden
423 1820 1623 1879 nur dazu, den Rahmen zu schlingen aus dem sich wie
1651 1825 2831 1885 stark die typischen Merkmale der Frauenkunst. Die Grundidee des
425 1854 1617 1917 das Heiligenbild eines alten Meisters das Porträt der Heldin
1644 1871 2838 1922 Romans, die Lehre von der Macht des Weibes durch ihre Körper¬
428 1897 1608 1957 erhebt, das Bild der wehmüthig=süßen, opferfreudigen, unter
1647 1911 2829 1969 lichkeit, ist von der Verfasserin geschickt modernisirt und in
420 1942 1608 2009 Thränen lächelnden Mutter. Die Mutter, die ihre Jugend, ihre
1645 1962 2835 2011 ein interessantes Milien gerückt. Die großzügige Schilderung
435 1988 1612 2043 Arbeitskraft, ihr Recht auf Liebe zum Manne hingiebt ohne
1643 2002 2831 2060 eines Hafenbaues in einer kleinen, alten Küstenstadt ist künstlerisch
420 2034 1614 2090 Zandern, um in unerhörter Selbstentäußerung, in der doch ihr
1646 2050 2829 2099 werthvoll. — Ludwig Anzengrubers prächtige Dorf¬
423 2076 1615 2130 Muttergefühl nur das Natürliche zu sehen vermag, Glück und
1634 2090 2834 2147 geschichten „Wolken und Sunn'uschein“ liegen in zweite
420 2118 1608 2175 Lebenswünsche=der Kinder über die Forderungen des eigenen
1646 2133 2827 2196 Austage vor und werden sich eine immer größere dankbare Ge¬
420 2159 1610 2230 Daseins zu estellen, ist von Alters her für die er¬
1646 2181 2832 2238 meinde erringen. Ein frischer Erdgeruch entströmt den Bauern
421 2204 1609 2265 habenste Gloxiole einer Heiligen prädestinirt. Mit einer
1646 2220 2825 2279 geschichten des großen österreichischen Dramatikers; die Heimath der
414 2244 1605 2308 Tiefe der Emfindung, der nur die wundersame Zartheit der
1641 2261 2826 2323 Berge, die er beschreibt, erwacht auf sein Schöpferwort zum Leben und die
421 2286 1609 2352 Zeichnung gleichkommt, läßt Lou Andreas = Salomé, die Kinder¬
1646 2302 2824 2363 Natur im Gebirg und den Menschen verkündet den innerste
415 2344 1606 2402 in der Frauenseele, das Gemälde einer Mutter vor uns erstehen,
1647 2346 2837 2412 Pulsschlag. Die Seeien der knorrigen Dörfler, die Eigenwelten,
415 2378 1600 2445 das doppelt ergreifend wirkt, weil es in schlichten Farben ge¬
1639 2392 2825 2448 in denen sich ihr Verstand langsam und zähe bewegt, liegen offen
424 2421 1614 2482 halten ist. Frau Marianne, „Ma“, hat in jungen Jahren den
1637 2445 2832 2501 vor uns wie ein aufgeschlagenes Buch, ihre Art zu lieben, zu
425 2463 1604 2528 heißgeliebten Gatten verloren. Aus dem physischen und seelischen
1632 2473 2829 2543 hassen und nicht zuletzt die Art ihres Verhältnisses zum Herrgott
413 2507 1495 2583 Zusammenbruch rettet sie sich, indem sie sich
1634 2521 2828 2575 Selten hat ein Dichter die Heimathskunst so wurzelecht betrieben
421 2559 1612 2619 aller Kraft an das heilige Pflichtgefühl anklammert, ihre beiden
1635 2561 2836 2631 wie Ludwig Anzengruber, der in seinen lebensvollen und wieder
416 2593 1601 2645 Töchter zu innerlich vornehmen Menschenblüthen zu erziehen.
1640 2603 2825 2667 so stimmungsreichen Dorfgeschichten neben dem alten
409 2636 1606 2712 Vom Morgen zum Abend, jahraus, jahrein, hastet die schöne,
1632 2650 2752 2707 Ruhm des Dramatikers den Kranz des Novellisten gewann.
407 2679 1608 2735 mädchenhaft junge Frau durch die Straßen Moskaus, um
1642 2690 2830 2747 Von Marie v. Ebner=Eschenbachs Roman „Bozena“
415 2722 1603 2775 Privatstunden zu ertheilen und jeden Erlös für die Ent¬
1637 2730 2285 2794 ist die fünfte Auflage erschienen.
2367 2739 2819 2798 Es erübrigt sich, den
407 2774 1607 2834 zickelung ihrer Töchter zu verwenden. Die Aelteste löst sich
1635 2776 2826 2847 Roman nochmals zu besprechen. Die vorangegangenen vier
410 2813 1601 2864 zuerst von ihr. Nicht weil es ihr an Liebe zur
1642 2822 2821 2889 Auflagen sprechen mehr und besser als eine nochmalige
411 2848 539 2905 Mutter
541 2860 1547 2916 mangelt, sondern weil der unbewußte men
1554 2862 1597 2919 ch¬
1631 2863 2151 2932 Betonung aller Vorzüge.
2148 2866 2830 2928 Die Geschichte der großen
404 2895 1597 2947 liche Egoismus im Gegensatz zu den Gefühlen der
1638 2902 1939 2965 schönen Magd,
2019 2919 2645 2981 von einer Dichterin von
2643 2912 2821 2970 Gottes
409 2942 1606 3004 Mutter in der Selbstbethätigung das Selbstverständliche sieht.
1630 2955 2825 3012 Gnaden gestaltungskräftig und inhaltstief geschriebenz
419 2983 1602 3049 Sie geht zum Studium nach Berlin und zieht später die Schwester
1626 3002 2829 3060 wird die Verehrung für Marie v. Ebner=Eschenbach in allen
412 3033 1598 3082 nach sich. Auch diese, der Liebling, empfindet nicht die Grau¬
1630 3036 2825 3103 Kreisen jung erhalten. — Heute sei aus dem Cottaschen Verlag
411 3068 1603 3129 samkeit, die Mutter einsam zu lassen, sie empfindet nur die Liebe,
1632 3079 2823 3141 noch Adolf Wilbrandts neuer Novellenaben? „Das
408 3116 1596 3167 aus der heraus „Ma“ ihren Wünschen willfahrt. Und „Ma“, die
1627 3123 2825 3189 lebende Bild“ erwähnt. Die kristallklare Sprache und der
411 3155 1594 3213 schöne und junggebliebene, sie kasteiet sich, den Kindern ein fröh¬
1633 3167 2828 3234 Gedankenreichthum Wilbrandts geben dem Buch das Gepräge
408 3203 1602 3264 liches Gesicht zu zeigen, sie, die ganz Verlassene, schlägt es aus,
1632 3209 2826 3272 Fließt der Strom der Handlung zu Zeiten etwas schwerfälliger
397 3252 1607 3301 einem reichen, geistvollen Freund als Gattin zu folgen, um nicht.
1626 3256 2827 3315 dahin, verliert sich der Dichter häufig und gern auf das
393 3291 1603 3346 auch innerlich die Kinder zu verlieren, die den Schritt nicht ver¬
2771 3307 2824 3355 I
1625 3300 2774 3366 Gehiet der Selbstgespräche und Reflexionen, imsmer
2869 1036 3241 1112 ängerung erfahren
2852 1095 3246 1155 zur Zeit die deutsch
2871 1135 3252 1206 wrd. Hiernach lieg
2889 1179 3243 1228 &Anlaß vor der
3105 1225 3154 1281 L
2866 1274 3245 1332 es dem Leser, als
2865 1317 3253 1373 das Augenpaar auf
2867 1357 3254 1419 in dem es keine Falt
2867 1392 3252 1458 geborene Vornehmhei
2860 1444 3226 1508 ein leiser, glücklicher
2862 1483 3211 1548 die Menschen und
2861 1524 3252 1590 reden auch aus Wil
2865 1574 3247 1632 eines Dichters, der
2868 1615 3248 1677 Perle der Sammlun
2869 1658 3225 1718 aus dem Feuilleton
2868 1702 3253 1772 Herbst zuerst verössent
2908 1752 2947 1797 05
2943 1748 3228 1808 S. Fischer's
2866 1783 3244 1852 Neuerscheinungen auf
2864 1837 3246 1889 Inhalt wie durch die
2865 1876 3253 1938 Inzeresse beanspruchen
2864 1922 3251 1974 ammlung „Episco
2866 1965 3245 2017 alienische Dichter, di
2852 2006 3247 2059 zu schwelgen, in Wor
2859 2050 3246 2107 einen Vorrang einzurä
2863 2095 3248 2157 giebt sich in diesen N
2862 2133 3212 2199 der Leuchtkraft des
2860 2177 3254 2240 ziselirten Schilderunge
2852 2228 3253 2274 gemahnen. Vor Aller
2854 2270 3245 2329 Werk von psychologise
2855 2309 3243 2370 daß der Leser unwillk
2853 2354 3239 2411 und die Dichtung
2860 2398 3247 2458 Stimmungsmaler un
2859 2442 3244 2500 in diesen Novellen vo
2858 2482 3247 2538 keit und seiner Kunst,
2852 2529 3245 2580 strömt, ist nicht dahin
2856 2572 3247 2626 Schnitzler, der Di
2860 2615 3253 2675 rreen Der junge
2851 2657 3166 2718 Spezialisten aus.
2844 2696 3212 2759 das „süße Mädel“
2851 2720 3253 2799 und der österreichische
2856 2790 3252 2844 kontingent. Daß Sch
2847 2832 3252 2890 genössische Literatur T
2856 2873 3247 2934 ntimen Lokalton fein
2850 2921 3217 2980 mungen auszulösen
2854 2950 3245 3013 kräftiges Fortschreiten
2858 3005 3239 3068 Passivität liegt über
2851 3050 3239 3116 Resignation, die zu
2858 3093 3251 3160 teht und dezu ange
2848 3134 3209 3206 den Vorgängen das
2857 3176 3254 3245 die Tiefe zu nehmen.
2852 3222 3207 3285 das Interesse, und
2845 3254 3253 3318 sondern evenso das de
2843 3309 3247 3382 wecken und wach zu h
