3248 4128
238 139 1284 220 11. Frau Bertha Garlan
1501 139 1881 235 box 2/1
1225 1546 2226 1597 vorbringen würde. Als die heißblütige Thesi
385 1554 1130 1653 rau Berlha Garlan.
1235 1580 2228 1640 aber mit den vielen Gedankenstrichen und Aus¬
1228 1632 2224 1686 rufungszeichen gestand, daß sie den Mann, dem sie
370 1628 1072 1714 (Original=Feuilleton des „Neuen Pester Journal“.)
1237 1670 2222 1731 sich hingegeben, eigentlich gar nicht geliebt, daß sie
427 1698 1199 1779 „Geliebt!“ rief das junge Mädchen, das
1238 1721 2218 1766 einer augenhlicklichen Verirrung ihrer Sinne unter¬
1241 1762 2230 1818 legen und stolz darauf war, so gewesen zu sein, wie
290 1753 1208 1806 rechtfertigen sollte, leidenschaftlich aus. „Geliebt!
284 1805 1213 1864 Was heißt denn das eigentlich!? — Das heißt
1241 1803 2222 1857 sie offenbar immer hätte sein mögen — da lachten
1151 1850 1182 1892 —
601 1845 1152 1909 Ja — ich hab' ihn geliebt!
1236 1860 2230 1906 und zischten die Leute im Theater, sie johlten Aus¬
218 1853 500 1914 gar nichts! —
220 1894 1210 1951 Was weiß denn ich! — Wenn ich ihn von Weitem
1237 1895 2217 1944 rufungszeichen und gröhlten Gedankenstriche, und
1236 1931 2223 1989 das arme Stück der zweiundzwanzigjährigen hübschen
217 1941 1206 1991 gesehen hab' hab' ich schon Herzklopfen bekommen.
1234 1980 2229 2034 Dichterin war verloren. Freilich machte es die Rede
216 1983 1206 2041 Hat er mich lang angeschaut — so ist es mir kalt
1235 2024 2224 2076 nicht allein, Die Dichterin ist eine Anfängerin und
215 2016 1211 2078 und heiß über den Rücken gelaufen, und wenn er
1240 2069 2230 2117 beging noch andere Ungeschicklichkeiten in ihrem
216 2069 1205 2128 mich bei der Hand gefaßt hat, hab' ich am ganzen
1248 2104 2220 2163 Stücke. Aber — so mußte schließlich die wohl¬
216 2105 1202 2168 Körper angefangen zu zittern. —— Und wenn er
1244 2157 2220 2215 vollendste Kritik fragen — ist die plötzliche erotische
210 2161 1202 2210 Ficht da war, dann hab' ich gar nicht an ihn gedacht,
1236 2199 2221 2251 Aufwallung des Fräulein Therese Mallinger über¬
212 2195 1208 2261 nicht einmal recht gewußt, wie er eigentlich aus¬
982 2238 1204 2294 — Weißt
660 2235 982 2297 Was ist das?
1237 2242 2220 2295 haupt ein Vorwurf für eine lange, dreiaktige, den
222 2240 589 2304 schaut!!! — Nun?
1129 2285 1202 2336 Ge¬
1238 2279 1727 2336 Abend füllende Komödie?
212 2297 1126 2346 Du's? — So hab' ich Alles thun müssen! —
621 2321 1211 2393 Geihan hab' ich ja nichts! Ich
1353 2312 2227 2377 Und heute liegt das Werk eines feinen, gereif¬
581 2323 616 2365 725
218 2325 587 2395 than? — Herrgott!
1241 2378 2221 2435 ten, erfolgreichen Schriftstellers vor mir*), der durch
216 2377 1207 2432 hab' nur Alles geschehen lassen — ich hab' mich nicht
1233 2411 2226 2468 manche Arbeit bewiesen, daß er in die Geheimnisse
206 2417 1135 2475 wehren können —! Ich hab' nicht können!!
218 2459 1207 2516 Verstehst Du das? — Nein! — Das verstehst Du
1241 2459 2218 2512 des Frauenherzens einzudringen sucht, man folgt ihm
400 2508 1136 2567 Was? —— Vielleicht hast Du Recht!
1236 2509 2215 2557 auf mancher Seite mit zagem Widerstreben, und wenn
217 2510 401 2566 nicht! —
1231 2551 2227 2597 man das Buch zum Schlusse zuklappt, so muß der
216 2545 1204 2618 Vielleicht war ich wirklich schlecht. Das weiß ich
1229 2592 2227 2640 wohlwollendste Kritiker fragen: Ja, ist die plötzliche
212 2591 1212 2662 schon nicht mehr! Aber einmal — ein einzigesmal
1236 2635 2221 2691 trotische Aufwallung der Frau Bertha Garlan wirklich
213 2635 713 2694 warich — ich selber!! —
330 2662 1206 2726 Das ist die Stelle mit allen G=dankenstrichen,
1229 2677 2222 2752 ein Vorwurf für inen langen, vollausgewachsenen
1238 2720 1390 2775 Romen?
218 2715 1199 2769 Ausrufungszeichen und Blutwallungenrüberdie das
218 2763 1197 2820 Stück stolperte. Nämlich die Komödie „Die Ehrlosen“
1347 2749 2212 2822 Es ginge su an, wenn diese plötzliche Blutwal¬
300 2807 1199 2880 Else Plehner, die vor Kurzem im Dautschen
1235 2806 2221 2873 ung in interessante Beziehungen mit den Schicksalen
892 2856 964 2907 ##
998 2849 1204 2910 #s dahin
1242 2859 2214 2933 nd Leidenschafter anderer Menschen gebracht worden
213 2841 908 2935 Voltsiheater in Wien gegeben lorr
1004 2895 1207 2953 em Stücke
202 2893 955 2970 hätts man mit zagem Widerstreben
975 2941 1209 2999 chifertigung,
208 2942 901 3005 gefolgt, immer in Erwartung der
1388 2927 2219 3019 „Frau Bertha Garlan“, Berlin, S. Fischer,
307 2976 1363 3061 das junge Mädchen für seinen Feyltritt Verlag.
2260 1557 3086 1618 wäre. Wenn durch diesen Fehltritt das G#
2258 1589 3122 1653 Menschen vernichtet worden wäre, der Alles,
2261 1636 3137 1695 Herz an Liebe und Treue aufzubringen verstan
2269 1687 3215 1738 em Weibe zu Füßen legte; wenn der Fehlteitt selt
2260 1719 3141 1786 durch irgendwelche besondere Umstände der
2261 1766 3231 1832 führung oder auch nur durch das fesselnde, unbändige
2253 1811 3226 1876 leidenschaftliche Temperament einer Frau von Rass
2256 1854 3253 1912 begründet worden wäre. Aber nichts von alledem
2261 1897 3253 1959 Wir erhalten nichts als die weitläufige, umfassend
2253 1942 3252 2010 beschriebene Geschichte einer flüchtigen erotischen Ver¬
2261 1989 3253 2057 rrung der Frau Vertha Garlan, die durchaus kein
2256 2029 3253 2100 besonders interessantes Geschöpf, sondern nur eine
2259 2071 3254 2136 hübsche, kleine Witwe, eine halbversauerke arme
2251 2114 3240 2176 Klavierlehrerin ist. Das ist ein Vorwurf für eine
2258 2161 3241 2225 kleine Skizze, für eine Novelle, wenn man sie kurz
2260 2203 2999 2261 halten will — aber für einen Roman?
2371 2245 3253 2313 Man wird das Buch trotzdem lesen, denn der
2261 2278 3237 2358 eine, reife, in allen Künsten der Darstellung gereifte
2256 2337 3228 2399 Schriftsteller verleugnet sich in dem Buche nicht ganz
2258 2390 3233 2451 eigt sogar da und dort, in einem besonderen Zu#
2255 2429 3239 2484 oder hübschem Worte die Meisterschaft — und man
2252 2470 3253 2538 wird es überhaupt lesen, weil sich die Leute hald
2247 2508 3252 2584 ganz merkwürdige Dinge darüber ins Ohr zischeln
2245 2552 3218 2616 werden. Schließlich sind die Dinge, wie sie da##
2264 2600 3254 2663 childert erscheinen, nichts Ungeheuerliches, man hat
2260 2641 3222 2710 a schon stärkere Sachen gelesen. Aber — wie ei
2246 2678 3225 2754 anständige Frau in anständigen Verhältnissen daz
2248 2724 3228 2799 kommen kann, auf eine Stunde zur Dirne zu werden
2259 2774 3234 2839 dieser Vorwurf hat einen gewissen perversen Reiz
2252 2814 3228 2876 der seine Wirkung auf die Leser ausüben wird, ein
2249 2858 3223 2939 Wirkung, die dieses Schriftstellers vielleicht nicht gan
2242 2911 3193 2967 würdig ist, die er aber ganz sicher ausüben wollte.
2362 2950 3208 3000 Befassen wir uns also mit den Schicksalen d
2233 2991 3181 3079 Frau Vertha Garlan, die etwas wir ein versoh
