3296 4128
219 204 364 291 11.
1472 180 1841 283 box 2/1
399 187 1255 268 Frau Bertha Garlan
411 237 1264 324 un. e eie e leteteren ete en e e e ere enre ensenenenene.
1659 787 1865 874 658 —
987 913 2545 989 weil man sich erinnern und vergleichen muß, weil man dasselbe Wort nicht
978 973 1862 1037 zweimal mit derselben Wahrheit sagen kann.
1100 1018 2549 1102 In ungleich schlechtere Gesellschaft führt uns Carry Brachvogel mit
977 1055 2537 1119 ihrem Münchener Theater=Roman „Die große Pagode“.*) Wir lesen da,
991 1120 2535 1187 wie eine aus der Provinz zugereiste, noch recht ungeschliffene und ungeschickte
990 1164 2532 1246 Schauspielerin ## den Mannern ausgebeutet wird, bis sie allmählich aus ihrem
983 1204 2531 1285 Geschlechte Kapital schlagen lernt. Der Divon eines Direktors wird zur Basis
983 1264 2541 1348 ihrer Karriere. Daneben lesen wir von ihrer Freundin, einer Operettendiva, die
989 1309 2541 1396 sich aus dem Fenster stürzt, weil ihr philiströser Verlobter sich nicht zur Ehe
983 1370 2529 1444 mit ihr entschließen kann. Einige Jorrnalisten und einige Dichterinnen haben
991 1411 2524 1497 sich des hier verwerteten tragischen Ausgangs von Juliane Dery mit großem
983 1462 2519 1542 Eifer angenommen, die einen, um etwas Schmutz zu verspritzen, die anderen,
985 1513 2530 1596 um sich einen so brillanten vom Leben gelieferten Romanstoff nicht entgehen zu
990 1572 2527 1640 lassen. Doch sprechen wir nicht davon, es wäre sonst Gelegenheit, gegen die
979 1612 2531 1696 Herren grob und gegen die Damen unhöflich zu werden. Die recht lebhafte,
990 1671 2527 1727 sogar schreiende Schilderung, die Carry Brachvogel vom Theaterleben und den
982 1713 2523 1795 zugehörigen Kreisen entwirft, kann ein tieferes Interesse nicht beanspruchen. Daß
977 1758 2528 1838 da viel geklatscht wird hat man uns oft gesagt; daß vor der Kunst das Ge¬
989 1803 2529 1893 schäft und hinter ihr die Prostitution steht, wissen wir leider auch. Wenn dieses
975 1855 2525 1938 Mädchen es begreift und die erworbene Schlauheit ausnutzt, so können wir ihr
979 1912 2528 1987 nur dazu gratulieren, aber was geht uns ihr Fortkommen an? Daß sie es
982 1952 2522 2035 zur Hofschauspielerin bringen würde, wenn wir erst alle Cochonnerieen, deren
973 2006 2521 2076 Theaterdirektoren, Drematiker, Kritiker und Kollegen fähig sind, kennen gelernt
972 2045 2517 2139 haben, davon waren wir auch von vornherein überzeugt. Man konnte die
986 2100 2523 2183 Individualität der Hauptfigur vertiefen oder die Sittenschilderung durch eine
977 2156 2522 2233 gerechte Studie der dem Theaterleben eigentümlichen Bedingungen erhöhen;
975 2203 1744 2262 beides hat die Verfasserin nicht gethan.
1093 2240 2509 2331 Da ziehe ich die wackere „Mine“ vor in Clara Viebig's außer¬
966 2290 2518 2380 ordentlich tüchtigen, umsichtig angelegten und sauber ausgeführten Roman „Das
970 2345 2510 2430 tägliche Brod“.**) Mine kommt aus ihrem Dorfe nach Berlin, um ihr
972 2392 2517 2474 Brod als Dienstmädchen zu verdienen. Es geht ihr schlecht in der neuen ver¬
969 2439 2514 2526 wirrenden Umgebung, ein Kind bekommt sie natürlich auch, aber allmählich
977 2490 2510 2574 schlauer geworden zwingt sie den Vater durch ihre Resolutheit, sie zu heiraten,
970 2539 2513 2625 sie bringt Beide durch mit ihrer robusten Kraft und endet schließlich als Portiers¬
978 2588 2510 2671 frau. Da wird sie nun finden, was sie wünscht und was wir ihr gönnen, das
980 2635 2505 2723 tägliche Brod, eine saubere Wohnung und vielleicht am Sonntag einen Spazier¬
966 2687 2507 2776 gang mit Mann und Kindern nach Wilmersdorf. Es ist eine respektable Leistung,
971 2742 2508 2828 daß wir dieser einfachen in zwei Bänden ausgesponnenen Geschichte ohne einen
967 2785 2505 2862 Augenblick der Ermüdung folgen können. Mit gerader menschlicher Einsicht,
969 2842 2508 2916 mit bewundernswerter Lebenskenntnis führt uns Frau Viebig in die äußere
970 2879 2501 2955 und innere Verfassung der sogenannte. Landpomeranzen hinein, die in der
975 2930 2499 3003 großen Stadt hülflos hin und her gestoßen werden, in dem neuen Boden Wurzel
967 2994 2504 3064 schlagen oder im Schlamme umkommen. Geradezu glänzend ist die als Centrum
963 3032 2497 3115 des Ganzen gesetzte Schilderung eines Berliner Grünkramkellers mit dem traurigen
961 3076 2502 3162 Modergeruch, der feuchten Kälte und Dunkelheit, in der auch die Menschen
964 3126 2493 3215 faulig werden, der allmählich erblindende Vater, die schlaue verschwindelte Mutter
965 3186 2504 3258 mit ihrem Lieblingssohn, den sie nebst siebenhundert Mark von ihrem Doktor
960 3232 2493 3306 mit in die Ehe bekommen hat, die größere Tochter, die in die Prostitution
959 3271 2504 3369 fällt, die kleinere, die noch bei den unanständigen Couplets ist, und die arme
1102 3383 1606 3451 Berlin. S. Fischer. 1901.
1087 3431 1748 3515 ) BBerlin. F. Fontane u. Co. 1901.
