3296 4128
1525 224 1880 320 box 2/1
257 230 1307 333 11. Frau Bertha Garlan
424 269 1312 346 2. A. an. 4  an un . e aenen en e enene I. I. K
1601 805 1812 896 657 —
927 918 2464 1014 erreicht man nicht allein mit angestrengten Auskultationen des seelischen Organis¬
934 990 2472 1056 mus, sondern durch ein liebevolles Sichversenken in die bescheidenen Niederungen
940 1042 2464 1109 des Lebens, wo es um den Poeten so stille wird, daß man das Pochen auch
943 1092 2475 1156 der zagsten Herzen vernimmt. Man kann sich diesen ersten Roman Schnitzlers
939 1144 2476 1205 besser als eine epigrammatisch gebrungene Novelle vorstellen oder als einen von
941 1197 2462 1257 seinen reizenden Dialogen, besonders wenn Emil, der Virtuose, seinem Freunde
936 1232 2464 1313 Anatol das galante Abenteuer von seinem Standpunkt aus mit etwas Frivolität
937 1291 1944 1361 und nicht ohne etwas Sentimentalität erzählt hätte.
1049 1338 2472 1402 Wenn Schnitzler das Weibchen ausschließlich sub specie sexus betrachtet
942 1393 2465 1450 und die physiologischen Zusammenhänge seines Instinktlebens herzustellen sucht,
948 1439 2473 1502 so spricht Lou Andreas=Salomé in „Ma“*) als Frau von der Frau,
933 1481 2466 1540 von der leidenden Schwester, sie zeichnet das Porträt einer kleinen Heldin, die
941 1530 2470 1599 ihre letzten Wünsche und Begierden mit tapferer Hand auf dem Altar der
950 1590 2467 1645 Mutterschaft opfert. In den letzten Büchern dieser zeistvollen Verfasserin war
945 1629 2461 1693 mir eine unruhig springende, neugierige, fast unbehagliche Kombinationslust auf¬
958 1683 2468 1748 gefallen, diese Erzählung, die von einer höchst suggestiven Schilderung des alten,
953 1723 2476 1794 heiligen Moskau eingerahmt ist, atmet wieder eine wohlige Ruhe und Behaglich¬
961 1773 2475 1838 keit, die Frucht liebevoller Versenkung und Beschränkung. War dem männlichen
949 1838 2463 1886 Verfasser das Schicksal der Wittwe nur wichtig, weil er es beschreibt, als Para¬
956 1872 2481 1947 digma, so schwärmt die Verfasserin für ihre Frau von vierzig Jahren und sie
945 1929 2476 1990 zwingt uns, für die kleine Heldin ein wenig mitzuschwärmen. Frau Lou=Andreas
960 1973 2479 2035 ist eine ungemein anregende Seelensucherin; wenn sie die Prämissen ihres Pro¬
956 2016 2476 2088 blems fein und vorsichtig gestellt hat, spannt sie uns durch die Frage, ob sie
958 2071 2478 2135 das Richtige treffen wird, und ob wir ihr werden zustimmen können. Auch
963 2118 2481 2192 hier läßt sie uns nicht ohne Zweifel; wir können uns den Ausgang der Sache
955 2177 2474 2230 auch anders vorstellen und eine eigene Conclusio gegen die ihre ausspielen; da¬
958 2210 2485 2288 für gehört sie zu den Wenigen, die uns überhaupt geistig beschäftigen, uns thätig
950 2284 2418 2329 machen, zu einer Revue eigener Erinnetungen und Erfahrungen zwingen.
957 2326 2484 2378 Sehr liebevoll, sehr anschaulich ist das Porträt dieser Mama ausgeführt, die
948 2360 2483 2435 mit einem geliebten Manne das reinste Glück erfahren hat und jetzt nur noch
962 2417 2489 2479 für die beiden großen Töchter lebt. Sie ist arglos, sorglos, von ernster Heiter¬
966 2459 2484 2525 keit, sie hängt an dem anspruckslosen Schmuck, an den kleinen, stillen Festlich¬
953 2509 2495 2575 keiten des Lebens, eine Schöne, Bute, freudig Hilfsbereite, die nur lebt, soweit
966 2557 2492 2629 sie liebt und sich hingiebt. Dennoch drohen die Kinder, sich von ihr loszulösen,
957 2610 2490 2678 die natürliche Grausamkeit der jungen Generation nimmt ihre Hingabe nur an,
956 2651 2497 2720 wenn sie bequem bleibt und keine Gegenopfer fordert. Die Welt sagt ihr, daß
966 2711 2487 2771 man sich niemals ganz hingeben soll, nicht einmal an das gepriesene Mutter¬
963 2752 2490 2828 glück und Vertrauen, Dankbarkeit, Anlehnungsbedürfnis ziehen sie zu dem ein¬
964 2802 2497 2871 zigen erprobten Freunde, einem russischen Arzte. Schließlich siegt die Mutter
977 2849 2502 2917 in ihr, weil sie erkennt, daß die Kinder sich nie so weit von ihr entfernen
968 2904 2497 2969 können, wie sie selbst durch die Begründung eines neuen r ihnen unab¬
968 2962 2499 3011 hängigen Glückes. Die Beziehungen der Frau zu den Töchte. vie zu dem
972 2995 2505 3072 Freunde sind mit reizvoller Intimität geschildert, in dieser leisen Erzählung ist
972 3054 2495 3115 etwas Trauliches, Einschmeichelndes, sie wäre sogar weichlich und süß ohne den
974 3095 2501 3160 Esprit dieser fein spürenden Psychologin. Ihr Seelenbericht ist für mich auf
974 3144 2501 3217 jeder Seite überzeugend bis zur vorletzten, weil die Aureole über dem Porträt
984 3197 2503 3260 dieser Mater Dolorosa zwar schön leuchtet, aber unserer Irdischkeit etwas wider¬
979 3239 2496 3318 spricht. Der Schluß würde mich ganz für sich haben, wenn nicht allein die
981 3303 2499 3359 aufopfernde Mutterschaft dem neuen Bunde entgegenstände, sondern die lebendige
974 3339 2515 3407 Erinnerung an das alte Glück, an den einen Rausch, der nicht wiederkehrt, schon
1101 3440 1833 3521 *) Stuttgart. J. G. Cotta Nachf. 1901.
2267 3484 2346 3553 42
1035 3501 1486 3580 Neue Deutsche Rundschau (XII).
