3296 4128
421 130 1288 215 Frau Bertha Garlan
1466 139 1851 230 box 2/1
202 139 386 228 11.
385 186 1280 260 # Gna Geizel
99 1238 1709 1335 mehr als behaglich die aus Mitleid die Geliebte des todkranken jungen Barons
526 1300 1705 1374 wird und ihm die letzten Lebenstage versüßt, mit etwas
82 1311 525 1379 wäre es unschön, mit
524 1345 1706 1397 affectirter Sprödigkeit vorgetragen, wiederum einwandfrei
77 1361 514 1440 s in seinem Roman
523 1400 1709 1456 in der Zeichnung, aber reizlos bei aller Kunst. Und darin
527 1456 1705 1505 Künsteleien der Sprache, die ein David schon den Mätzchen¬
85 1426 522 1516 Croika“ von J. J.
526 1493 1717 1553 machern überlassen dürfte, wie gleich folgende Stelle: „Erst
83 1490 514 1563 em anspruchsvolleren
524 1540 1711 1605 war der Mond hinter den Bäumen gestanden. Ganz tief
96 1545 515 1609 ist kein leichtblütiger
528 1585 1715 1642 und schwach. Denn es wollte nicht völlig erdunkeln. Und
90 1587 517 1657 durch Zeichnung und
530 1623 1701 1685 in der Welt war eine große Abendhelle voller Ahnungen.
87 1634 532 1704 rnstesten Kritik stellt.
529 1676 1706 1740 Die stritten mit seinem Licht und umhingen die Himmels¬
75 1681 520 1750 serreichischen Literatur¬
532 1734 1716 1783 räume mit einem geisternden Nachglanz.“ Fehlen nur die
81 1739 522 1804 haupten. Daß er mit
538 1770 1716 1828 Gedankenstriche und der Froschlaich am Buchrand, und das
82 1775 518 1845 n erobert hätte, wird
525 1813 1707 1868 moderne „Gedicht“ ist fertig. Böse Zeitgenossen verderben gute
101 1821 518 1897 sind drei Geschichten,
534 1862 1706 1916 Sitten. David wird uns gewiß bald entschädigen für diese schwache
86 1873 522 1940 tät, die der Künstler
592 1908 1716 1991 mit seinem Maßstabe gemensse — schwache Mittel=Ernte.
88 1921 537 1987 seine Vorzüge in die
617 1957 1712 2013 Es sei wiederholt: es möge sich Niemand durch diese
88 1967 541 2045 seiner Individualität
532 2001 1710 2073 Kritik abhalten lassen, diese Bücher zu kaufen und zu lesen.
88 2017 529 2081 reitet. Und das sollte
532 2054 1721 2109 Der Standpunkt des Lesers ist ein anderer, als der des
73 2059 520 2133 rgend etwas soll seine
540 2093 1709 2158 vergleichenden Zeitgeschichtsforschers, der die literarischen
84 2108 525 2172 aubt haben; an irgend
530 2149 1714 2202 Erscheinungen auf ihre Motive, ihre Technik und ihren
83 2156 521 2217 m stocken vor Betroffen¬
537 2196 1719 2253 bleibenden Werth prüft. Es ist eine Ehrenpflicht des
79 2201 530 2260 n gearbeiteten, so rund
533 2237 1715 2291 kaufenden Publicums, die Werke der ernstzunehmenden
87 2254 531 2317 durchsetzten Geschichten
546 2298 1718 2356 Schriftsteller zu erwerben und diesen damit die Möglichkeit
101 2300 528 2364 einem Schaffenden zu
539 2331 1713 2396 zu neuer, besserer Production zu verschaffen. Der Leser
86 2324 529 2408 des gehabt habe, aber
539 2376 1721 2440 kommt dabei noch immer auf seine Kosten, denn werthlos
96 2391 531 2453 Werth ist Schonung
537 2425 1715 2492 sind auch die weniger brillanten Schöpfungen tüchtiger
95 2428 530 2503 je sterben“ war origi¬
539 2467 1717 2551 Meister nicht, und was sie bieten, soll man stets mit Dank
107 2481 522 2550 reicher in der Beob¬
541 2520 1723 2579 empfangen. Ansonsten würde die Kritik der Production
89 2517 525 2607 eschichte. Die „Troika“
539 2568 1709 2626 schaden, statt sie zu fördern, wie es ihre Aufgabe ist. Auf
77 2577 539 2641 nichts. Da eine inter¬
537 2605 1719 2702 Rosen gebettet ist ja der deutsche Schriftsteller ohnehin nicht.
83 2627 535 2693 eistige Auflösung eines
633 2660 1714 2712 Ganz frei von Schuld sind aber die Autoren doch
89 2672 536 2735 makellos in Guß und
541 2709 1711 2777 nicht, wenn der Boden anfängt, etwas weniger ergiebig zu
103 2722 534 2785 bei äller Correctheit,
552 2753 1730 2817 werden. Speciell in Wien hat man sich auf ein zu enges
74 2764 525 2833 dächtniß, statt mit der
539 2811 1713 2873 Feld des Anbaues beschränkt. Weite jungfräuliche Strecken
83 2822 530 2879 in die freundlich senti¬
543 2847 1717 2905 liegen noch brach und harren der Hand, die sie erschließt.
89 2861 540 2932 ehrer, der sich bis zum
537 2898 1724 2952 Der eigentliche Wiener Roman ist noch gar nicht ge¬
134 2909 538 2968 und dann an der
544 2951 1722 3010 schrieben. Oder glaubt man wirklich, das süße Mädel, die
109 2948 544 3021 und sein Kind aber
541 3001 1723 3048 unverstandene oder unbefriedigte F.au, der Dandy und der
109 2998 534 3067 bei der er mit so
99 3046 1721 3102 endlich als dritte im fesche Lieutenant, der Aesthet und Frauenerlöser seien
102 3100 1732 3183 reschen Müllerstochter, Wiener Specialitäten? Das süße Mädel stammt direct
1930 1273 3241 1336 von Egmont's Klärchen, die unverstandene Frau aus darauf
1932 1318 3210 1370 allen Literaturen der Welt, ihre Urmütter sind Balzac's auf
1939 1364 3231 1408 „Frau von dreißig Jahren“ und Flaubert's „Madame aber
1936 1406 3222 1469 Bovary“, Dandies in allen Nuancen hat England und Ruß= Gesich
3115 1462 3166 1510 re
1939 1453 3112 1513 land hervorgebracht, der Lieutenant wird in Preußen
1924 1499 3116 1563 cultivirt, wenn auch weniger unerbittlich als von Schnitzler,
1930 1544 3238 1596 Aesthet und Frauenerlöser sind nur Caricaturen der Goethe= Oder
1944 1596 3111 1658 schen Erotomanen vom Weislingen bis zum Zouard der
3112 1598 3233 1663 Spiell
1935 1647 3100 1696 Wahlverwandtschaften — das Unglück der Wiener Pro¬
1925 1689 3106 1759 duction ist, daß die Erotik einen zu breiten Raum darin
1929 1735 3107 1792 einnimmt und allen anderen künstlerisch gleichwerthigen Motiven
1933 1786 3103 1850 Luft und Licht raubt. Gewiß, die Erotik war zu allen Zeiten
1928 1835 3105 1885 Würze des Lebens wie der Kunst, und wer nicht zu
1927 1873 3105 1931 spüren vermag, wie das Weib auf den Mann, der Mann
1929 1928 3162 1999 auf das Weib wirken kann, der soll Leim sieden oder in W
1927 1973 3211 2024 Baumwolle speculiren, aber nicht Künstler werden, und wirtk
1929 2015 3114 2076 ein Kunstwerk, das vom Allsieger Eros nichts weiß, mag
3177 2024 3215 2055 1
1928 2060 3212 2122 in Klosterzellen zur Erbauung dienen, die Welt wird es Kam
1931 2113 3100 2175 nicht erobern. Aber eine Kunst, die ganz in der Erotik
1928 2155 3097 2220 aufgeht, wird schließlich zum Boudoir=Requisit, zum aus¬
3104 2157 3241 2235 bischer
1930 2206 3109 2274 schließlich weiblichen Gebrauchsgegenstand und hört auf,
1932 2254 3103 2315 Männer von ernstem Beruf zu interessiren. Man soll das
1928 2307 3094 2355 Eine thun und das Andere nicht lassen. Könnte Jemand
1928 2356 3091 2412 aus der Wiener Literaten=Literatur beispielsweise ent¬
3099 2354 3233 2417 Vollbi
1927 2391 3104 2456 nehmen, daß dies Wien, diese alte Metropole des alten
3105 2399 3210 2461 seid
1930 2440 3092 2489 Europa, heute wieder nichts weniger ist als ein politisches
1923 2492 3207 2558 Erdbeben=Centrum, und daß hier jahraus jahrein viel sollt
1917 2534 3213 2610 hundert schwarzer Maulwürfe thätig sind, die festen auch
1921 2589 3096 2659 Säulen des Weltfriedens zu unterwühlen? Hat es
3102 2587 3219 2650 bemes
1921 2632 2952 2710 noch nie einen Wiener Autor gejuckt, der
2948 2630 3220 2710 Welt hält;
1930 2681 2033 2740 zu.
2031 2674 3208 2732 erzählen, „wie man Präsident wird“ auch den
1918 2706 2987 2781 in Wien und Oesterreich? Weiß Niemand
2991 2725 3187 2793 ein sie
1920 2764 3226 2835 Lied von den Conventikeln zu singen, in denen man Welt¬ Seit
1924 2822 3229 2875 geschichte macht, von den Polizeispitzeln, denen als Schein¬ mehr
1924 2865 3087 2929 radicalen die Aufgabe übertragen wird, die radicalste
3090 2864 3244 2936 Denker
1924 2912 3090 2980 Kritik zu übertrumpfen und zu — discreditiren? Von den
3099 2920 3232 2985 gewese
1926 2964 3079 3019 Mitteln und Mittelchen, mit denen man es erreicht, eine
3085 2968 3232 3026 lende
1926 3010 3088 3065 freiheitsdürstige und freiheitstrunkene Bevölkerung wieder
3093 3013 3237 3072 höher,
1924 3059 3240 3112 polizei= und kirchenfromm zu machen und gegen ihre wieder
1916 3111 3241 3196 zigenen Befreier aufzuhetzen? Ah, die Literaten sind stolz.] führer
