3296 4128
450 200 568 265 Ta
639 191 918 261 Berthe
1189 198 1287 265 an
221 192 414 281 11.
413 208 1284 300 au Eaund Barie.
375 1008 1309 1142 Jbertag #n . Trumg
289 1128 541 1231 NEzAT
1227 1139 1580 1230 24|Ko4.
453 1214 1545 1274 In diesem Sinne hat auch eine Reihe von Dichtungen,
384 1249 1546 1319 die in diesem Jahre zutage getreten sind, die Frau ge¬
390 1316 1544 1372 schaut, die Ellen Key noch immer als eine „neue Materie
393 1360 1542 1411 für die Forschung“ von der wir nicht wissen, wozu sie
392 1400 1553 1456 sich entwickeln wird, bezeichnet. Am schönsten durch Ruhe,
390 1439 1537 1502 einfachen Vortrag und tiefes Erfassen des stillen Innen¬
384 1486 1541 1542 lebens, das sich selbst genügen muß, ohne nach der Welt
382 1537 1540 1598 zu fragen, erweisk sich die schlichte, echt österreichische
389 1562 1545 1635 Frauengestalt, die in Arthur Schnitzlers Dichtung
383 1617 1549 1678 den=Ramen „Frau Bertha Garlan“?) tragt. Echt öster¬
384 1666 1539 1713 reichisch ist schon das Milieu, in das er sie stellte: ein
383 1698 1540 1752 kleines Donaustädtchen, in dem sie als Wittwe mit ihrem
383 1747 1547 1793 Knaben still dahinlebt, umgeben von Provinzmenschen,
388 1791 1553 1842 unter denen es nicht an Originalen fehlt, fern von allem
394 1833 1547 1880 Großstadtgetriebe, wenn man es nicht sucht, aber dann
376 1876 1549 1939 leicht erreichbar. So ist der Ort ein Bild ihres Selbst,
388 1914 1572 1969 das sich nicht bewußt wurde, welche Lebenssehnsucht in
391 1961 1551 2020 ihrem Inneren schlummere, bis, geweckt durch die Er¬
380 2002 1548 2067 innerung an einen Jugendfreund, plötzlich in ihr Herz
373 2046 1548 2107 das wilde Verlangen nach einem Liebesglücke einzieht,
376 2090 1541 2152 das sie nie genossen und einmal wenigstens kennen lernen
382 2136 1541 2192 will. Und so wandert sie zu ihm, der ihr freundlich
384 2178 1554 2237 liebend wie einst entgegenkommt, mit voller Sicherheit
377 2220 1539 2270 des Gefühls gibt sie sich ihm hin ohne Reue
373 2273 1545 2324 und Gewissensbisse, ja geradezu stolz auf ihren Muth.
375 2305 1549 2366 In dieser Unbeirrbarkeit ihrer Empfindung ist sie ge¬
383 2359 1547 2414 radezu eine Wiener Figur, und, wie bei dem Drama
378 2398 1544 2464 „Liebelei“ desselben Dichters, darf man hier auf Grill¬
380 2428 1537 2485 parzers Hero verweisen, die ihre innige Verwandt¬
379 2473 1548 2540 schaft mit der Gestalt des modernen Dichters besonders in
383 2532 1555 2590 ihrer souveränen Sinnlichkeit, die sich aus mädchenhafter
387 2589 1557 2636 Sinnigkeit rasch entwickelt hat, und in ihrer überlegenen
384 2625 1561 2685 Ruhe der Welt gegenüber bekundet. Mit diesem einen
396 2661 1557 2726 Erlebnisse kehrt sie nach Hause zurück, kalte Phrasen, die
390 2703 1564 2765 der Mann auf ihre feurigen Briefe erwidert und unver¬
397 2750 1562 2803 schämte Anträge erfüllen sie mit Ekel vor ihm, und an
395 2787 1565 2846 der Leiche einer Freundin, die nur zügellose Lust gesucht
396 2835 1546 2898 hat, ahnt sie „das ungeheure Unrecht in der Welt, daß
386 2880 1553 2949 die Sehnsucht nach Wonne ebenso in die Frau gelegt
386 2931 1556 2979 ward als in den Mann: daß es bei den Frauen Sünde
392 2960 1555 3038 wird, Sühne fordert, wenn die Sehnsucht nach Wonne
391 3011 1564 3083 nicht Sehnsucht nach dem Kinde ist“ Mit unendlicher
388 3043 1563 3112 Sorgfalt werden die feinsten psychischen Regungen in der
397 3105 1552 3152 Seele der Heldin klar gelegt, fast könnte man sie etwas
391 3138 1556 3192 überinterpretirt finden, wogegen ihre Folie, die Frau
395 3178 1560 3235 Rupius, wenig Farbe erhalten hat und stark im Dunkel
385 3211 1561 3287 bleibt. Aber jedenfalls bedeutet der Roman einen großen,
394 3258 1568 3349 künstlerischen Fortschritt, den ich vor allem darin sehe,
385 3307 1568 3371 daß der Dichter bei aller Objektivität der Darstellung
399 3353 1413 3439 viel mehr Wärme und Herz als bisher offenbart.
1484 183 1850 288 box 2/1
2281 1071 2702 1132 Telefon 12801.
1812 1146 3163 1230 Alex. Weigl's Unternehmen für Zeitungs-Ausschnitte
2836 1220 3032 1280 Ausschnitt
2858 1270 3160 1372 Nr. 98
2150 1248 2806 1374 „OBSERVER“
1760 1360 3212 1442 I. österr. behördl. conc. Bureau für Zeitungsberichte u. Personainachrichten
1945 1439 3048 1527 Wien, IX/1. Türkenstrasse 17.
2157 1519 2835 1600 Filiale in Budapest: „Figyelé“ —
1764 1575 3218 1674 Vertretungen in Berlin, Chicago, Genf, London, Newyork, Paris, Rom, Stockholm.
1762 1715 2296 1812 Ausschnitt aus:
2388 1750 3144 1872 Su-wart, Boerlin
1772 1862 2308 2002 No 7 /2 997
2156 1986 3124 2136 Nun desch Stache
1870 2349 3200 2420 Die Aufsehen erregenden Erscheinungen des letzten Jahres sind unter den
1748 2399 3194 2469 genannten Werken nun freilich nicht zu suchen, die kommen immer noch aus
1751 2465 3197 2507 den Kreisen der Dekadenten. Einen Erfolg errang Jakob Wassermanns
1752 2505 3200 2568 „Geschichte der ungen Renate Fuchs“. Man kann nicht sagen, unverdient, denn,
1760 2547 3187 2609 wie der Kunstwart schon bei Gelegenheit der „Juden von Zirndorf“ hervor¬
1760 2594 3202 2676 gehoben hat, Wassermann ist ein Talent. Freilich, er ist auch durch und durch
1762 2646 3170 2710 ungesund, und seine künstlerische Manier erscheint keineswegs einwandfrei —
1760 2687 3198 2766 wir werden uns mit ihm noch gründlicher zu beschäftigen haben. Neben Wasser¬
1765 2738 3196 2806 mann stand als die Erfolgreiche des letzten Jahres, Clara Viebig: auf ihren
1748 2796 3197 2856 besseren naturalistischen Roman „Das tägliche Brot“ folgte der neue Geschichten¬
1760 2851 3201 2911 band „die Rosenkranzjungfer“, in dem denn doch fast alles nur noch Mache àla
1755 2887 3191 2953 Tovote ist. Dieser selbst ließ ein schlechtes Buch „Frau Agna“ erscheinen, das
1753 2933 3207 2997 nichtsdestoweniger mehrere Auflagen erlebte — Berlin W. kann, wie es scheint,
1753 2983 3205 3048 seinen Tovote nicht mehr entbehren. Einen dicken zweibändigen Roman „Der
1760 3043 3203 3097 Weg des Thomas Truck“ giebt soeben Felix Holländer heraus, der, wie
1758 3079 3202 3156 Wassermann, einzelne feine Eigenschaften hat. Arthur Schnitzlers Roman
1751 3131 3207 3199 „Frau Bertha Garlan“ ist nicht sonderlich bedeutend, wenn auch besser als
1760 3189 3201 3241 Tovotes „Frau Agna“. Ueber Schlafs „Die Suchenden“ und Willes „Offen¬
1760 3236 3199 3293 barungen des Wachholderbaums“ werden wir wohl noch zu sprechen haben.
2124 3314 2933 3423 Prospecte gratis und francon
