3248 4064
993 202 1281 276 Garlan
1496 197 1851 290 box 2/1
235 197 950 290 11. Frau Bertha
860 244 1276 318 n dene en Aenenent entenenee
417 270 841 327 „
497 454 1682 523 ein instinctives Bedürfnis verspürt hätten, sich zu dem, was
1730 460 2915 543 äusserst erheblich. Es ist für den Zionismus doch von
506 521 1687 580 sie als den jüdischen Geist in der Kunst ansehen, in einen
1732 527 2922 580 unermesslicher Bedeutung, wenn einer der ersten Dichter
505 571 1686 630 befreienden Gegensatz zu stellen. Damit hängt wohl auch
1733 573 2909 636 der europäischen Literatur ihn zum Gegenstande einer
497 618 1688 667 die Tendenz der gesammten „Heimatskunst“ zusammen und
1735 619 2911 679 Dichtung macht und ihn dadurch weithin zur Discussion
507 666 1679 720 am Ende auch der ungewöhnliche Erfolg, den der pracht¬
1727 669 2921 739 stellt. Es ist aber auch schon bemerkenswert, dass die dem
509 717 1681 781 volle „Hörn Uhl“ des Holsteiners Fressen jüngst gefanden
1731 717 2912 774 Zionismus nichts weniger als günstig gesinnte grosse
503 764 1679 820 hat. Es erscheint jetzt, von Lohmeyer herausgegeben, eine
1737 764 2910 825 Zeitung, das „Berliner Tageblatt“, das Hauptorgan der
503 815 1684 885 „Deutsche Monatsschrift“, und wenn wir sie nur flüchtig
1736 825 2916 881 deutschen Juden, ihn ohne feindselige Glossen erwähnt. In
502 866 1680 925 ansehen, erkennen wir, wie sie sich mit ihren mannigfachen
1736 869 2906 934 dem „Weltspiegel“ einer illustrierten Beilage dieser Zeitung
500 914 1675 960 Reisebriefen und dergleichen von den anderen ästhetisieren¬
1732 915 2917 974 vom nächsten Tage, kehrt das so lange ängstlich gemiedene
506 958 1682 1021 den, schwächlichen Monatsschriften unterscheidet. Hier
1734 968 2908 1019 Wort „Zionismus“ wieder in einem kurzen, mit einem Porträt
502 1006 1671 1061 begegnen wir auch nicht einem jüdischen Mitarbeiter.
1734 1017 2905 1069 versehenen Lebensabriss des englisch - jüdischen Dichters
512 1059 1680 1123 Viele Deutsche spüren wohl den fremdartigen, mit ihrer
1727 1068 2909 1126 J. Zangwill wieder. Solche scheinbar kleine Momente
501 1111 1676 1161 wirklichen deutschen Welt gar nicht mehr zusammen¬
1730 1119 2909 1174 sind in ihrer Bedeutung durchaus nicht zu unterschätzen.
498 1158 1681 1210 hängenden Geist aus manchen der besten Schöpfungen der
1844 1159 2907 1217 In der ersten Periode des Zionismus, als er noch das
498 1210 1688 1280 Modernen gar wohl heraus. Sie finden zum Beispiel in
1734 1214 2918 1262 Eigenthum kleiner Studentenconventikel bildete, war einer der
496 1260 1674 1312 Schnitzlers „Frau Bertha Garlan“ gar nichts von dem
1730 1267 2914 1320 Programmpunkte: Gewinnung der öffentlichen Meinung in
502 1304 1682 1383 Leben der wirklichen deutschen Kleinstadt, wie sie sie aus
1734 1314 2907 1372 Europa durch Einwirkung auf die geistigen Führer der
504 1359 1679 1419 Stormo öder Raabe kennen. Sie wissen auch in den
1735 1367 2904 1413 Völker. Damals war das noch eine reine Utopie; es war
508 1413 1677 1465 Werken des Jakob Wassermann keine Beziehung zu
1728 1409 2908 1480 kein Weg noch Steg da. Jetzt ist das Ziel so ausserordent¬
495 1457 1212 1529 deutscher Art und Kunst zu finden.
1725 1466 2918 1519 lich nahegerückt. Hier sind Erfolge der gegenwärtigen
1728 1517 2904 1570 zionistischen Bewegung, die sich ihren erstaunlichen
616 1496 1672 1586 Aber die stärkeren Talente unter den Juden werden
1730 1561 2909 1622 diplomatischen Erfolgen ebenbürtig anreihen, und die vielen,
500 1575 1678 1626 eben durch die Ehrlichkeit’ ihres künstlerischen Strebens
1729 1612 2907 1667 die wünschen, dass die „Welt“ ihnen in jeder Nummer von
503 1615 1684 1687 schon selber getrieben, der heuchlerischen Verwischung
1724 1668 2902 1719 einem neuen praktischen Erfolge melde, und wenn er aus¬
502 1666 1675 1730 nationaler Besonderheiten ein Ende zu macher, Je tiefer
1724 1710 2905 1774 bleibt, gegen die Taktik der Parteileitung zu murren be¬
502 1710 1680 1778 ihre Kunst ist und je mehr sie sie zu einer sorgfältigen,
1724 1765 2903 1824 ginnnen, könnten eigentlich mit dem ungeheuren Fort¬
492 1762 1670 1829 auch die kleinsten und feinsten Nuancen festhaltenden Dar¬
1728 1804 2926 1858 schritte in der Publicität und Notorität der zionistischen
493 1813 1674 1869 stellung drängt, umso tiefer müssen sie zu der jüdischen
1719 1855 2782 1918 Bewegung sich vorläufig schon ein wenig beruhigen.
498 1861 1677 1920 Besonderheit vordringen. Jakob Wassermann beginnt
1838 1886 2903 1973 Das Interesse der Grossen im Geiste für die zionisti¬
497 1919 1672 1970 wenigstens im Umrisse die Blonden von den Schwarzen zu
1715 1951 2904 2011 sche Bewegung ist eine Propagandag gegen welche alle
494 1968 1673 2027 sondern. Georg Hirsefffeld bringt in seinen ersten Milieu¬
1725 2008 2904 2070 Broschürenverbreitung. Agitationsreisen und Kreiscon¬
498 2014 1670 2073 dramen: „Zu Hause“, den „Müttern“ und „Agnes Jordan“
1720 2054 2902 2112 ferenzen wohl kaum aufkommen können. Angesichts solcher
494 2071 1678 2121 eine künstlerisch vollendete Darstellung äusseren und inneren
1721 2121 2911 2161 grossen Ausblicke hat der Zionismus die Verpflichtung,
492 2107 1674 2175 jüdischen Lebens. Wenn er sich letzthin im „Weg zum
1721 2160 2909 2210 sich auf der vollen Höhe seiner Idee zu halten. Dem, der
492 2163 1664 2225 Licht“ mit einem absonderlichen Sprunge auf deutsche
1730 2198 2915 2263 einen hohen Begriff von der zionistischen Bewegung in sich
492 2209 1676 2259 Bergesmatten und in deutsche Märchenreigen flüchtete, so
1716 2252 2910 2309 trägt, muss das Herz bluten, wenn er denkt, dass die ganze
498 2263 1661 2309 ist nach dem eclatanten Misserfolge dieses Versuches anzu¬
1724 2304 2906 2362 Bewegung in die an und für sich so überaus nothwendige
489 2311 1671 2370 nehmen, dass er den Weg zu dem Kreise zurückfinden wird,
1720 2356 2905 2405 und schätzens- und dankenswerte Thätigkeit der Vereine
497 2355 1670 2421 der ihm mehr vertraut ist und in dem er wirklich Heim¬
1718 2410 2915 2462 und Organisationen zurückgehen sollte. Der Zionismus ist
498 2405 1665 2467 lichkeiten der Seele offenbaren kann. Von der künstlerischen
1723 2445 2907 2506 gross als grosse Idee schlechthin. Uebe den dämmernden
498 2459 1668 2513 Gewissenhaftigkeit Arthur Schnitzlers ist zu erwarten, dass
1723 2498 2908 2569 Strassen unseres kleinen Städtelebens steigt ein welthohes,
497 2514 1666 2573 er der Welt in dieser Beziehung noch manche Ueberraschung
1722 2548 2901 2604 die Ewigkeit berülrendes Ideal- mit noch ganz anderer er¬
495 2559 1672 2626 bereiten wird. — Aber es genügt nicht, dass die jüdischen
1712 2599 2234 2672 greifender Gewalt empor.
490 2597 1671 2659 Dichter es verschmähen, schemenhafte Gestalten zu zeichnen
494 2662 1668 2722 und dass sie Juden als Juden charakterisieren und ihnen
484 2706 1669 2771 jüdische Namen geben. Eine grosse Wirkung tritt erst ein,
2113 2735 2507 2823 Zweierlei Juden.
491 2765 1674 2820 wenn sie den heroischen Gehalt des jüdischen Lebens zu
491 2806 1673 2861 erkennen und herauszuheben wissen. Von dieser Art ist der
2086 2801 2523 2875 Roman von Mao Viola.
491 2853 1672 2914 grosse holländische Maler Jozef Israöls. Als er sich letzhin
2172 2861 2439 2938 (Fortsetzung.)
492 2905 1670 2955 aus Anlass der Eröffnung der Secessions-Ausstellung in
1828 2935 2897 2994 „Ich wollte, auch dieses wäre bereits vorüber, ohne uns
497 2951 1663 3005 Berlin aufhielt, gab der Kunstkritiker des „Berliner Tag¬
1723 2973 2901 3021 neues Unglück gebracht zu haben. Doch ich darf Sie nicht
497 3005 1665 3060 blatt“ einen „Eindruck“ von ihm wieder. Er denkt „an den
1729 3018 2904 3074 länger in Anspruch nehmen, Herr Rosenstein, Papa erwartet Sie
493 3049 1676 3110 Mann, wie er still für sich in dem heiligen Buche liest und
1726 3053 2352 3113 und ich will Sie zu ihm geleiten.“
487 3096 1674 3157 forscht. Er liest das grosse Werk seines Volkes in hebräisch“,
1825 3080 2893 3155 Sie gieng mit ihm tiefer in den Park, an einer Laube vorbei,
1725 3140 2889 3191 in welcher der elegante Fischl neben einem hohen, bleichen
601 3153 1673 3235 Jetzt hat er ein Bild gemalt in dem alles ist, was in
1721 3182 2902 3242 M#ichen sass. Fischl gesticulierte mit den Händen und sprach
484 3206 669 3268 ihm lebt.
1728 3223 2901 3269 so eifrig, dass Paul unwillkürlich einen Blick auf die Insassen
600 3246 1665 3324 Jene wundervolle Scene, die er inseinem Buche „Spanien“
1724 3264 2893 3318 der Laube werfen musste. Er enthielt sich jedoch jeder Bemer¬
1722 3301 2897 3351 kung, er that, als ob er nichts gesehen hätte, und doch wusste er,
491 3300 1663 3364 erzählt. Wie er einen alten Thoraschreiber trifft, in einem
1730 3340 2897 3391 dlass das bleiche Mädchen Emmy Tulpenthal sei, die von Fischl
491 3351 1663 3403 alten Hause, einer alten Stadt, und wie die beiden Spröss¬
1721 3381 2897 3432 überredet wird, den Grafen zu vergessen und seine Gattin zu
483 3401 1664 3460 linge desselben Volkes, die eine Welt scheidet, sich in der
1731 3420 1861 3472 werden.
489 3448 1190 3500 Sprache ihrer Väter verständigen.“
1824 3458 2889 3519 Auf einer Bank, die unter einer mächtigen Linde stand,
1715 3501 2893 3545 trafen sie alsbald Tulpenthal, seinen Sohn Gaston und den Ver¬
601 3492 1665 3558 In derselben Nummer des „Berliner Tageblatt“, in der
1730 3543 2895 3589 walter. Tulpenthal reichte Paul die Rechte und machte ihn mit
483 3552 1664 3608 über Israels’ neueste Pläne berichtet wird, wird auch die
1719 3580 2888 3638 Gaston und dem Verwalter bekannt. Nach einigen einleitenden
486 3601 1675 3657 von der „Welt“ zuerst gebrachte Nachricht reproduciert,
1731 3619 2889 3671 WVorten bat Gaston Paul um Entschuldigung, dass er ihn bemühe,
490 3652 1662 3712 dass Emile Zolaseit mehreren Wochen in Jerusalem weile
1719 3654 2901 3704 allein er wäre ihm wirklich sehr dankbar, wenn er statt des
1717 3700 2892 3747 Adjuncten als Zeuge fungieren wollte, denn dieser sei erst peun¬
492 3707 1667 3758 um Eindrücke für einen grossangelegten Roman zu sammeln¬
1723 3743 2430 3785 zehn Jahre alt und völlig unerfahren.
493 3755 1666 3805 „In diesem dürfte auch der Zionismus — Zola sympathisiert
1821 3768 2899 3827 Paul versicherte, dass er ihm sehr gern zu Diensten stehe
492 3804 1672 3860 bekanntlich mit den Bestrebungen der Zionisten — eine
1719 3809 2520 3873 und frug nach den Bedingungen des Duells.
485 3846 1673 3913 Rolle spielen.“ Diese kleine Notiz ist in doppelter Beziehung
1813 3858 2903 3925 „Gezogene Pistolen“, erwiderte der Verwalter, „dreimaliger
