3248 4128
217 123 1261 202 11. Frau Bertha Garlan
1467 121 1821 210 box 2/1
406 178 1248 234 „
1436 591 2089 645 Beilage zur Allgemeinen Zeitung.
657 609 818 672 Seite 4.
1792 695 2930 770 Neutöner in umfassenderem Sinn. Sie sind ernste, mit
628 709 1793 790 schaffen hat, ist die Seene „Heimkehr“ Zwei junge,
1801 766 2935 815 dem Heczen gestalt nde Künstler, die es weise vermeiden
625 768 1749 842 schlanke Menschen stehen in einem maifrischen Garten Brust
1794 793 2928 860 zu blenden oder zu kitzeln, die nicht Aufsehen erregen, son¬
626 821 1751 875 an Brust, ganz dem Gefühl ihrer Liebe hingegeben und
1798 834 2930 897 dern Frieden verleihen wollen. In so engem Kreise sich
1459 855 1751 913 Die beiden
624 872 1460 927 ihres langersehnten Wiedersehens froh.
1800 884 2923 951 ihre Kunst bewegt, von so großem Gehalt ist sie. Es ist
630 895 1744 963 Menschen wirken hier wie eine einzige Seele, die Tiese
1803 925 2927 985 aber niemals die Weite, sondern immer die Tiefe der An¬
632 943 1744 1008 ihres keuschen Glückes wird dir ganz offenbar, und es ist
1800 979 2692 1042 schauung, die den Künstler zum Meister macht.
630 980 1750 1050 dir als schauest du in ein reines, begnadetes Land, wo keine
1896 1008 2934 1081 Zum Schluß sei noch bemerkt, daß die Worpsweder
627 1027 1756 1095 Leidenschaften herrschen, sondern Hand in Hand Frieden
1806 1055 2930 1117 eine Auswahl ihrer Radirungen in zwei werthvollen
631 1079 1747 1137 und Liebe wandeln, und es erfaßt dich ein Verlangen in
1800 1098 2927 1172 Mappen haben erscheinen lassen: „Vom Weyerberg“ und
627 1124 1108 1197 dieses wundersame Reich.
1802 1154 2930 1205 „Aus Worpewede“. Sie geben beide (im Verlag von
732 1152 1754 1220 Vogeler versetzt seine Liebesseenen immer in die
1802 1194 2936 1248 Fischer und Franke erschienen) eine gute Anschauung von
622 1204 1750 1269 Natur, die den Seligen das Gefühl des Glückes erhöht,
1806 1234 2930 1292 der Worpsweder Rabirkunst und seien den Kunstfreunden
636 1254 1754 1309 den Trauernden die Schmerzen mildert und zu Thrauen
1807 1281 2219 1354 aufs beste empfohlen.
632 1288 1758 1351 löst. Denn natürlich auch der Liebe Leid dient seinem
627 1329 1750 1403 Pinsel als Vorwurf. Ich erinnere an das kleine stim¬
631 1368 1746 1439 mungsschöne Werk „Verlassen“ Ein Mädchen sitzt weinend,
2143 1402 2581 1480 Neue Erzählungen.
633 1425 1748 1484 das kummerschwere Haupt auf die Hände niederneigend,
637 1465 1757 1525 am Rande eines Weihers und wünscht sich hinab auf den
1991 1463 2747 1548 Besprochen von Alexander v. Weilen.
632 1503 1755 1568 Boden der Fluth. Da kommen die Schwäne neugierig her¬
1883 1532 2938 1599 Die Stellung der Frau, die Frage nach ihren Rechten
640 1545 1756 1620 beigezogen und stannen das weinende Menschenkind an,
1805 1571 2935 1633 und Pflichten gegen sich selbst wie gegen den Mann, das
637 1600 1757 1658 und einer reckt fragend und bittend den weißen Hals zu ihr
1816 1615 2940 1676 schwierige Prohlem, wie sich das Bedürfniß nach Mutter¬
628 1638 1528 1703 empor, als wollte er die Verzweifelnde trösten.
1821 1659 2941 1720 chaft mit ihren neuen Forderungen vereinen läßt — das
731 1660 1757 1740 Mittelalterliche Motive macht sich Vogeler am liebsten
1820 1704 2934 1763 ind die Aufgaben, welche unsre Zeit im Denken wie im
635 1719 1765 1787 zu eigen oder besser noch sölche Motive, die von aller Zeit¬
1813 1747 2937 1806 Dichten unablässig zu lösen sucht, ahnend und prophe¬
643 1767 1758 1827 lichkeit losgelöst sind. Seine Jünglinge sind Knappen in
1807 1789 2934 1855 zeiend ein neues Geschlecht und gereinigte höhere An¬
648 1804 1760 1871 schlanken Purpurgewändern, das Schwert an der Seite,
1816 1833 2933 1889 schanungen verkündend. In ihren jüngsten Essays „Die
635 1856 1757 1917 auf dem Haupte die eherne Haube. Seine Mädchen sind
1809 1882 2940 1942 Wenigen und die Vielen“)) legt Ellen Key in klarer,
635 1886 1756 1958 edle Fräulein mit schleppenden Kleidern und kostbaren
1818 1927 2933 1980 verstandestiefer Darstellung ihre gereisten Ueberzeugungen
643 1940 1758 1999 Spitzen auf dem glänzenden Haar. Auch seine Natur¬
1809 1971 2940 2024 nieder, ohne zu zerstören, sondern vielmehr auf der Basis
641 1988 1756 2042 bilder binden sich gewöhnlich nicht an eine bestimmte Oert¬
1816 2008 2943 2068 der Ehe und der Gesellschaft vor allem dahin strebend,
651 2025 1745 2085 lichkeit. Es sind Phantasielandschaften, und Vogelers
1817 2048 2937 2112 der Frau die Grundlage einer Persönlichkeit zu geben,
639 2068 1763 2129 Wirken ist ziemlich äußerlich mit Worpswede verknüpft.
1809 2091 2942 2156 die in der vom Konventionalismus befreiten Frau gipfelt.
640 2111 1767 2179 Freilich fehlen die Worpsweder Motive nie bei ihm, aber
1816 2136 2949 2201 Auch ihr ist es einer der schönsten, unveräußerlichen Vor¬
641 2152 1764 2215 eine Bedeutung, wie bei den Uebrigen, hat diese Landschaft
1809 2179 2946 2249 züge der Weibesnatur, „mit jubelndem Glücksgefühl für
647 2199 1760 2264 bei ihm gewonnen. Er könnte seine Bilder allerorten
1818 2223 2942 2283 ein geliebtes Wesen unterzugehen“. Aber auch hier hat
648 2242 1757 2307 malen. Die Ruhe und Abgeschiedenbeit jedoch reizten ihn,
1816 2265 2943 2326 die Schablone gefahrdrohend verallgemeinert: „Dadurch,
647 2286 1717 2347 und so hat er sich unter seinen Freunden seßhaft gemacht.
1816 2309 2948 2369 daß sie dies unter allen Verhältnissen für das Ideal an¬
739 2339 1761 2392 Zwei Seelen wohnen in Vogeler. Die eine zieht ihn
1804 2348 2949 2412 =sah, hat die Frau sowohl ihre eigene, wie die Entwicke
657 2365 1722 2440 mt-Gesiattudes inigen, teinttensermecnge
1819 2395 2951 2453 lung des Mannes verzögert.“ Und sie formulirt die An¬
648 2417 1769 2471 lockt ihn auf das Feld des Schnurrigen, Sonderbaren. Ver¬
1819 2445 2954 2500 sprüche der Frau dahin, daß alle jene Ausdrucksformen
660 2454 1760 2513 schmolzen finden sich diese beiden Triebe in seinen so dumm¬
1821 2485 2955 2547 der Individualität, die dem Rechte der Anderen nicht
665 2498 1761 2555 üßen Märchenbildern. Eine lächelnde Naivetät ist über
1823 2530 2302 2595 schaden, ihr offen stehen.
668 2543 1760 2608 ie ausgegossen, es sind die Bilder eines großen Kindes,
1903 2550 2948 2628 In diesem Sinne hat auch eine Reihe von Dichtungen,
659 2595 1771 2648 das dich mit seinen blauen, verträumten Angen so unschul¬
1820 2609 2954 2667 die in diesem Jahre zutage getreten sind, die Frau ge¬
654 2633 1758 2683 dig ansieht, daß du ihm gut sein mußt. Diese Märchen¬
1831 2647 2952 2714 schautt, die Ellen Key noch immer als eine „neue Materie
656 2672 1767 2728 bilder sind romantisch, aber ihre Romantik wied zumeist
1832 2692 2949 2756 für die Forschung“ von der wir nicht wissen, wozu sie
650 2724 1768 2778 durch irgend einen schnurrigen Einfall auf das drolligste
1832 2743 2944 2803 sich entwickeln wird, bezeichnet. Am schönsten durch Ruhe,
853 2766 1764 2818 Ihre Wirkung ist vorwiegend dekorativ.
652 2768 849 2824 prosanirt.
1819 2779 2944 2842 einsachen Vortrag und tiefes Erfassen des stillen Innen¬
650 2803 1776 2856 Vogeler ist der Einzige in Worpswede, der sich nach dieser
1826 2823 2948 2892 lebens, das sich selbst genügen muß, ohne nach der Welt
661 2842 1772 2901 Richtung bethätigt, und zwar thut er es in sehr rühriger
1830 2864 2944 2930 zu fragen, erweist sich die schlichte echt österreichische
662 2898 1775 2950 Weise. In seinen Möbelentwürfen knüpft er gern an die
1824 2908 2945 2975 Frauengestalt die in Arthur Schnitzlers Dichtung
661 2932 1778 2996 gefälligen Formen der Biedermaierzeit an, er hat Tapeten
1831 2949 2944 3020 den Namen „Frau Vertha Garlan“?) trägt. Echt öster¬
654 2973 1774 3029 und Teppiche entworsen und bemüht sich in letzter Zeit be¬
1827 2992 2948 3059 reichisch ist schon das Milien, in das er sie stellte: ein
669 3015 1774 3074 onders um die künstlerische Ausschmückung der Bücher.
1827 3046 2957 3103 kleines Donaustädtchen, in dem sie als Wittwe mit ihrem
664 3061 1769 3130 In den Erscheinungen des „Insel=Verlages“ hat er bisher
1825 3089 2952 3149 Knaben still dahinlebt, umgeben von Provinzmenschen,
659 3099 1589 3185 seine Ideen am glücklichsten verwirklichen können.
1831 3127 2952 3190 unter denen es nicht an Originalen fehlt, fern von allem
749 3147 1772 3204 Es sind zwei Mappenwerke von Vogeler erschienen:
1832 3168 2958 3233 Großstadtgetriebe, wenn man es nicht sucht, aber dann
653 3197 1773 3252 seine Neigung zum Märchenhaften hat ihn veranlaßt, eine
1831 3218 2954 3277 leicht erreichbar. So ist der Ort ein Bild ihres Selbst,
666 3233 1783 3291 Anzahl Zeichnungen zu Gerhart Hauptmanns „Versunkener
1828 3253 2956 3318 das sich nicht bewußt wurde, welche Lebenssehnsucht in
659 3283 1782 3333 Glocke“ zu entwerfen.!) Dann hat er zehn sehr schöner
1834 3290 2950 3364 ihrem Inneren schlummere, bis, geweckt durch die Er¬
661 3326 1780 3378 kleiner Radirungen zu einer Sammlung „An den Früh¬
1833 3341 2954 3408 innerung an einen Jugendfreund, plötzlich in ihr Herz
666 3368 1784 3422 ling“ vereinigt.?) Vogeler ist erst 28 Jahre alt. Er hat
1828 3397 2962 3448 das wilde Verlangen nach einem Liebesglücke einzieht,
667 3407 1772 3465 sich schon jetzt in so ungewöhnlicher Weise hervorgethan,
1835 3429 2963 3497 das sie nie genossen und einmal wenigstens kennen lernen
661 3463 1779 3529 daß er in Worpswede die große Hoffnung für die Zu¬
1841 3468 2966 3537 will. Und so wandert sie zu ihm, der ihr freundlich
653 3498 948 3568 kunft darstellt.
1833 3513 2959 3580 liebend wie einst entgegenkommt, mit voller Sicherheit
1831 3558 2960 3625 des Gefühls gibt sie sich ihm hin, ohne Reue
1833 3597 2963 3667 und Gewissensbisse, ja geradezu stolz auf ihren Muth.
761 3606 1781 3683 Was die sechs Männer, die sich in dem entlegenen
1840 3650 2960 3716 In dieser Unbeirrbarkeit ihrer Empfindung ist sie ge¬
662 3670 1776 3724 Flecken zusammengethan haben, so eng miteinander ver¬
1831 3687 2963 3756 radezu eine Wiener Figur, und, wie bei dem Drama
665 3717 1782 3765 bindet, ist ihre große und ehrliche Liebe zur Natur, die es
1835 3727 2963 3803 „Liebelei“ desselben Dichters, darf man hier auf Grill¬
663 3763 1790 3815 bewirkt hat, daß sie ihr reiches Können rein von Manier
1849 3779 2958 3835 darzers Hero verweisen die ihre innige Verwandt¬
665 3793 1785 3849 erhielten, und die ihnen die Einfachheit und Gesundheit
1841 3813 2966 3892 schaft mit der Gestalt des modernen Dichters besonders in
668 3844 1785 3912 ihrer Gefühle bewahrt hat. Die Worpsweder sind keine
1915 3888 2231 3967 7 Berlin, Fischer.
740 3898 1441 3964 1) Verlag von Fischer u. Franke, Berlin.
1930 3946 2108 4011 )Ebenda.
733 3944 1578 4020 2) Insel=Verlag, bei Schuster u. Loeffler, Berlin.
