3248 4128
206 200 1259 276 11. Frau Bertha Garlan
1467 193 1812 299 box 2/1
396 249 1255 310 # K. an . 1    n ene en ee en un e
834 1041 1054 1148 LA REVUE
262 1075 350 1138 312
260 1137 1631 1224 connaitre qu'il garde la tradition du stelf'allerdand de Geethe el de
267 1193 1627 1272 Schiller. Par là il est de la vieille Ccole, mais par la pensée il serap¬
266 1269 1229 1326 Proche de la jeune, sans se confondre avec elle.
362 1290 1635 1377 De ces jeunes, l’un des plus célebres des maintenant est Georges
262 1345 1634 1413 d’Ompteda, qui n’entra dans la lice littéraire qu’il gaune douzaine
265 1406 1631 1472 d’années avec un volume de poésies, & Surle chemin dela vie n Von der
269 1442 1638 1515 Lebenstrasse, suivi presque aussitôt de nouvelles et de romans quile
261 1503 1640 1573 placèrent d’emblée en vedette. Les Allemands le nomment leur
274 1539 1639 1632 Maupassant. La définition — car comparer n’est souvent que définir
320 1595 1638 1662 manque de justesse. Elle n’est admissible qu’à la condition d’ima¬
296 1626 330 1665 —
268 1640 1642 1726 giner un Maupassant qui se documenterait comme les Goncourt, et
274 1688 1633 1763 qui, avec une extraordinaire finesse de regard, seplairait, à l’exemple
271 1742 1629 1823 de l’anglais William Pater, à ramener son roman à une biographie,
279 1785 1634 1861 dans laquelle forcèment, à colé de certaines vivacités de couleurs, il
273 1832 1633 1916 ya des grisailles. Cela se remarque dans deux de ses meilleurs livres:
274 1883 1645 1955 Sylvester von Geyer, qui date de 1807, et Ceremonienmeisler, qui
282 1940 1643 2013 parut l'année suivante. L'un et l’autre sont évidemment de belle fac¬
278 1991 1643 2057 ture; dans le premier letvpede la noblesse pauvre est frappant; dans
274 2032 1648 2106 le second le vieil artiste en qui s’allume une dernière étincelle d’amour
280 2073 1654 2154 et de jeunesse est une ligure vraie, exactement saisie; mais l’on peut
287 2142 1622 2212 regretter — et la crilique allemande l'a fait presque sans exception —
278 2167 1642 2251 que ces ligures se trouvent isolées, en leur relief, dans des milieux ou
290 2224 1645 2297 les autres personnages de Taction ne sont souvent que silhonettes.
277 2272 1654 2350 Sans doute chez Ompteda cette manière de peindre est vouluc. car il
291 2322 1647 2401 estarliste, bien en possession du mélier, et ila trop éludié Zola pour
283 2372 1653 2440 ne pas savoir quelle teinte il faut donner à un fond de tableau afin de
287 2420 1655 2494 faire ressortirs plans et d’en déterminer les valeurs, de meme qu'il
293 2470 1648 2555 possede trop bien Maupassant pour ne pas saisir ses figures sur le
298 2520 1654 2596 vif. Mais -— et c’est ce qui le dislingue des Français, — ce Maupassant
288 2570 1655 2645 comme ce Zola ou ce Goncourt est resté Allemand et nous n’avons à
288 2620 1658 2702 apprendre à personne que Teil allemand est psychologiquement, tout
298 2676 1211 2751 comme naturellement, autre que leil français.
340 2710 1653 2796 Ces différences d’objectif se constatent dans Monte-Carlo, la der¬
296 2753 1649 2839 nière production d’Ompleda. La aussi, reprenant sa thèse éhauchée
293 2810 1649 2884 dans Sylvester von Geyer il s’attaque au sproblème social qui a préoc¬
297 2860 1656 2950 cupé son attenlion: la situation de la vieille noblesse dans l’évolution
293 2912 1655 2985 actuelle des meurs, des tendances, des aspirations. Le titre du vo¬
297 2954 1648 3043 lume indique la scène du drame. Cest un drame, en effet, un drame
295 3005 1652 3093 puissant qui se déroule. La noblesse allemande yest personniliée.
303 3051 1651 3130 dans un type d’officier tres habilement et tres réellement campe.
307 3101 1653 3181 L’officier est le soldat qui nabdique aucun des principes de sa caste;
298 3159 1648 3242 il a le titre et l’épée, et ne déroge à aucun des devoirs qu'ils impo¬
304 3217 1658 3291 sent; il sait que c noblesse oblige# et se conforme à la maxime de
298 3247 1660 3341 ses ancétres. Incapable de vilenie, il yaune chose qu'il ne comprend
295 3318 1661 3390 pas, parce que le monde on s’est passée toute son existence ne lui en
302 3351 1658 3430 arien dit: il ignore que ce qui anoblit de nos jours, c’est le travail.
302 3412 1665 3479 II mene la vie oisive du jeune homme que le blason avec la fortune
2194 1136 2801 1228 LE ROMAN ALLEMAND EN 1901
3089 1147 3185 1225 313
1816 1209 3171 1307 de sa famille etle grade qu’il porte lui permeltent, II va comme tous
1822 1285 3176 1352 es oisifs à Monte Carlo pour se distraire, etse distraire ici, cest jouer;
1805 1336 3165 1404 il joue donc, il perd. et tout lui échappe, en quelques tours de rou¬
1808 1380 3168 1455 lette, argent, bonheur, honneur méme. Il ne lui reste qu’à sortir de
1809 1445 3171 1500 cette vie ou il n’est plus qu'un inutile. unc quantité négligeable, des
1810 1491 3175 1549 qu'ilse trouve dépouillé de ce qui faisait son éclat factice. On devine
1815 1530 3166 1597 le dénouement: un coup de pistolet, une vie qui n’est plus, qui ne
1805 1576 3163 1650 pouvait pluseire. Monte-Carlon été très discuté en Allemagne. Pourles
1815 1634 3166 1688 uns, le roman est inférieur à Kysen, publié l’année dernière. Pour les
1813 1685 3163 1752 aufres, c’est une maitresse cuvre à mettre tout à côté des meilleures
1813 1723 3162 1782 de l’époque. On nenie point, d’une part ou de l’autre, l’arbet la fa¬
1811 1777 3158 1845 cilité de l'auteur; on apprécie le brillant de ses descriptions, T'aisance
1807 1821 3155 1881 de ses groupements, la profondeur méme qu’offre sa conception;
1812 1884 3170 1943 mais on dit que, volontairement, il ne creuse pas son sujet jusqu'au
1805 1928 3166 2010 tuf, reste de parli-pris superficiel et dédaigne d’étre analyste. C’est
1815 1965 3159 2037 une opinion; mais il est possible quselle ne soit pas impartiale:
1814 2018 3158 2083 Moute-Carlo est de ces sujets auxquels, selon certaines individua¬
1813 2068 3157 2157 lités littéraires, il est interdit de toucher. Ompteda prouve qu'iln’a
1806 2120 2764 2182 cure de cette interdiction. Son livre est sincère.
1907 2164 3170 2245 Un jeune également, Arthur Schnitzler. Entré dans le roman
1806 2217 3162 2277 par la porte du théätre, ses succès depuis & Passionnette  (Lie¬
1805 2267 3161 2333 betei) (1895), jusqu'à Cacatois ver (1899) se sont affirmés de stade
1810 2321 3168 2385 enstade. Lui aussi procède, comme conteur et psychologue, des
1803 2361 3158 2418 Français, mais de Flaubert et, par un long détour, de Balzac. Autri¬
1807 2405 3166 2485 chien comme Marie Ebner, il a, comme Sainte-Beuve, m: le scalpel
1799 2462 3160 2525 à Tamphithéatre, avant de s’en servir pour la prosechion des états
1798 2504 3162 2579 d’äme. Ses études médicales l’onttout naturellement incité à s’occu¬
1796 2562 3162 2625 per dans ses nouvelles etdans ses romans de cas pathologiques. Son
1798 2616 3164 2666 Anatole, une des productions les plus originales de la littérature al¬
1803 2651 3164 2706 lemande toute moderne, est emprunté aux expériences de Thypno¬
1803 2699 3166 2771 tisme. Nous insistons sur le mot moderne. Schnitzler l’est plus que
1802 2751 3153 2814 tout autre de ses compatriotes, plus que Hirschfeldou Halbe. Comme
1801 2803 3155 2864 Verlaine, il attache un prix énorme à la nuance, et de méme que le
1803 2852 3154 2910 pauvre Lelian, il soutient qu’une simple erreur de couleur vous
1797 2900 3156 2956 change toute la vie. Ajoutez que, très Parisien, autanl que -peut
1796 2941 3159 3016 Tetre un Viennois, ila su s’adapter T’esprit et le tour des & causeurs )
1802 2992 3161 3052 Droz, Prévost, Lavedan, Hervien, Mr Marni. Personne dans la
1807 3053 3157 3115 nouvolle allemande n'a le dialogue plus souple et en méme temps
1802 3095 3155 3154 plus serré ou plus incisif. Ces qualités françaises ou parisiennes se
1796 3145 3154 3204 reconnaissent dans Frau Bertha Garlan, le roman qu'il vient
1796 3193 3162 3248 d’achever. Il ne les posséde pourtant pas tout à fait. Sa Madame Garlan
1804 3236 3161 3308 n’est qu'une Madame Bovary allemande. Il est visible qu'iln’a pu se
1803 3290 3154 3346 dégager assez de Flaubert pour étre entièrement lui-méme. Assu¬
1796 3340 3149 3406 rément il n’est pas un de ces copistes qui ne détournent pas les yeux
1788 3389 3156 3457 du modèle et en suivent toutes les lignes, mais le modele lui reste
1796 3439 3150 3488 obstinément dans les yeux. Or, ici le modèle non seulement ne par¬
1795 3489 3151 3553 vient pas à s’effacer, mais ne se reproduit pas avec tout cequi en fait
1877 3538 2303 3620 1901.— 1• NovENBRE.
3009 3549 3083 3641 21
