3296 4128
212 184 1296 255 11. Frau Bertha Garlan
401 241 1300 284 a a. G1 ah K. un n e en dune e en uen den en e
453 803 1463 872 stehr sichf ioee um feitgel Miorgen dieser Wollerlese.
453 862 1463 909 enthoben, weil noch in derselben Nacht den andern der
456 892 1451 949 Schlag getroffen und der Vorgang nun keinen lebenden
443 939 1449 992 Mitwisser mehr hat. Der Fall ist ziemlich raffiniert
454 987 1463 1030 gestellt und gelöst, das ganze Büchlein mehr ein Kunst¬
450 1014 1456 1070 stück, als ein Kunstwerk. Gezeigt sollte werden, was in
458 1048 1462 1106 dem Kopfe eines k. k. österreichischen Leutnants vorgeht,
446 1073 1463 1146 der durch eine plötzliche und zufällige Beleidigung seiner;
463 1130 1464 1180 vermeintlichen Offiziersehre zu dem Ergebnis kommt,
445 1163 1451 1223 daß er auf der Welt nichts mehr zu suchen hat. Zu
449 1206 1455 1265 diesem Zwecke bedient sich Schnitzler einer Technik, die
460 1234 1458 1298 früher einmal ähnlich der verstorbene Richard v. Meer¬
461 1281 1457 1344 heimb unter dem Namen Psychodrama in die Litteratur
455 1323 1448 1381 einzuführen versuchte, d. h. er läßt seinen Helden im
454 1362 1456 1446 Geiste monologisieren. Wenn ein dringendes Bedürfnis
468 1403 1480 1479 für ein neues Fremdwort vorhanden wäre, würde ich
486 1445 1473 1515 sagen, er giebt ein Psychogramm von dem, was ins
494 1510 532 1539 □
479 1495 1484 1562 Innern seines uniformierten Todeskandidaten vor sicht
485 1536 1469 1600 geht. Die glänzende Virtuosität, mit der das geschieht¬
482 1564 1477 1626 täuscht über die innere Unwahrscheinlichkeit des Verfahrens
484 1598 1477 1674 hinweg, aber irgend ein tieferes Interesse kann dieser
481 1645 1489 1698 auf die Spitze getriebene Vorfall noch weniger erwecken,
479 1676 1488 1753 wie der Fall Garlan, nicht einmal als Beitrag zu der
488 1721 1489 1788 vielumstrittenen Frage der Offiziersehre. Wenn ein
493 1763 1483 1827 Mensch von so simpelhafter Beschränktheit wie dieser
479 1794 1484 1853 Leutnant Gustl aus blödem militärischem Herdentrieb in
480 1837 1493 1918 den Tod geht oder gehen will, so verliert weder die Menschheit
483 1878 1491 1946 noch die k. k. österreichische Armee an solcher Pflanze das
489 1916 1494 1982 geringste, und man versteht nicht einmal, was durch ein
494 1951 1487 2028 Opfer von solcher Qualität gegen verrostete militärische
492 1990 1501 2058 Anschauungen bewiesen werden soll. Daß sich Gustl
487 2032 1491 2097 selber einredet, er müsse sich totschießen, kann für den
499 2071 1496 2138 Leser keine Ueberzeugungskraft haben; denn es ist ja
501 2112 1502 2185 gar nicht das Gefühl des Beschimpftseins, das ihn dazu
490 2150 1498 2210 treibt (sonst müßte er sich schließlich erschießen, trotzdem
500 2174 1503 2261 seinen Beleidiger der Schlag getroffen hat), sondern nur
501 2229 1504 2297 die Furcht, daß der andere das Erlebnis verraten
509 2268 1508 2336 könnte, eine Möglichkeit, gegen die verschiedenes spricht.
510 2307 1495 2377 Der gute Gustl, wie Schnitzler ihn zeichnet, hätte sich
512 2350 1499 2421 wahrscheinlich auch ohne den Schlaganfall des Bäcker¬
509 2374 1504 2452 meisters die Sache im kritischen Moment noch überlegt
510 2423 1508 2491 und sich gesagt, daß e einstweilen zum Totschießen
517 2462 1501 2536 faktisch noch keinen Grund habe und vielleicht auch
519 2498 1517 2575 fernerhin nicht haben werde. Ergel, um mit Hamlets
507 2540 1521 2611 Totengräber zu reden, entbehrt die kleine Geschichte
507 2579 1512 2646 völlig des ernsthaften Hintergrundes, dessen sie bedürfte,
511 2615 1514 2687 um mehr zu sein, als eine geschickt ersonnene und
517 2654 1514 2722 virtuos erzählte Anekdote. Dank dem für den beschränkten
525 2695 1514 2771 Zivilistenverstand unbegreiflichen Ehrenratsspruch, durch
522 2738 1515 2811 den Schnitzler kürzlich des Offfzierscharakters verlustig
517 2776 1525 2852 erklärt wurde, hat das Büchlein im Handumdrehen
519 2829 1064 2904 acht Auflagen erleben dürfen.
1480 183 1864 279 box 2/1
2279 964 2675 1028 Telefon 12801.
1815 1054 3142 1129 Alex. Weigl’s Unternehmen für Zeitungs-Ausschnitte
2827 1115 3026 1172 Ausscbnitt
2156 1135 3138 1273 „OBSERVER“ Nr. 62
1795 1178 2026 1283 105
1755 1259 3202 1346 I. österr. behördl. conc. Bureau für Zeitungsberichte u. Personalnachrichten
1960 1329 3049 1439 Wien, IX/1. Türkenstrasse 17.
2135 1412 2818 1508 — Filiale in Budapest: „Figyelö“ -
1763 1475 3191 1573 Vertretungen in Berlin, Chicago, Genf, London, Newyork, Paris, Rom, Stockholm.
1755 1618 2303 1706 Ausschnitt aus:
2353 1606 3103 1748 Allgemeine Sport-Zeitung, Wien.
1772 1759 2323 1857 vom //1 8 1907
2024 2189 2827 2265 „FRAU BERTHA GARLAN.& Roman von
1929 2234 2846 2318 Schnitzler. Dritte Auflage. (Verlag von S. Fisch
1933 2273 2845 2344 Berlin.) — Diese Arbeit ist die reifste und erfreu
1941 2312 2847 2384 Arbeit des vielgenannten Autors, und der Umstane
1936 2356 2855 2440 in kurzer Zeit drei Auflagen nöthig wurden, e#,
1934 2390 2857 2462 deutschen Büchern leider, recht seltener Falt, beweis,
1940 2428 2859 2496 dass auch das lesende Publicum, grossee Gefallen ar
1946 2453 2872 2544 Werke gefunden hat. Es ist eine feine und zugleich
1943 2504 2872 2583 Arbeit, die das im Geheimen sich abspinnende ero
1927 2540 2884 2630 „ Leben einer jungen Frau schildert. =Frau Bertha G:
1828 2574 1923 2651 Für
2991 2579 3195 2642 inclusive
1941 2553 2961 2650 #ist ein echter Wiener Roman, wenn seine Heldil15.—)
3020 2632 3169 2680 Porto.
1971 2618 2961 2692 Witwenschicksal auch in der Provinz, ein paar Eisen 28 —
1905 2631 1996 2678 10
1902 2670 1972 2713 20
2996 2665 3173 2719 Zahlbar
1897 2667 2953 2744 Estunden fern von Wien betrauert ... Das ist eine weiche,
2973 2679 3211 2767 im Voraus.
1940 2709 2939 2765 mit Schönheit getränkte Luft, in der sich aller Schmerz
1841 2719 1889 2766 „
1842 2744 1942 2810 „ 10
1945 2744 2945 2804 und alle Sünde milder löst, nicht zu vergleichen mit dem
1921 2766 3217 2840 Ischarfen Luftzug, der durch Berliner Sittenromane fegt. chnitte ist das
2848 2818 3226 2884 auch steht es den
1790 2835 2023 2897 Abonnem
1796 2856 3085 2950 Abonnentenfrei die Aufgegebenen Themen zu ergänzen oder zu ändern.
1915 2928 3232 3013 Der „OBSERVER“ veranstaltet täglich einen Auszug enthaltend dien
1795 2990 3196 3048 Inhaltsangabe aller wichtigen Mittheilungen der Wiener Morgen
1797 3036 3212 3096 blätter (Tagesjournale ausser „Neue Freie Presse“ und Wiener Zeitungs)
1810 3076 3212 3146 wodurch eine Uebersicht über das gesammte politische und wirthschaftliche Leben
1802 3109 3215 3167 des In- und Auslandes in drastischer Kürze geboten wird. Diese Mittheilungen
1804 3162 2609 3216 werden in Wien um 9 Uhr Früh verschickt.
2102 3239 2927 3316 Prospecte gratis und franco.
