3248 4128
1445 138 1814 232 box 2/1
185 139 1258 218 11. Frau Bertha Garlan
351 180 1250 250 n en e enenenenen enenenen ententen en dn 1
1619 306 1810 381 vom
1899 266 2306 442 4r 4
1200 398 1566 482 —
333 466 1437 567 Wien, IX, Türkenstrasse 17.
1685 504 2561 586 Vergentlich 7c. —
548 556 1249 634 Fillale in Budapest: „Figyelö“ —
1789 550 2961 615 Wenn man nach solchen literarischen Sireifzügen in die
1668 607 2943 683 (Heimat zurückkehrt, wird einem diesmal eine frendige Ueber¬
166 614 1558 691 Vertretungen in Berlin, Chicago, Genf, London, Newyork, Paris, Rom, Stockhe
1684 656 2953 739 frasch ug zutheil. Arthur Schnitzler's neuester Roman
1699 731 2951 777 „Frau Bertha Garlan“, wenn er auch in der
758 705 1412 827 Pester Lie.
161 736 697 833 Ausschnitt aus:
1697 763 2950 809 Geradlinigkeit der Handlung mehr den Charakter einer größeren
1688 803 2951 887 Novelle aufweist, gehört zum Besten, was Schnitzler geschrieben
1651 840 2948 915 Oshat und ist ein feines Buch für Männlein und Weiblein. Frau
171 835 732 982 von #f. (42
1687 910 2947 961 Bertha Garlan lebt als Witwe eines Vernunftehegatten mit
1694 949 2938 1011 ihrem Knaben in einem Nest an der Franz Josefs=Bahn. Die
2816 1003 2952 1067 Emil
1689 1002 2810 1062 schöne junge Frau hat als Mädchen den jungen Musiker
1676 1054 2801 1116 Lindbach geliebt. Als sie in der schläfrigen Ruhe
2804 1056 2948 1118 ihres
273 1069 663 1145 Leistern unserer Gess¬
404 1030 1475 1160 Arthur Schnitzler: „Fran Bertha Garlan.“
1692 1097 2347 1162 jetzigen Lebens davon hört,
2368 1097 2815 1167 daß Emil Lindbach
2834 1107 2942 1160 als
2931 1108 3030 1191 Ve
263 1093 1470 1199 Roman. (S. Fischer's Verlag, Berlin.) Das Stoffgebiet
1688 1149 2941 1213 berühmter Virtuose in Wien ein Concert geben wird, lodert
267 1145 1471 1238 und die Kunst Arthur Schnitzler's sind in diesem Werke zu ihrer
1677 1194 1827 1267 mit
1830 1190 3022 1259 einemmal ihre unbefriedigte ELiebessehnsucht mit ar
263 1177 1479 1270 lklassischen Reife durchgebildet. Er erzählt uns in einem echt epischen
248 1217 1476 1341 Styl die Geschichte einer jungen, frühverwitweten Frau, die aus der
1686 1248 3053 1291 elementarer Gewalt in ihr auf, Sie fährt nach Wien, aus.
262 1256 1481 1358 schuldlosen Ruhe ihrer Existenz gerissen wird: sie begegnet einem
994 1304 1028 1332 110
1682 1291 2942 1343 sie träumt sich den Geliebten von einst zurück, sie bereut, ihm
2959 1318 3077 1375 das
260 1297 1483 1398 Jugendfreund, einem Geiger von europäischer Berühmtheit, den sie
1692 1337 2948 1392 damals in keuscher Mädchenhaftigkeit die letzte Gunst verweigert
263 1334 1486 1449 vor ihrer Ehe mit der ersten und einzigen Liebe ihrer Mädchen¬
2946 1363 3073 1418 den
1688 1400 2950 1456 zu haben, und sie sucht ihn auf, sie hält seine Galanterie für
257 1370 1489 1489 sehnsucht geliebt hatte. Aus der Erinnerung an dieses Gefühl gibt
1642 1410 1690 1454 A
267 1413 1489 1505 sie sich ihm hin und erkennt zu spät, daß sie ihm nichts bedeute als
1673 1450 2955 1512 Leidenschaft und sie wird die Seine, ganz die Seine, weil sie
394 1454 1487 1545 ichtiges Abenteuer und daß sie selber Schuld auf sich geladen
1681 1478 3066 1544 glaubt, ein neues Leben an seiner Seite beginnen, nachholen zu 1 die
275 1510 357 1557 ein
458 1486 1491 1585 1 in ihr die Sehnsucht nach Wonne nicht, wie ehemals, die
1630 1536 3064 1603 Ir können, was ihr das Leben an Liebe bisher versagt hat. Die gen¬
375 1546 424 1589 #
271 1546 344 1603 hal
449 1530 1489 1628 t nach einem Kinde gewesen sei. Aus der tiefen Seelen¬
2923 1569 3073 1623 ung“)
1638 1575 1675 1618 b
277 1587 359 1637 Sel
1696 1581 2942 1655 Enttäuschung ist furchtbar, als sie einsieht, daß sie dem ver¬
272 1559 1487 1672 wirrniß, in die sie sich gestürzt sieht, rettet sie der Anblick des
1638 1620 1686 1661 W
2934 1610 3075 1657 jeben
276 1616 1496 1709 tragischen Todes einer Freundin in die Reinheit und den Ernst ihrer
1683 1622 3070 1691 götterten Ideal nichts war als das Abenteuer einer Nacht. (ingen
1642 1651 1690 1704 de
1641 1680 2946 1744 mAber sie erhebt sich wieder von dem tiefen Fall zur Höhe der
278 1685 785 1751 eigentlichen innersten Natux.
591 1691 1315 1766 #e (Artikel oder Notizen) Kr. 15.—
212 1683 281 1765 F
1219 1696 1528 1805 28 — inelus
1686 1722 2935 1794 Entsagung und reinen Mutterschaft, als ihr ein schreckliches Bei¬
288 1746 404 1796 100
1393 1759 1536 1804 Port
1221 1784 1333 1838 50.—
1683 1776 2937 1844 spiel mit entsetzlicher Klarheit das Frevelhafte ihres Fehltrittes
234 1790 401 1844 „ 200
1385 1797 1537 1848 Zahlb
1153 1808 1359 1886 „ 110.—
295 1825 405 1873 500
1836 1813 2940 1884 Im selben kleinen Nest lebt die schöne Frau
1670 1818 1817 1880 zeigt.
233 1835 294 1890 9
1151 1835 1586 1918 200.—) im Vor.—
993 1864 1062 1925 11
235 1864 405 1926 „ 1000
1671 1868 1817 1938 eines.
2492 1864 2944 1940 in diesem Weibe
1816 1862 2454 1939 gelähmten Mannes. Auch
300 1910 1616 1973 Im Gegensatze zu anderen Bureaux für Zeitungsausschnitte ist das
1823 1912 2628 1987 die Leidenschaft des Begehrens
1664 1915 1828 1975 lodert
2664 1921 2766 1974 auf.
2817 1916 2943 1989 Die
2625 1919 2674 1971 30
189 1959 1627 2024 Abonnement durch keine bestimmte Zeitdauer begrenzt; — auch steht es den
1678 1960 2940 2017 geheimnißvollen Reisen dieser. Frau Ruppins nach Wien er¬
189 1994 1474 2055 Abonnenten frei die aufgegebenen Themen zu ergänzen oder zu ändern.
1683 2012 2940 2075 fahren aber einen tragischen Abschluß, sie stirbt an den Folgen eines
1681 2058 2936 2128 Verbrechens gegen die Mutterschaft. Wohl nie noch ist mit solcher Fein¬
301 2067 1623 2130 Der „OBSERVER“ veranstaltet täglich einen Auszug enthaltend die
1682 2112 2937 2178 heit und solchem, den Leibes= und den Seelenarzt voll Adel und Güte
189 2121 1622 2170 Inhaltsangabe aller wichtigen Mittheilungen der Wiener Morgen¬
193 2159 1632 2211 blätter (Tagesjournale ausser „Neue Freie Presse“ und Wiener Zeirung“)
1684 2161 2939 2208 verrathendem Geschick ein so verfängliches Problem behandelt worden.
194 2183 1622 2253 wodurch eine Uebersicht über das gesammte politische und wirthschaftliche Leben
1700 2205 2923 2273 Schnitzler legte auf der letzten Seite seines Buches Bertha Gar¬
192 2236 1634 2282 des In- und Auslandes in drastischer Kürze geboten wird. Diese Mittheilungen
1693 2249 2945 2331 lan den Satz in den Mund: „Und sie ahnte das ungebeure
199 2286 999 2345 werden in Wien um 9 Uhr Früh verschickt.
1710 2324 2967 2374 U'nrecht in der Welt, daß die Sehnsucht nach Wonne ebenso in
476 2357 1315 2424 Prospecte gratis und franco
1708 2355 2966 2426 die Frau gelegt ward, als in den Mann; und daß es bei den
1718 2423 2975 2488 Frauen Sünde wird und Sühne fordert, wenn die Sehnsucht
1704 2456 2969 2513 nach Wonne nicht zugleich die Sehnsucht nach dem Kinde ist“ ...
1703 2510 2733 2566 Ein Bekenatniß des schmerzlichsten Bessimismus
762 2658 1880 2750 Aalan Peg- A
2011 2742 2413 2852 45+ 64.
711 2799 1017 2889 M. 22 5
1398 3052 1822 3132 Neue Bücher.
1013 3107 2278 3165 Arthur Schnitzler hat gleich nach dem gewaltigen Drama „Der
929 3164 2247 3204 [Schleier der Beatrice“ einen kleinen Röman bei S. Fischer edirt, der
952 3205 2127 3255 sich „Frau Bertha Garlan“ nennt und zu den reifsten fe
2119 3204 2239 3254 insten
950 3247 2196 3297 Schöpfungen des Wiener Dichters gehört. Statt des „süßen Mädels“ i
949 3277 2230 3328 eine „süße Frau“ die Heldin der kurzen Liebesgeschichte. Diese Frau ist
944 3311 2247 3367 eine zarte, stille, schlichte Persönlichkeit. Sie lebt in kleinen, klein¬
942 3351 2248 3403 städtischen Verhältnissen als Wittwe eines ungeliebten Gatten und als
946 3389 2244 3434 Mutter eines braven Buben durchaus irreprochable. Aber die Sehnsucht
947 3423 2252 3474 nach Glück, die in dem jungen Herzen noch nicht erstorben ist, treibt sie in
945 3472 2241 3509 die Großstadt=und in die Arme eines zur Berühmtheit gelangten Jugend¬
943 3500 2254 3557 genossen. Die Episode währt nicht lange, denn der Künstler, dem Frau
949 3543 2249 3586 Garlan sich giebt, zählt zu den vielen, großen Egoisten seines Berufes.
953 3579 2253 3629 Und Frau Garlan kehrt in die kleine Stadt zurück, um weiter Clavier¬
943 3621 2241 3663 lectiönen zu geben und sittig bei spießbürgerlichen Verwandten zu nacht¬
958 3648 2248 3706 wählen. Die Handlung ist, wie man sieht, nicht aufregend, aber Schnitzler
950 3692 2251 3742 schmückt sie mit allen Künsten seiner weltklugen, von leichter Melancholie
945 3727 2248 3773 beschatteten Psychologie. Mit feinen, klaren Pinselstrichen entwirft er ein
928 3758 2184 3828 Lebensbild von außerordentlicher Schärfe und eigenthümlichen Reizen.
