3296 4128
165 192 1263 255 11. Frau Bertha Garlan
1434 178 1829 280 box 2/1
357 231 1269 293 d Daun Wur an
740 997 1167 1070 Telefon 12801.
2232 1003 2663 1076 Telefon 12801.
269 1083 1655 1195 Alex. Weigl’s Unternehmen für Zeitungs-Ausschnitte
1769 1094 3126 1196 Alex. Weigl’s Unternehmen für Zeitungs-Ausschnitte
1298 1155 1507 1228 Ausschnitt
2778 1163 2991 1223 Aussehnitt
614 1205 1632 1304 „OSSENVEN Nr. 24
429 1102 601 1321 Weigl
2110 1206 3122 1323 „OBSEKVEK Nr. 34
214 1297 3168 1397 I. österr. behördl. conc. Bureau für Zeitungsberichte u. Personalnachrichten L. österr. behördl. conc. Bureau für Zeitungsberichte u. Personalnachrichten
409 1374 1523 1478 Wien, IX, Türkenstrasse 17.
1895 1380 3009 1463 Wien, IX, Türkenstrasse 17.
604 1454 1313 1533 — Filiale in Budapest: „Figyelö“ —
2119 1462 2788 1554 Filiale in Budapest: „Figyelé“ —
220 1523 1665 1620 Vertretungen in Berlin, Chicago, Genf, London, Newyork, Paris, Rom, Stockholm
1711 1524 3178 1612 Vertretungen in Berlin, Chicago, Genf, London, Newyork, Paris, Rom, Stockholm.
1712 1595 3140 1741 Rsse  iunne une Aarchne
217 1592 1584 1781 hussehm s Scundt Wete.
1723 1790 2014 1895 7
231 1727 793 1898 se 2% 100
1933 1798 2242 1926 Ejgn.
1069 1806 1320 2013 2
1961 1997 2169 2077 Sahlte 9.—
2027 2065 3100 2120 —Arthur Schnitzler: „Frau Bertha Garlan.“
512 2080 633 2157 Narraeae
1981 2107 3112 2159 Fischer Berlin. Der Roman erzählt uns die Geschichte einer
1355 2097 1479 2174 R
1950 2140 3084 2199 ungen, frühverwitweten Frau, die durch einen Zufall aus dem ein¬
451 2141 1539 2224 Arthur Schnitzler: „Frau Bertha Garlan.“
1945 2172 3090 2241 Ermigen Leben einer kleinen Stadt gerissen wird. Sie begegnet
388 2160 1542 2276 Fischer Berlin. Der Roman erzählt uns die Geschichte einer
1938 2214 3015 2286 Emlich einem Jugendfreund, einem Geiger von europäischer Berül
348 2230 1526 2288 jungen, frühverwitweten Frau, die durch einen Zufall aus dem ein¬
1928 2258 3004 2321 heit, den sie vor ihrer Ehe mit der ersten und einzigen Liebe
348 2266 1271 2319 förmigen Leben einer kleinen Stadt gerissen wird.
1247 2282 1531 2343 „Sie begegnet
1919 2298 3017 2357 Mädchensehnsucht geliebt hatte. Zu spät erkennt sie, dass sie ihm ni
330 2298 1531 2371 nämlich einem Jugendfreund, einem Geiger von europäischer Berühmt¬
1924 2321 3062 2397 bedeute als ein flüchtiges Abenteuer. Aus der tiefen Seelenwirrnis
329 2349 1532 2422 lheit, den sie vor ihrer Ehe mit der ersten und einzigen Liebe ihrer
2786 2375 2842 2414 125
1929 2382 3118 2425 in die sie sich gestürzt sieht, rettet sie der Anblick des tragischen
319 2393 1534 2469 Mädchensehnsucht geliebt hatte. Zu spät erkenut sie, dass sie ihm nichts
1916 2416 3120 2479 Todes einer Freundin. Schnitzlers große Erzählungskunst und Dar¬
328 2422 1525 2496 bedeute als ein flüchtiges Abenteuer. Aus der tiefen Seelenwirrnis,
1924 2450 2880 2536 stellungsart feiert in diesem Buche einen neuen Erfolg.
331 2458 1528 2537 in die sie sich gestürzt sieht, rettet sie der Anblick des tragischen
317 2495 1540 2585 Todes einer Freundin. Schnitzlers große Erzählungskunst und Dar¬
314 2535 1289 2604 stellungsart feiert in diesem Buche einen neuen Erfolg.
2188 2536 2739 2631 Bezugs-Bedingungen:
2782 2601 2903 2668 15.—
273 2609 1310 2685 Für 50 Zeitungsausschnitte (Artikel oder Notizen). Kr.
1765 2611 2787 2678 Für 50 Zeitungsausschnitte (Artikel oder Notizen) . Kr.
1296 2614 1669 2717 2 — indlusire
2775 2620 3143 2718 28 — inelusive
1859 2664 1977 2724 100
1467 2659 1646 2718 Porto.
2953 2675 3129 2724 Porto.
1289 2685 1429 2743 50.—
2701 2681 2911 2761 „ 50.—
1471 2693 1644 2757 Zahlbar
364 2692 497 2755 200
1852 2699 1973 2756 200
295 2681 381 2771 70
2941 2707 3131 2765 Zahlbar
1273 2730 1439 2784 110.—
2717 2732 2920 2797 „ 110.—
360 2745 489 2792 500
956 2752 1030 2798 „
1838 2741 1961 2791 500
1780 2726 1863 2803 30
299 2750 385 2818 „
1220 2740 1666 2834 1 200.—] im Vorauf
2712 2734 3156 2842 „ 200.— im Voraus.
2545 2778 2644 2831 „
311 2775 495 2854 „ 1000
2433 2761 2509 2841 1
1800 2778 1979 2855 „ 1000
374 2817 1632 2883 Im Gegensatze zu anderen Bureaux für Zeitungsausschnitte ist
1859 2798 3180 2882 Im Gegensatze zu änderen Bureanx für Zeitungsausschnitte ist das
250 2852 1630 2929 Abonnement durch keine bestimmte Zeitdauer begrenzt; — auch steht es
1732 2868 3188 2941 Abonnement durch keine bestimmte Zeitdauer begrenzt; — auch steht es den
251 2898 1561 2966 Abonnenten frei die aufgegebenen Themen zu ergänzen oder zu ändern.
1745 2904 3040 2993 Abonnenten frei die aufgegebenen Themen zu ergänzen oder zu ändern.
376 2969 1642 3051 Der „OBSERVER“ veranstaltet täglich einen Auszug enthaltend!
1857 2989 3192 3051 Der „OBSERVER“ veranstaltet täglich einen Auszug enthaltend die
258 3023 1653 3089 Inhaltsangabe aller wichtigen Mittheilungen der Wiener Morge
1737 3025 3189 3085 Inhaltsangabe aller wichtigen Mittheilungen der Wiener Morgen¬
258 3062 1645 3137 blätter (Tagesjournale ausser „Neue Freie Presse“ und „Wiener Zeitun
1746 3060 3176 3133 blätter (Tagesjournale ausser „Neue Freie Presse“ und „Wiener Zeitung“)
271 3108 1639 3177 wodurch eine Uebersicht über das gesammte politische und wirthschaftliche Leh
1745 3088 3182 3176 wodurch eine Uebersicht über das gesammte politische und wirthschaftliche Leben
259 3146 1657 3214 des In- und Auslandes in drastischer Kürze geboten wird. Diese Mittheilum
1747 3139 3181 3214 des In- und Ausiandes in drastischer Kürze geboten wird. Diese Mittheilungen
2243 3185 2299 3230 1
1754 3195 2561 3274 werden in Wien um 9 Uhr Früh verschickt.
248 3194 1080 3271 werden in Wien um 9 Uhr Früh verschickt.
554 3246 1409 3355 Prospecte gratis und franco.
2040 3270 2884 3355 Prospecte gratis und franco.
