3436 4352
261 318 2314 425 17.4. Marionetten Zukins box 22/11
282 1297 3233 1433 nennen, und vielleicht hätte ihre schmierige Gestalt voll tiefer seelischer Einsamkeit gab. schlüpfen. Grausamer und freier hat sich wohl
276 1340 3206 1473 Klugheit recht. Jetzt steht er in der Stube Aber mit aller Milde, Sanftmut und Gerechtig= noch nie ein Dichter selbst verspottet, sich ni¬
2241 1395 3215 1478 ferner von jener schäbigen Ehrfurcht gezeigt,
1254 1415 2247 1505 keit sei & gesagt: Herr Kramer sollte nicht
2226 1441 3222 1520 mit der die Kleinen vor ihrem Schaffen katz¬
296 1454 1270 1515 seines Jugendfreundes, dem er einmal ein
1263 1473 2234 1555 versuchen, unheimlich zu sein, sollte sich von
2240 1487 3214 1564 buckeln. Hier ist alles heitere Verwirrung;
279 1503 1272 1559 junges Mädchen als Geliebte zuführen wollte.
1256 1517 2237 1588 dem Ausdruck geistiger Nöte fernhalten und
2239 1525 3221 1602 Spiel wird Ernst, Ernst wird Spiel, die Drähte
289 1533 1274 1615 Um die Schüchternheit des gedrückten Jungen
1271 1555 2242 1632 sich auf seine Unwiderstehlichkeit zurückziehen,
2242 1574 3223 1646 von Menschen und Puppen werden zerschnitten
274 1574 1274 1646 zu überwinden? Kaum; er wollte sich einen
1273 1612 1896 1689 die er in Wien ersessen hat.
2233 1615 3215 1711 und knüpfen sich wieder. Es ist, wie es sich für
276 1634 1269 1713 Herrgottspaß gestatten, mit Schicksalen spielen.
2236 1663 3225 1730 Marionetten aus allerlei Schachteln ziemt,
1298 1667 2243 1746 Herr Kramer hat ferner in der abschließen¬
287 1676 1276 1744 Aber das Schicksal war stärker. Jenes Mädchen
2244 1711 3218 1778 ein vielfach verschachtelter Spaß. Aber auch
1268 1717 2245 1781 den Burleske „Zum großen Wurstel“ den Un¬
297 1714 1271 1792 hat später den Freund geheiratet, ein Junge
2244 1738 3240 1826 hier lähmte die plumpe Gegenständlichkeit der
1279 1752 2246 1828 bekannten im blauen Mantel gespielt, und auch
291 1757 1276 1828 wächst den beiden heran, sie halten frohgemut
2238 1783 3223 1878 Regie, der mehr an einem genauen Praterbild
1270 1797 2241 1884 da verdarb er so viel, als sich verderben ließ;
287 1816 1279 1879 ihr kleines Glück fest. Und es war des Puppen¬
2236 1829 3225 1907 als an der Bedeutung des Scherzes gelegen
1284 1846 2251 1914 es war ein Gespenst aus der Textilbranche.
301 1855 1278 1933 spielers eigenes, selbstverspieltes Glück. Denn
2240 1867 3231 1958 war. Sie machte damit wohl aus der Schwäche
1269 1892 2240 1953 Und er verschuldete als Regisseur die aus¬
292 1907 1289 1978 nun erfährt er es: jenes Mädchen liebte ihn
2249 1932 3230 2013 eine Tugend. Realismus ist ja besonders dann
1272 1924 2247 2012 gedehnte Bühne im „Puppenspieler“, die der
289 1943 1285 2005 und hatte auf ihn gewartet. Er aber kam nicht.
2249 1971 3244 2063 empfehlenswert, wenn einem nichts einfällt.
1277 1979 2255 2048 kleinen Bleistiftstudie den goldenen Stuck¬
286 1989 1286 2073 Dieses Kind hätte sein Kind seir. solen Er
2289 2010 3245 2091 Von den Schauspielern fielen Fräulein
1284 2014 2251 2089 rahmen eines Kolossalgemäldes gab. Und er
299 2033 1284 2115 wollte in seinem Hochmut das Leben meistern,
2250 2053 3232 2132 v. Wagner durch eine sehr routinierte
1278 2065 2238 2136 ließ im mittleren Akt, im „Tapferen Cassian“,
293 2086 1282 2153 und es meisterte ihn. Hätte ein Geringerer als
2251 2108 3228 2187 Innigkeit des Tones. Frau Glöckner durch
1283 2086 2254 2187 das Puppenmäßige der Darsteller so ausarten,
306 2129 1280 2201 Schnitzler die noble Nachdenklichkeit solchen
2244 2160 3232 2214 einige nett parodistische Bewegungen, Frau
1280 2138 2255 2231 daß jede Betonung der abenteuerlich heiteren
303 2170 1288 2245 Einfalles, er hätte dann noch irgendwie die
2258 2187 3235 2277 Galafrés durch eine muntere Karikutur der
1287 2187 2254 2270 Vorgänge unterblieb und die Zierlichkeit durch
291 2218 1290 2293 tiefe Beunruhigung des besiegten Puppen¬
2255 2223 3232 2322 großen Canaille auf. Auch sonst wären noch
1279 2240 2257 2328 aufsagende Hampelmänner zu Tode geklappert
312 2267 1289 2325 spielers gezeigt, die verborgene Wehmut hätte
2254 2275 3239 2357 manche mit Lob zu nennen. Aber das hätte nur
1286 2283 2260 2358 ward. Hier hat ja schon der Dichter das
309 2312 1286 2373 sich zur Sentimentalität verdickt. Sein Georg
2256 2311 3238 2413 wenig geholfen, denn das Wesentliche der
1294 2326 2257 2404 Marionettenhafte so verdeutlicht, daß es über¬
300 2336 1296 2413 Merklin aber bleibt stark, in den Mantel seines
2259 2375 3244 2434 Spiele, der Duft ihrer Anmut, war wie ver¬
1284 2370 2262 2446 flüssig war, die Schauspieler wie an unsicht¬
308 2402 1304 2463 Größenwahns gehüllt, geht er wie ein Sieger
2264 2413 3235 2483 strömt. Hier half nur eines: die sanfte Gewalt
1296 2418 2227 2489 baren Drähten zappeln zu lassen. Es is
305 2440 1304 2527 zurück in sein verpfuschtes Leben. Denn ihm
2257 2465 3235 2543 des Dichters, die doch hie und da durch alle
1290 2466 2257 2528 übrigens ersteunlich, wie die Witzigkeit dieses
321 2491 1295 2551 scheint es gar nicht verpfuscht, mag sein, er
2262 2507 3243 2581 Plumpheit sichtbar ward. Schnitzler kam sehr
1289 2506 2260 2568 Einfalles auf dem Wege vom Buch zur Bühne
322 2523 1296 2599 ist wirklich ein großer Künstler, der sich nur
2257 2547 3245 2620 oft. Trotz allem: es war ein Erfolg. Aber er
1297 2550 2264 2625 sich verflüchtigt. All dies ist so nett zu lesen,
308 2577 1304 2643 durch Werke und Ruhm nicht gemein machen
2260 2593 3252 2670 hätte größer sein können, und folglich hätte
1292 2584 2267 2675 vom Glücksritter Martin mit seiner heimlichen
313 2609 1313 2695 will. Für die wahrhaft Stolzen wird ja jedes
1295 2641 2266 2722 Liebe zur großen, unbekannten Tänzerin, die
2271 2647 2943 2718 er auch größer sein müssen.
321 2665 1310 2729 Werk besudelt — durch die Leute, die es in
1303 2680 2266 2760 er aufsuchen will, von seinem zarten Bräut¬
328 2708 1299 2771 sich aufnehmen. Also verbirgt er sie lieber alle
1298 2726 2276 2797 chen, vom Bramarbas Cassian, der ihm in
316 2738 1308 2816 bei sich oder setzt sie ins Leben um. ergötzt sich,
1303 2758 2280 2840 einigen Minuten alles nimmt, das Würfelglück,
317 2799 1305 2874 die Menschenpuppen an seinen Drähten tanzen
1293 2806 2286 2878 das Gut, das Mäochen, das Leben sogar, und
324 2838 1305 2917 zu lassen. Um diese merkwürdige, erschütternde
1310 2848 2287 2938 dann ist es sehr scharmant witzig, wie Martin
327 2889 1305 2947 Gestalt, die ihr Recht in sich trägt, muß der
1302 2908 2286 2974 es endlich vorzieht zu sterben, statt die Flöte
318 2933 1306 3006 Schauder einer großen seelischen Gewalt fließen
1309 2944 2291 3023 zu spielen. Dennoch, hier stimmt etwas nicht:
332 2977 1299 3038 soll sie nicht zum unverständlichen Prahlhans
1297 2993 2279 3051 in der unbarmherzigen Deutlichkeit des
325 3010 1313 3087 werden. Um Herrn Kramer aber fließen keine
1303 3040 2288 3108 Theaters fühlen wir das genau; die Grenzen
332 3058 1306 3127 Schauder, und er spielte den Puppenspieler
1300 3081 2282 3142 zwischen Ulk und Leben verwischen sich, und
321 3105 1309 3183 wie einer, der auf der anderen Seite steht:
1305 3125 2279 3201 hie und da bekommen die Puppen ärgerlich
331 3147 1316 3219 bei den Kopfschüttelnden über den Begabten,
1306 3163 2298 3235 überraschend ihr eigenes Leben, so wie in dem
319 3197 1322 3278 der das sichere Amt aufgab. Gewiß, es wäke
1310 3208 2280 3280 tiefsinnigen Spaß vom „Großen Wurstel“, da
317 3221 1327 3307 ungerecht, dabei an Bassermann zu denken, der
325 3247 2303 3378 hier den Wienern einmal eine beklemmendel sie auf ihrer Praterbude ibrem Dichter ent¬
