3392 4320
1750 318 2277 416 box 22/10
246 327 1593 432 17.4. Marionetten zuklus
1324 646 1735 730 Telefon 12801.
868 732 2209 856 Alex. Weigl's Unternehmen für Zeitungs-Ausschnitte
1887 799 2072 857 Ausschaltt
990 839 1120 933 05
1908 814 2203 936 Nr. 60
1213 840 1868 965 „OBSERVER“
813 942 2262 1078 I. österr. behördl. cone. Bureau für Zeitungsberichte u. Personalnachrichten
1015 1041 2126 1128 Wien, IX, Türkenstrasse 17.
1196 1096 1891 1206 — Fillale in Budapest: „Fisyela“ —
829 1147 2271 1278 Vertretungen in Berlin, Chicago, Genf, London, Newyork, Paris, Rom, Stockholm.
840 1322 1374 1414 Ausschnitt aus:
1349 1347 2074 1471 un Der Snsennir
844 1471 1359 1571 von V/2 %0
1126 1715 2129 1791 Das „Ueberbrett'l“ hatte gestern einen
1066 1768 2129 1857 Ueber=Abend, den der fünfzigsten Vorstellung; es war
1072 1808 2141 1874 rbei diesem Anlaß natürlich überfüllt und Herr von
1072 1848 2129 1941 Wolzogen konnte sich den Ueberlorbeer auf die
1077 1902 2153 1955 Ueber=Locken drücken. Zur Feier des Tages wurde
1071 1939 2115 2032 uns ein Ueber=Programm geboten, das beinahe bis —
1068 1999 1518 2072 übermorgen währte!
1120 2040 2122 2094 Als ich den Saal betrat, hörte ich gerade die letzten
1061 2081 2117 2124 Sätze einer kleinen Ansprache, welche der Urber¬
1065 2125 2125 2178 Director an das Publikum richtete. Er dankte für die
1059 2167 2123 2220 außerordentliche Theilnahme, welche man seinem Unter¬
1060 2222 2120 2266 nehmen entgegengebracht habe und gab seiner Frende
1066 2246 2292 2305 darüber Ausdruck, daß es ihm gelengen sei, „in die inclusive
919 2283 2100 2344 Für 5 norddeutsche Schwerfälligkeit ein wenig Bresche zu
2125 2303 2272 2348 Porto
1008 2326 2289 2388 16legen". Aber Herr v. Woizogen, gar so schwerfällig Zahlbar
1014 2377 2318 2433 20 sind wir wirklich iche und das „Ueberbrett'!“ — im Voraus.
1013 2422 2088 2465 50 bumbum — ist schließlich keine künstlerische That —
958 2453 2350 2511 ,100 bumbum — sontern eine gefällige Nachahmung des itte ist das
1021 2488 2361 2565 1 „Chat noir“ ui der „Roulotte“. „So is et!“ — wie steht es den
2089 2539 2198 2595 lern.
907 2525 1721 2601 Abonnej wir schwerfällign Berliner sagen.
1130 2574 2105 2626 Außer dem was allabendlich im „Ueberbrett'l“
902 2596 1070 2651 Abonne
1065 2597 2360 2653 zum Vortrag gelangt, hörten wir gestern mancherlei gthaltend die
1066 2647 2097 2714 Neuess. Olga Wohlbrück, unsere kleine „diseuse“,
2104 2657 2359 2712 Morgen¬
1049 2677 2369 2750 Isprach, das bedicht „Das Rend.zvons“ von Paul mer Zeitung“)
921 2695 2372 2795 Inhalt Heyse und Die Mädchen“ von Paul Althoff mit astliche Leben
929 2766 2383 2824 blüttfeinfühligster und liebenswürdigster Vortragskunft. Mittheilungen
925 2795 2100 2868 wodurd Ein Wieer Recitator, dessen Name uns leider bei
921 2843 2106 2911 des In der Ankünd# ##ng entgangen ist, recitirte eine Böckliiade
928 2871 1058 2925 werder
1060 2894 2100 2937 von Arno Holz in einem unverfälschten Leopoldstadt¬
1063 2927 2100 2984 Dialect, welcher der Dichtung nicht gerade zu
1058 2981 2104 3038 Statten kam. Weit besser paßte diese Tonfärbung
1135 3011 2114 3082 dem „Rabbi von Krotoschin“ mit welcher
1046 3040 2100 3116 Nummer der Gast Beifall und Heiterkeit erweckte.
1051 3097 1813 3142 Fräulein Bozena Bradsky,
1836 3084 2109 3156 der Star
1042 3143 1822 3198 des „Ueberbrettl's“ zeigte wieder,
1849 3129 2110 3193 eine wie
1041 3177 2101 3240 charmante, warmblütige, temperamentvolle Künstlerin
1039 3226 2099 3275 sie ist. Das von Bogumil Zepler sehr charak¬
1039 3258 2095 3321 teristisch in Musik gesetzte Lied „Der Königssohn“ von
1045 3307 2104 3361 Hugo Salus brachte sie mit einer köstlichen Satire
1040 3334 2102 3396 famos zur Geltung. Eine parodistische Glanzleistung
1045 3385 2094 3433 war auch ihr Vortrag der Nummer „Das Couplet“
1046 3420 2094 3489 von Maximilian Fuhrmann mit der
1047 3459 2090 3527 Musik von Otto Ehlers. Einen unend¬
1041 3504 2092 3572 lichen Charme wußte die reizvolle Künstlerin
1031 3543 2086 3605 in das mit Herrn Koppel gesungene Duett „Die
1038 3588 2089 3644 Haselnuß“ von Walther Paulus mit der Musik
1041 3634 2087 3674 von Oscar Strauß zu legen, das übrigens sehr
1040 3674 2093 3725 an eine gleichartige Darbietung der „Roulotte“ er¬
1040 3709 2099 3765 innerte. Zahlreiche Stimmen aus dem Publikum ver¬
1028 3753 2082 3814 langten nun den „Lustigen Ehemann“ und das Bier¬
1041 3786 2089 3844 baum=Strauß'sche Duett, daß in Berlin jetzt so sehr in
1034 3827 2092 3887 der Mode ist, mußte gleich zweimal gesungen werden. In¬
1023 3864 2081 3932 teressant war das persönliche erste Erscheinen des jungen
1028 3914 2081 3961 Dichters Hans Heinz Evers aus Düsseldorf,
1040 3945 2084 4014 der zwei seiner satirischen Fabeln mit großem Erfolg
1027 3992 2073 4055 selbst vortrug. In dem Gedicht „Der Mittkäfer“ er¬
1030 4035 2074 4093 regte dabei ein Wörtchen Semation, das wohl noch
1033 4072 2084 4140 niemals auf einer Berliner Bühne so rund heraus
1026 4120 2077 4179 gesagt worden ist, aber mit Vorliebe von enfants
1024 4147 2074 4217 terribles in großer Gesellschaft gebraucht wird. Ein
1014 4184 1631 4244 drittes Gedicht von Evers,
1691 4201 2072 4254 „Die Fliege und
