3484 4320
1736 271 2341 375 box 22/10
297 274 1665 385 17.4. Marionetten Zyklus
2931 985 3344 1062 L
357 1093 3343 1185 wieder empor; hier schon mit einem starken Bewußt= handen gekommen oder doch irgendwie entkräftet, auflösender Witz, diesmal stärker und schneller als“
364 1157 3332 1227 sein ihrer Funktion, indem sie gewisse künstlerische vom Schicksal zerschmettert worden. Um die toten sie, führt uns rasch darüber hinaus ins dramatisch
1353 1201 3337 1256 Brocken spinnt er allerlei stolzen Wahn, läßt feine Leere. Deutlicher hätte sich der direkte Weg vom
372 1213 1352 1261 Cebilde als einen Mißbrauch am Leben denunziert.
1356 1248 2343 1310 Gedanken einfam und abseits wuchern und treiben,
2329 1243 3335 1298 Tragischen zum Wurstelstück wohl kaum demonstrieren
371 1258 1362 1314 Das richtige hohnvolle Satyrspiel zu den wirklich
2336 1289 2474 1348 lassen.
1357 1289 2334 1344 setzt sie an Stelle von Taten. Er bildet sich ein,
362 1286 1361 1366 „Lebendigen Stunden". Der Satz: „Wer einen
2404 1310 3319 1385 Im „Tapferen Cassian“ ist dann schon alles
1353 1313 2352 1398 Schicksale anderer anrichten und einrichten zu
372 1319 1360 1387 „Nero“ schreiben will, der muß Rom doch wenigstens
2334 1356 3319 1427 einleuchtend Menschliche ausgestrichen; die literari¬
1352 1375 2344 1426 können; aber gegen sein eigenes Schicksal hat er
368 1383 1356 1433 innerlich angezündet haben“, ist ein grausamer
2337 1413 3321 1472 schen Marionetten werden nicht mehr erklärt, sondern
1360 1412 2337 1474 keine Wehr. Der Puppenspieler=Wahn hat ihn selbst
369 1426 1361 1471 Künstlerwitz, in dessen grundlose Tiefe der psycholo¬
2329 1454 3335 1517 einfach vorausgesetzt. Die Puppen agieren, ohne zu
1349 1452 2334 1511 zur lebendigen Puppe gemacht. Unter Menschen,
357 1465 1356 1513 gische Kredit vieler, vieler Dichter auf Nimmer¬
2332 1493 3327 1556 wissen, wie und warum, ohne zu fragen, von wein
366 1494 2342 1558 wiedersehn zu stürzen droht. Nun, ganz so bös ist es die noch das Geringste wollen können — und wäre
1354 1546 2335 1594 es nur ihr Kind erziehen und ihren Tisch bestellen —
2325 1541 3328 1592 sie gehalten und gelenkt sind. Der feine Puppen¬
359 1545 1373 1603 wohl nicht gemeint. Denn der dieses Wort im Stück
2324 1582 3330 1645 spieler Schnitzler hat ihnen nette Kostüme angezogen,
356 1591 2339 1643 ausspricht, sagt es nicht etwa, weil es seine heilige, ist sein Platz nicht. Seine unentbehrliche Lüge, die
2335 1607 3338 1684 hat für bewegte Anmut und für ausgiebigen Spaß
370 1616 2339 1681 wenn auch törichte Ueberzeugung, sondern weil es weiten Worte, die er für seinen Willen eingesetzt hat,
2327 1669 3326 1720 gesorgt. Ausgiebiger Spaß auf der Wurstelbühne
1350 1668 2334 1729 ziehen ihn wie mit mechanischer Gewalt durch die
362 1666 1350 1725 seine notwendigste Lüge ist. Er kann (künstlerisch)
2333 1712 3325 1769 heißt aber, wenn einer vom andern erschlagen wird;
1352 1716 2329 1768 große und die kleine Welt, und jede Welt erscheint
367 1707 1363 1773 sonst gor nicht leben; er fällt willenlos zusammen,
2328 1743 3320 1806 das geschieht denn auch. Ohne viel Umstände und
1361 1749 2338 1807 ihm immer nur mehr als eine Bühne voller Figuren,
363 1758 1359 1816 eine leere Puppe. Erst an dem Wort „innerlich“,
2339 1780 3331 1846 moralische Begründung, aber nicht ohne tiefere
1351 1793 2339 1849 an denen er sich versuchen muß. Immer sieht er
362 1803 1365 1851 an dieser Lüge von den unbegrenzten Möglichkeiten
2334 1827 3318 1883 Wurstelweisheit. Der Witz wird vom Aberwitz, die
365 1831 2334 1893 geistig=seelischen Erlebens, zieht er sich mechanisch sich unter Marionetten, und will nicht merken, daß
2328 1873 3319 1922 Intelligenz von der Impertinenz abgestochen. Wer
1349 1880 2329 1928 nur er selbst zur Marionette verflucht ist, die, an
358 1868 1361 1937 wie an einem Draht empor, zappelt lustig herum,
2324 1913 3327 1972 sich mehr vermißt, der kann mehr, das Glück ist bei
1352 1921 2329 1984 ein paar fixe Ideen gehängt, ihre spärlichen und
356 1918 1373 1978 zündet auf seine ungefährliche Art Rom an und
2327 1965 3337 2020 der kräftigen Frechheit. Und das Schicksal, dessen
1356 1953 2329 2023 gleichgültigen Bewegungen ohue inneren Antrieb
366 1961 1365 2023 schreibt gewiß noch seinen „Nero". Er ist durchaus
2323 1998 3322 2060 Marionetten wir sind, sagt Ja und Amen dazu. Sei
1359 1993 1607 2072 weitermimt.
364 2000 1363 2065 ein psychologischer Wurstel; die erste richtige Mario¬
1424 2045 3326 2097 Nebenbei: Hier war eine Tragödie, noch dazu reich, sei geliebt, sei im Glück. Was nützt es Dir?
354 2055 1191 2107 nette, die Arthur Schnitzler erfunden hat.
2325 2080 3324 2146 Im nächsten Moment vielleicht schon wird au irgend
442 2091 2344 2157 Andre kamen nach. Und dann wurden drei dieser eine sehr echte und großartige, nämlich die Zer¬
2332 2125 3323 2192 einem verhängnisvollen Draht der stärkere Wurstel
359 2136 2335 2199 kleinen, geistreich nachdenklichen Scheindramen zu störung eines starken Willens durch das Schicksal.
2327 2175 3319 2234 mit dem stärkeren Prügel heraufgezogen. Er haut
1348 2183 2332 2231 Und der Keim der Zerstörung lag in der Hybris,
357 2179 1364 2241 einem Theaterabend vereinigt. Darin ist sehr lehr¬
2334 2219 3325 2271 Dir eins über den Kopf, nimmt alles was Dein war,
1361 2222 2334 2274 der Ueberhebung dieses Willens, die der übergeord¬
362 2208 1361 2284 reich zu verfolgen, wie die künstlerisch=kritische Ver¬
2322 2256 3332 2312 läßt dich liegen und geht. Auf einmal bist du nun
1353 2244 2345 2318 nete Gesamtwille (Gesetz der Entwicklung oder mora¬
369 2264 1357 2328 neinung der Willenskraft und Willensfreiheit schritt¬
366 2299 3330 2373 weise aus der Gebundenheit exakter Seelenforschunglisches Gleichgewicht oder Untergang des Einzelnen bettelarm, mutterseelenallein, steinunglücklich oder
368 2330 3324 2412 zur ausgelassenen Wurstelidee befreit wird. Ich weiß im Ganzen; das ist eben des Dichters persönliche gar mausetot. Arme Marionetten! Was können die
2332 2382 2826 2457 von ihrem Leben wissen!
367 2384 2325 2447 nicht, ob diese Anordnung der drei Stücke mit der Sache) nicht dulden durfte. Also eine moderne Tra¬
2392 2407 3321 2490 Ja, was können wir von unserm Leben wissen?
368 2430 2340 2487 Folge ihrer Entstehungszeiten übereinstimmt, aber gödie mit antikem Motiv; eine der schönsten und
2327 2472 3329 2514 Was bereutet alles das, was uns die Dichter davon
376 2470 2341 2539 ihrem Verhältnis zur gemeinsamen Grundanschauung stolzesten Aufgaben für einen heutigen Dichter. Aber
1358 2511 3319 2565 was wir davon haben, ist ein Epilog. Hier ist nur sagen? Wissen sie es selber ganz genau? Ihre
375 2521 1367 2574 eitspricht sie sicherlich. „Der Puppenspieler“ unter¬
1352 2538 3332 2616 das vernichtende Ergebnis jener Kritik am Willen Menschen — sind das wir, oder sind sie es selber,
365 2563 1364 2619 nimmt es noch, das Bild eines wirklichen Menschen
2318 2582 3310 2641 oder sind es ganz fremde Geschöpfe, die dann aufe
373 2596 2338 2653 zu geben. Er wird vom fanatischen Glauben an des Menschen, die das Drama selbst dargestellt hätte.
380 2637 3314 2700 seinen Willen aufrecht gehalten und durchs Leben Die Phantasie des Dichters hat sich ein wertvolles einmal unter uns herumlaufen, als wären sie leben¬
371 2663 3324 2750 gelenkt Aber der Wille selbst ist ihm längst ab= vielbedeutendes Menschenbildnis geschaffen; aber sein dig wie wir. oder als wären wir Puppen wie sie ?
2964 2728 3023 2794 e
2298 2763 3405 2849 Hier kehrt sich das Marionettenstück schon mit voll¬ Wurst
2300 2811 3392 2898 stem Bewußtsein gegen das psychologische Drama, ein a
2290 2865 3397 2926 dessen entfremdetes Schreckenskind es ist. Alle diese übrig
3278 2911 3402 2966 schnei
2291 2914 3287 2993 Fragen und mehr von ihrer Art stürzen im letzten
3262 2937 3408 3004 auf
2305 2953 3290 3027 der drei Puppenspiele: „Zuin großen Wurstel“!
3281 2986 3400 3048 Kom
2300 2993 3281 3071 ratlos durcheinander und finden keine Antwort.
2297 3028 3392 3098 Natürlich, denn die literarische Wurstelkomödie ist was
3275 3070 3400 3130 am
2300 3073 3278 3148 ja aus den Fragen erwachsen, auf die es keine Ant¬
3276 3120 3403 3187 irgen
2300 3128 3285 3182 wort gibt. Und alle versuchten Antworten und Er¬
2291 3164 3283 3237 klärungen, absichtsvolles Gestalten, plumpe oder
2291 3208 3294 3268 feine Beziehung zum Nahen und Weiten, lacht sie
3284 3212 3407 3279 nette
2303 3249 3291 3320 als sinn= und zwecklos hinweg. So kommen denn nicht
3278 3269 3398 3315 dreie
2295 3290 3288 3362 nur der Dichter selbst und seine Gestalten, sondern
3282 3298 3409 3355 leiten
2295 3317 3284 3397 auch Direktor und Publikum und fremdes Dichter¬
3282 3334 3397 3397 Wur
2301 3371 3286 3442 werk als Marionetten unter die Marionetten. Zwei
3278 3380 3397 3447 szeni
2309 3417 3286 3478 scharf gep, von andern geschaffene Figuren,
3288 3428 3406 3484 reinls
2573 3463 3281 3527 aften Wurstelgedanken am nächsten
2296 3461 2526 3545 die dem
3279 3475 3382 3531 gut
2295 3504 3288 3583 zur Hand sein mußten, kommen zu Gast: Bahrs
3280 3509 3404 3568 in 5
2308 3544 3278 3607 Meister, der das Wort vom Wurstel ja
2309 3581 3286 3643 selbst gern im Munde führt und dessen tragischer
3286 3597 3403 3657 Intik
2313 3625 3290 3686 Grundzug eben jene Hybris des persönlichen Willens
3272 3643 3400 3696 schla
2299 3654 3284 3736 ist, die, über ihren dramatischen Höhepunkt hinaus¬
3274 3675 3410 3748 schen
2314 3707 3288 3787 geführt, direkt in das Marionettenhafte abstürzen
3284 3724 3402 3777 eben
2306 3750 3284 3813 müßte, und Beer=Hofmanns Graf von Charolais,
3292 3771 3406 3834 Stügh
2302 3801 3290 3877 den ein öffentlicher Irrtum für puppenhaft willenlos
3282 3812 3402 3866 gedr
2313 3842 3280 3894 und ohne Charakter erklärt hat, bloß, weil er von
2298 3879 3287 3950 Anfang an wissentlich unter Notwendigkeiten steht,
3291 3884 3406 3954 diese
2314 3925 3280 3990 die stärker sind als er. (In der hiesigen Auf¬
3281 3938 3411 4002 viell
2303 3959 3291 4023 führung wurden diese beiden Figuren begreiflicher
3289 3980 3408 4032 wen
2302 4010 3294 4073 Weise weggelassen.) Zuletzt aber kommt der große
3286 4017 3412 4081 gluch
2313 4046 3287 4116 Unbekannte der Geist der Entwicklung, die Wahr¬
3290 4051 3410 4117 frisch
2313 4092 3294 4165 heit, die wir heute ewig glauben, das Positive, das
3294 4102 3409 4176 jung
2302 4129 3301 4206 wir jetzt suchen, das Gewissen der nächsten Kultur.
2313 4168 3306 4235 Dieser Letzte und Mächtigste unter allen haut die
