3484 4352
1282 294 1319 325 2
250 263 1621 359 17.4. Marionettenklus
1198 1207 1623 1315 teknolm, St. Peters¬
565 1255 648 1320 107
932 1265 1222 1352 burg, Toronto.
866 1326 1283 1393 (Quellenangabe ohne Gewähr.)
528 1385 932 1499 Ausschnitt aus:
798 1451 1216 1549 IR FEG. 2: 12
1039 1488 1553 1586 NER CARICATUREN
543 1520 742 1606 vom:
658 1575 1545 1679 Im Deutschen Volkstheater
583 1623 1584 1731 „Marinnatten“ von Artur Schnitzler,
591 1733 1576 1816 drei Einakter, welche die gewundensten
611 1815 1586 1868 Voraussetzungen haben, Hobelspäne,
608 1864 1604 1937 welche als Nebenprodukt von Schnitzlers
595 1928 1599 2001 Arbeit gefallen sind und nicht so prerät-
611 1990 1582 2045 voll hätten aufgehoben werden müssen.
602 2043 1581 2127 Der Autor will dartun, daß wir eigentlich
605 2102 1576 2179 alle Puppen sind und keinen Grund haben,
606 2146 1597 2254 über die an Drähten gezogenen Marionetten
604 2226 1517 2309 des echten Puppentheaters zu lachen.
694 2277 1580 2363 Zugegeben, das Schnitzler Recht hat,
592 2311 1591 2412 ist noch immer kein Grund vorhanden,
609 2410 1600 2481 die zappelnden Bewegungen von Puppen
606 2457 1598 2534 durch erwachsene Künstler vorführen zu
602 2525 782 2593 lassen.
692 2571 1606 2635 Auf der Bühne müssen unter allen
613 2632 1594 2704 Umständen echte Menschen stehen und
615 2696 1594 2767 selbst in Marionetten suchen wir unsere
613 2754 1308 2830 Empfindungen hineinzulegen.
699 2797 1595 2880 Das umgekehrte zu machen, ist ein
619 2876 1595 2962 „Dreh“, der auf Sensation berechnet ist
612 2934 992 3006 und verstimmt.
690 2982 1593 3054 Schnitzler sollte den von den Vätern
608 3052 1606 3113 ererbten „Dreh“ verlieren, um ihn nicht
604 3102 1604 3179 mehr zu besitzen — sonst behält Professor
605 3163 1603 3241 Sombart Recht mit der Bekämpfung der
590 3222 949 3300 Assimilation.
1738 259 2277 357 box 22/11
2091 1456 2964 1536 , Budapest, Chicago, Cleveland, Christiania,
1873 1504 2960 1573 Gend, Kopenhagen, London, Madrid, Mailand, Minneapolls,
1862 1546 2969 1615 Bew-Fork, Paris, Rom, San Francisco, Stockholm, St. Peters¬
2259 1598 2572 1648 burg, Toronto.
2214 1633 2614 1700 (Quellemnangabe eame Geuühr.
1866 1697 2262 1780 Ausschnitt aus:
2303 1745 2369 1835 #
2281 1783 2906 1914 „Wiener Bilder
1883 1808 2394 1937 Ze
1987 1916 2830 2026 Wiener Thrakerbilder.
1966 2001 2978 2080 Deutsches Volkstheater. Ein Einakterabend von
1889 2045 2980 2146 „Arthur Schnitzler. Drei vom geistvollen Dialog des
1904 2104 2973 2187 Dichters beseelte Einfälle, die, verschieden in Art und
1895 2149 2980 2219 Wert, durchweg von hoher Kultur sind. Das erste
2549 2200 2984 2273 — der „Puppen¬
1897 2212 2507 2282 Spiel der „Marionetten“
1903 2235 2981 2327 spieler“ — ist literarisch am höchsten zu werten. Es
1897 2298 2980 2367 entrollt in retrospektiver Technik ein Lebensschicksal und
1902 2343 2972 2418 zeigt eine dämonisch überhauchte Bohemefigur, deren Ver¬
1901 2385 2988 2470 wandtschaft mit Ibsen unverkennbar ist. Ganz steifes
1899 2436 2987 2534 Marionettenspiel — auch im geistigen Sinne — ist „Der,
1905 2499 2981 2570 tapfere Cassian“, mit dem weder die Darsteller¬
1907 2545 2965 2623 (Frau Glöckner ausgenommen) noch das Publikum
1909 2602 2977 2658 etwas anzufangen wußten. Im letzten Einakter „Zum
1903 2637 2981 2725 großen Wurstel“ wird der verbindende Gedanke der
1903 2681 2992 2768 drei Spiele sichtbar: man sieht die Schnüre, an denen
1911 2743 3020 2858 die Marionetten hängen, und erst der „Unbekannte im
1911 2834 3006 2912 blauen Mantel“ zerhaut sie mit einem Schwerthieb.
1922 2872 3008 2964 Die Satire des Einakters gefiel, der ernste Schluß stieß
1923 2922 3010 3003 auf Widerspruch. Die Darsteller, allen voran die Herren
1916 2987 3037 3062 Kramer, Homma und Onno, sowie die Damen,
1922 3025 3032 3087 Glöckner und Waldow, führten die Spiele übet
2815 3070 3002 3138 A. W0
1925 3085 2689 3153 manche Fährlichkeit hinweg zum Siege.
2566 3135 2627 3222 *
