3392 4352
1253 256 1292 316 2
1741 250 2252 351 box 22/11
241 248 1587 333 17.4. MarinettekIns
978 517 1378 589 — —
1583 558 2073 661 TER LLOVE
989 603 1706 715 vom: 14 MALAZ HeLE
1031 684 2145 767 (Ne#e Bühne.) Dieses neue Theater, das (uns nicht
970 765 2142 821 nur neue Bühnenliteratur, sondern auch neue Szenenkunst ver¬
969 801 2136 864 spricht, brachte heute als Eröffnungsvorstellung, die ein von
969 842 2133 895 Fräulein Simonyi hübsch gesprochener Prolog einleitete, drei
959 883 2132 940 kleine Einakter: ein tragisch grundiertes Dramolet von Julius
966 939 2134 992 Krudy, eine ironische Komödie von Arpad Vämos und endlich
960 963 2145 1037 ein phantastisch symbolisches Puppenspiel von Arthur Schnitzler.
958 1019 2134 1070 Drei Stücke also, die, aus sehr verschiedenem künstlerischen
953 1065 2133 1115 Wollen stammend, in Stil, Schauplatz und Gefühlssphäre nichts
961 1109 2143 1167 miteinander gemein haben. Dennoch scheint es, wenn man das
967 1147 2130 1202 Theater verläßt und der eben noch frische Eindruck langsam in
965 1196 2126 1243 das Reservoir der Erinnerung hinüberzusickern heginnt, als
961 1230 2136 1285 seien diese drei Akte nur verschiedenartig und in immer anderer
961 1281 2131 1342 Tonart instrumentierte Variationen über das alte, das ewige
958 1334 2130 1388 Thema von der Schönheit, der Wonne, der sieghaften Kraft des
965 1370 2135 1431 Lebens. Bei Krudy, der im „Karpathenabenteuer“ eine Episode
958 1410 2128 1472 seines liebenswürdigen Szinbad=Buches wenig wirkungsvoll
954 1462 2129 1510 dramatisierte, klngt dieses Thema nicht ganz rein, wird stark
954 1510 2129 1563 von den Nebenmotiven der Milieuzeichnung übertönt. Und doch
954 1551 2140 1601 wollen die vorsichtig tastenden Verführungsworte, mit denen
950 1592 2136 1644 sich Szinbad, der leichtsinnig melancholische Abenteurer, dem
948 1631 2139 1707 Dorfwirtstöchterchen nähert, nichts anderes, als dessen dumpfe
957 1689 2132 1742 Sehnsucht nach dem großen, reichen, heißen Leben erwecken,
958 1741 2138 1782 von dem sie nur träumt, das ihr hier nie blühen
958 1771 2142 1824 kann. Er lockt sie mit lügnerischen Verheißungen, will sie gleich
959 1826 2136 1873 heute nachts mit sich in die Großstadt nehmen, und die arme
957 1854 2130 1916 Kleine, die nichts vor sich sieht als ein leeres, ödes Krämer¬
960 1903 2132 1966 dasein, fällt ihm willenlos in die Arme. Dann freilich zieht
956 1947 2128 1993 Szinbad bald weiter, neuen Abenteuern entgegen, und der
948 2002 2141 2050 Kleinen bleibt nichts als die bittersüße Erinnerung an eine
962 2041 2135 2095 einzige Nacht, in der sie dem „Ruf des Lebens“ folgte... Die
959 2081 2147 2146 Form dieses kleinen Dramas ist ein wenig brüchig. Gespielt
965 2123 2143 2173 wurde es von den Herren Antalffy, Czakö, Pesti und von
961 2160 2146 2225 Fräulein Nagy recht angenehm; alle aber übertraf in einer
964 2210 2130 2263 Nebenrolle Herr Gellért. — Der „Ruf des Lebens“ siegt auch über
965 2253 2131 2322 die verzweifelte Trauer der „Witwe von Ephesus“. Der Stoff ist
963 2299 2140 2362 nicht neu und Herr Vämos nicht der Erste, der ihn auf die
961 2352 2137 2400 Bretter stellte: Am Grabe ihres eben beerdigten Mannes wird
954 2389 2132 2448 die Witwe von den werbenden Worten eines Soldaten um¬
956 2435 2144 2482 schmeichelt, der hier den Leichnam eines Gehenkten zu bewachen:
968 2478 2136 2530 hat. Erst ist sie entrüstet, dann aber behält auch hier der Lebende
960 2520 2145 2580 Recht und sie sträubt sich nicht länger. Doch just im ersten
955 2566 2128 2618 Rausche ihres neuen Glückes stiehlt man die Leiche des am
957 2602 2140 2677 Galgen Baumelnden. Dem säumigen Wächter drobt sicherer
956 2648 2149 2731 Tod. Schon klingt drüben das Signal der nahenden Ablösung.
961 2699 2132 2747 Und jetzt gilt es für die Witwve, nur den Geliebten zu reiten.
962 2735 2135 2798 Was liegt nun an allem was war, da aufs neue die Liebe,
961 2790 2142 2843 das Leben lockt? Es gibt nur eine Rettung: den Leichnam des
956 2826 2132 2879 toten Gatten auszugraben und als Ersatz an den Galgen zu
959 2883 2135 2936 hängen. Der Dialog, der zu dieser für das Gesühl ebenso pein¬
955 2913 2128 2973 lichen, wie für die Vernunft überzeugenden Pointe führt, ist
954 2953 2141 3015 nicht eben, kunstvoll, gibt auch nichts vom Geiste der Zeit
954 3010 2142 3064 wieder, was wünschenswert erschiene, zeigt aber doch schrift¬
967 3047 2132 3105 stellerische Qualitäten und wurde von Herrn Pataki annehmbar,
963 3093 2133 3158 von Fräulein Markovics mitunter interessant behandelt. Die
956 3132 2137 3195 plastische Dekoration, die Ludwig Kozma entwarf, hatte Stim¬
963 3186 2128 3241 mung und Stil. Der Höhehunpt des Abends ader war in jedem
961 3221 2136 3277 Belange die Schnitzlersche Groteske vom „tapferen Cassian“.
963 3264 2130 3318 Auch hier das Grundmotiv vom Zauber und Reichtum des
961 3306 2138 3371 Lebens, das aber nur der mutig Zugreifende, der Starke, Un¬
952 3353 2128 3415 bedenkliche meistert. Cassian ist ein solcher Kerl, und kaum ist
955 3394 2133 3454 er da, schon nimmt er dem schwärmerischen, flöteblasenden
952 3442 2135 3501 Martin Weib Geld, Zukunftshoffnungen, endlich sogar das
1340 3487 2122 3548 iter der wie um das Typische und Sym¬
958 3489 1308 3560 Leben selbst. Dl
956 3533 2127 3589 bolische solchen Gescheyens zu unlerstreichen, die kleine Komödie
946 3564 2136 3639 ein „Puppenspiel“ nannte, hiemit dem Regisseur den Wink geben
953 3619 2144 3678 wollte, das Stück auch als Marionettendrama zu behandeln, ist
957 3661 2130 3727 sicherlich diskutabel. Doch der originelle Versuch war im Aus¬
953 3707 2143 3778 lande geglückt und man erneuerte ihn auch hier mit großem
957 3757 2132 3821 Erfolg, den schon die lustige, grell naive Ausstattung der
961 3794 2134 3869 Szene — von Michael Birö —, dann auch die, wie in gut¬
961 3838 2140 3907 geölten Scharnieren verbeihaspelnde und zappelnde Darstellung
961 3889 2140 3953 der Frau D.=Hußär und der Herren Harsänyi und Pethö red¬
961 3929 2136 3981 lich verdiente. Es wa im ganzen ein anregender Abend, der
963 3976 2131 4031 für, 5i „Zukunft der jungen Bühne Erfreuliches hoffen läßt, und
960 4022 2151 4092 des dichtgefüllte Haus gab seiner Befriedigung oft lauten
961 4056 1317 4142 Ausdruck. *##
1040 4107 1094 4156 70
