3436 4352
232 230 1601 336 17.4. Manionetten zukIus
878 1867 1511 1969 ## Scicago, Cloveland, Caristlant.
458 1913 1441 1999 Ropenhagen, London, Madrid, Mailand, Minneage
401 1956 1505 2036 New-York, Paris, Rom, San Francisco, Stockholm, St. P###ss¬
809 2014 1104 2074 burg, Toronto.
752 2050 1147 2133 (Quellenangabe ohne Gewähr.)
394 2087 794 2184 Ausschnitt aus:
675 2176 1633 2265 Wiener-Hanfrauen Zeitung, Wien.
824 2225 1036 2295 FEAAI
417 2223 484 2308 2
742 2317 1453 2405 Kleine Theaterplaudereien.
1238 2374 1777 2465 Wien, 15. Februar 1912.
479 2449 1807 2517 „Marionetten“ laute der Sammeltitel der drei Novitäten Artur
369 2498 1804 2578 Schuitlers, die im Volkstheater in Szene gingen. Und in allen diesen
363 2562 1793 2627 drei Stücken, „Püppenspieler“, „Der tapfere Cassian“ und „Zum großen
368 2608 1790 2667 Wurstel“ ist der Weisheit letzter Schluß: die Menschen sind Puppen,
357 2657 1806 2716 die wie diese an Drähten hängen und Schicksal zu spielen, ist eine recht
362 2713 1791 2777 gewagte Sache. Speziell in „Puppenspieler“ ist dem Autor der Beweis
362 2755 1806 2819 hiefür sehr gut gelungen. Hier finden wir Georg Merklin, einen ab
371 2806 1797 2860 sonderlichen Menschen, der einst auch die Vorsehung spielen wollte und
360 2858 1794 2922 dem Oberspieler Eduard Jagisch eine reizende Blondine beigesellte, um
359 2905 1795 2970 dessen Selbstbewußtsein zu kräftigen. Nun nach Jahren sehen sich die
354 2949 1812 3028 beiden Männer wieder; jene Blondine, die dazumal den Puppenspieler
357 3000 1808 3068 Merklin geliebt, ist Jagisch' Frau geworden, während Marklins Frau
362 3059 1793 3115 diesen verlassen hat und sein Kind gestorben ist. Ein müder Puppen¬
360 3086 1808 3175 spieler, mit sich und der Welt unzufrieden, lebt er jetzt dahin, während
367 3162 1797 3217 seine Puppen vergnügt und zufrieden sind. Diese „Studie“, wie Schnitzler
354 3199 1801 3257 das Werk nennt, ist vorzüglich gezeichnet und fand auch eine ebenso gute
349 3251 1803 3316 Darstellung; Kramer, Onno und Fräulein von Wagner boten ihr Bestes,
361 3289 1824 3374 um den Intentionen des Dichters gerecht zu werden. — „Der tapfere
1669 228 2243 331 box 22/11
1830 1555 3277 1622 Cassian“ ist der Landsknecht, welcher mit festem Griff seinem Vetter Gold,
1830 1603 3276 1668 Braut und dann auch die Geliebte wegnimmt und im dritten Stücke
1840 1655 3267 1718 „Zum großen Wurstel“ zeigt der Direktor des Wursteltheaters daß das
1832 1707 3268 1771 Leben ein Theater sei, und daß das Abbild des Lebens, die Bühne, auch
1827 1756 3274 1820 nur ein trauriger Spaß ist, wo, wenn man näher zusieht, gar bald die
1834 1804 3276 1867 Drähte sichtbar werden. Der Dichter macht sich hier über alle lustig:
1826 1850 3273 1915 über die Kritik, das Publikum, den Direktor und über sich selbst und da
1821 1900 3279 1965 dies in feinsinniger Weise geschieht, ist auch diesem Werke ein herzlicher
1828 1956 3277 2021 Erfolg beschieden gewesen. Frau Glöckner und Herr Homma im zweiten
1840 1998 3278 2080 Stück, die Damen Galafres und Waldner im dritten Werke, sie alle
1828 2053 2719 2127 mußten wiederholt für den Beifall danken.
1925 2095 3273 2166 An der Josefstädter Bühne ist ein lustiger englischer Schwank „Mein
1826 2150 3273 2211 Baby“ von Margaret Mago, zum erstenmal aufgeführt worden Hier
1827 2200 3285 2261 verdächtigt Alfred seine junge Frau Kitty eines höchst harmlosen Be¬
1834 2249 3263 2312 truges und würde sich der Gatte nur durch ein — Baby versöhnen lassen.
1825 2304 3263 2356 So läßt sich denn Kitty ein solches von einem Säuglingsheim ver¬
1828 2344 3266 2411 schreiben und überrascht damit den Ehemann. Aber plötzlich sind im
1836 2403 3271 2459 Gefolge der Schwank=Mißverständnisse gleich drei Babies da, bis sich
1845 2447 3276 2512 schließlich natürlich alles in Wohlgefallen auflöst. Der Schwank von
1825 2511 3272 2570 Maran, Schroth und den Damen Clemens und Rona sehr flott gespielt,
1838 2548 2677 2611 errang einen ehrlichen Heiterkeitserfolg.
1924 2592 3268 2660 Zum Schlusse muß noch des Ablebens des Hofschauspielers Konrad
1833 2640 3264 2699 Löwe gedacht werden, an dem das Burgtheater einen vornehmen
1825 2698 3263 2759 Künstler verliert. Am 6. Februar 1856 geboren, studierte er an der Wiener
1828 2735 3277 2796 Universität und entschloß sich 1877 zur Bühnenlaufbahn. Nachdem er
1827 2803 3265 2862 in Brünn, Teplitz und Olmütz gewirkt, wurde er 1881 nach Berlin
1833 2842 3274 2904 engagiert und trat 1888 in den Verband des Burgtheaters, dem er mit
1828 2897 3265 2951 einer Unterbrechung von vier Jahren, die er im Deutschen Volkstheater
1830 2947 3265 3006 verbrachte, seither angehörte. Löwe ist hauptsächlich als Charakterdar¬
1822 2976 3269 3055 steller und Heldenvater beschäftigt gewesen, verschmähte auch nicht die
1834 3041 3265 3102 kleinste Rolle und ist zum letztenmal bei der Novität „Die fünf Frank¬
1836 3089 3272 3155 furter“ aufgetreten. Ein Herzschlag hat nun seinem Leben ein Ende ge¬
1828 3151 3270 3206 macht und wenn er auch nicht zu den Großen der Burgtheatergilde ge¬
1824 3184 3261 3263 hörte, so wird diese Bühne dennoch dem bescheidenen Manne, der seinen
1838 3235 3250 3306 Platz jederzeit voll und ganz ausfüllte, ein ehrendes Andenken bewahren
3137 3299 3217 3370 it.
