3436 4320
1515 112 2286 191 en
1497 179 2540 224 mich über die beiden ersten Stücke das Buches kurz
1495 219 2546 271 lfassen. „Der Puppenspieler“ ist das Drama eines
1485 248 2541 305 verkommenen Poeten der das Versiegen seines Genies
1493 301 2544 351 vor sich selber bemäntelt, indem er von dem Kunst¬
1485 339 2548 398 werk in der eignen reichen Seele redet, von der inneren
1507 379 2537 430 Freiheit, die nicht vergendet werden darf um des
1508 419 2548 468 leeren Ruhmbegriffes willen. Georg Merklin betritt
1493 451 2536 508 das Haus eines Paares, das er einst selber als
1496 498 2541 548 Schachfiguren seiner Lanne zusammengekoppelt hat,
1493 545 2554 601 und ahnt nicht, daß jene nun wahrhaft leben und sein
1493 582 1999 653 Scheinwesen bemitleiden.
1544 602 2538 679 Das zopfig groteske Puppenspiel „Der tapfere
1490 661 2535 713 Cassian“ varüert die erste Studie. Um eine Gleichung
1493 708 2544 774 aus Schnitzlers Werken aufzustellen, so verhält sich
1483 743 2552 805 der „tapfere Cassian“ zum „Puppenspieler“ wie der
1503 779 2543 844 „Reigen“ zum „Anatol“. Das Grundthema ist ge¬
1489 819 2553 889 blieben: der Held meint Marionettenlenker zu sein
1499 871 2549 925 und ist Marionette. Doch ist hier alles derbkomisch
1491 904 2550 963 herausgearbeitet. Aus ernst genommenen Charakteren
1502 936 2550 1004 sind ironisch gemeinte Typen geworden. Der schwäch¬
1497 996 2548 1053 liche Flötist Martin als betrogener Betrüger, die
1495 1032 2549 1088 wankelmütige Sophie, die eben noch ein Spielzeug
1504 1077 2544 1127 des treulosen Geliebten ist, und gleich darauf dem
1489 1120 2540 1169 Imuskulösen und großmäuligen tapferen Cassian an
1499 1154 2547 1210 den Hals springt, nachdem er ihren Martin erstochen.
1544 1197 2543 1253 Das eigentliche Sündenbekenntnis, von dem ich
1507 1232 2540 1284 sprach, tut Schnitzler in der Burleske, die den Be¬
1504 1270 2537 1328 schluß macht, in dem Einakter „Zum großen Wurstel“.
1499 1321 2542 1365 Der Dichter hält fürchterliche Musterung unter seinen
1510 1361 2540 1411 eigenen Gestalten, freilich auch unter seinen lieben
1500 1394 2551 1455 Mitmenschen. Marionettenvolk alles, was sich da im
1501 1445 2536 1497 Wurstelprater zusammendrängt. Dichter, Schauspiel¬
1508 1486 2551 1538 direktor und Publikum nicht minder, als die Puppen
1492 1522 2540 1568 auf der kleinen Bühne. Der „Bissige", der „Wohl¬
1501 1565 2541 1621 wollende“ der „Naive“, der „Bürgersmann“ und die
1773 1596 2547 1663 sie sind alle auf ihr Sprüchlein geaicht
1512 1590 1718 1660 „Madeln“
1495 1642 2543 1696 der Direktor sucht auf seine Kosten zu kommen, und
1496 1684 2559 1736 der arme Dichtersmann muß seine Puppen vor solchen
1503 1728 2004 1784 „Bestien“ agieren lassen.
2030 1720 2552 1783 Diese Puppen sind dem
1504 1774 2552 1837 Publikum Schnitzlers durchaus nicht unbekannt. Da
1511 1811 1784 1869 ist die Liesl:
1717 1828 2123 1902 I bin halt no ledig,
1718 1857 2310 1939 Und in Wien spielt die G'schicht,
1718 1925 2312 1989 So heißen s' mich süßes Mädel,
1709 1952 2220 2023 Ob is süast bin oder nicht.
1492 1982 1880 2061 Und die Herzogin:
1712 2022 2152 2090 Mir is einer zu wenig,
1719 2067 2272 2119 Ganz besonders mein Mann,
1713 2097 2299 2164 So sagen s', is bin dämonisch,
1713 2142 2235 2207 Hab' noch keinem was 'tan.
1558 2167 2539 2235 Und wie nun der „Held“, der „Raisonneur“ der
1504 2223 2552 2280 „Heitere“ der „Ernste“, der „Bräutigam“, der „düstere
1500 2273 2535 2338 Kanzelist“ hinzukommen und sich selbst charakterisieren;
1500 2296 2553 2368 und wie sich die Handlung entwickelt — „so mach'
1497 2355 2543 2414 doch endlich aus mir, was ich will!“ sagt die Herzogin
1504 2395 2552 2458 zum zögernden Helden, und der Herzog erklärt: „Aus
1502 2438 2558 2496 jeder Karte schieß ich das Aß!“ und dem Liesl
1506 2462 2549 2529 „wird schlecht", als es den Herzog sieht, und der
1503 2517 2539 2581 Bräutigam ist „von Brackenburg ein Vetter“ da Held
1500 2540 2538 2607 und Herzog mit dem Liesl fertig sind, nur der Rai¬
1497 2590 2497 2653 sonneur ist weiser als ein sophokleischer Chor, und -
1510 2630 2543 2683 und —— aus der „Liebelei“ aus der „Beatrice“
1508 2678 2556 2740 dem „Ruf des Lebens“, aus allem Guten und Bösen,
1505 2723 2541 2773 was Schnitzler geschrieben, scheinen da plötzlich die
1511 2752 2546 2817 Gestalten vor uns zu stehen, doch ihrer menschlichen
1513 2794 2541 2857 Freiheit beraubt, an Drähten hängend, zu Marionetten
1513 2851 2535 2906 geworden. Es ist ein grauenvolles und geniales
1511 2895 2536 2939 Strafgericht, das der Dichter über sich selber abhält.
1503 2928 2544 2990 Doch will ich nur offen gestehen, daß ich mir über den
1502 2967 2543 3024 Schluß des prächtigen Wirrwars vergeblich den Kopf
1507 3018 2547 3070 zerbrochen habe. Es ist ein großer Lärm entstanden:
1498 3051 2543 3103 das Publikum johlt und pfeift, die Marionetten ge¬
1509 3090 2547 3149 horchen ihrem verzweifelten Dichter nicht mehr, Gestal¬
1499 3127 2537 3184 ten aus anderen Stücken, „Der Graf von Charolais“
1510 3173 2540 3222 und der „Meister“, haben sich unter sie gewagt, der
1505 3207 2548 3264 würdige Tod hat die Maske fallen lassen und ist zum
1970 3257 2540 3316 da, im chaotischsten Augen¬
1520 3255 1916 3319 „Wurstel“ geworden
1505 3297 2556 3353 blick, erscheint ein wunderbarer Mann mit blauem
1508 3329 2544 3388 Mantel und bloßem Schwert. Er zerhaut die Drähte,
1497 3378 2545 3427 und die Marionetten fallen zu Boden, „er fährt mit
1491 3409 2545 3473 Adem Schwert über die ganze Bühne, und alle Men¬
1501 3454 2552 3499 Ischen sinken zusammen“, er läßt auch den Dichter
1509 3498 2550 3549 sinken und droht schließlich den Leuten im Parkett, die
1190 3498 1427 3599 F 4
1620 3545 2540 3591 in „höchst fragevoller Wirklichkeit sich brüsten.“
1485 3533 1631 3598 dort
724 3538 1282 3629 Vier und dor.
1501 3578 2555 3641 Wer ist der Unbekannte“, dem solche Macht gegeben,
520 3597 1507 3666 Die „Marionetten“ kehren heute wieder bei
1522 3621 2555 3690 Schein und Wesen zu unterscheiden? Er sagt, er wisse
477 3660 1507 3709 uns ein, mit ihnen SchMarionetten. Im
1525 3662 1823 3729 es selber nicht:
1533 3686 2522 3768 Bin ich ein Gott? .. ein Narr?: bin enresgleichen?
477 3694 1521 3754 Verzeichnis des Fischerschen=Beklages sind Schnitzlers
1538 3723 2329 3791 Bin ich ich selber — oder nur ein Zeichen?
477 3737 1518 3807 Werke so angeordnet, daß die „Marionetten“ nach
1568 3752 2554 3824 Also überläßt es Schnitzler seinen Lesern oder
470 3770 1521 3840 dem „Ruf des Lebens“ kommen. Ich wünschte
1514 3810 2559 3879 Hörern das Schlußrätsel zu lösen. Was aber kann
477 3820 1521 3879 daraus mit Gewißheit folgern zu können, die kleine
1519 3858 2549 3912 allein Mensch und Puppe unterscheiden, was jede
478 3853 1529 3913 Trilogie sei nach dieser höchst beweinenswerten
932 3890 2548 3944 gleichsam als bußfertiges Mask zertrümmern, wenn nicht eine starke Leiden¬
475 3897 943 3966 Tragödie entstanden,
485 3939 2566 4009 Sündenbekenntnis. Nun, ich weiß nicht, welches  schaft, eine einheitlich fanatische Leidenschaft? Ich
