3436 4320
1751 262 2285 348 box 22/10
263 228 1624 365 17.4 Marionetten Zyklus
1129 1290 1757 1359 nachstehende Einzelheiten tele¬
1752 1295 2449 1365 mit der Gräfin Margarete Kanitz
837 1328 1752 1396 graphiert: Zur gestrigen Frühstückstafel bei
1757 1344 2457 1389 Ehe vermählt. Nun hat ihn wenig
2673 1428 2784 1480 nur
1766 1429 2669 1477 dieses großen Unbekannten erhellt sich die Bühne
2676 1457 2791 1520 The
1771 1468 2674 1519 wieder, das Publikum, die Marionetten und der
956 1437 1658 1541 Theater und Mulik.
1772 1507 2668 1553 Dichter erheben sich, der Direktor will noch ein¬
2684 1508 2798 1559 schle
898 1530 984 1587 *
978 1533 1761 1594 Eine neue Burleske von Artur
2678 1543 2789 1592 um
1761 1542 2661 1595 mal, wie im Anfang, ankündigen, was bei ihm
842 1570 1752 1636 Schnitzler, dem Verfasser der „Liebelei“ ist im
1764 1582 2665 1630 zu schauen ist, da fällt unter ungeheurem Lärm
2672 1582 2796 1633 diese
842 1604 1747 1664 Druck erschienen. Das einaktige, tolle Stück, in
1759 1629 2581 1682 der Vorhang, und die Burleske ist zu Ende.
2671 1621 2798 1675 hebe
835 1648 1754 1714 dem es etwas gar zu kunterbunt zugeht, nennt
2669 1659 2803 1717 heut
1823 1658 2671 1720 J. K. Berliner Theater. In der Hitze des
837 1700 1762 1754 sich: „Zum großen Wurstel“. Im großen Wurstel¬
1768 1709 2671 1764 Feiertags=Gelechtes ist meine Besprechung über die
829 1732 1751 1782 prater ist ein Marionettentheater, genannt „Zum
2681 1730 2803 1790 Soir
1770 1750 2666 1803 Erstaufführung des Zobeltitzschen Schauspiels:
838 1774 1758 1821 großen Wurstel“ aufgestellt, und Schnitzler läßt
2682 1776 2784 1828 fall
1765 1781 2666 1839 „Die eiserne Krone“ bei der beschleunigten
834 1817 1751 1865 nun von den Marionetten ein Stück mit einer
2671 1807 2799 1867 Kein
1768 1832 2671 1882 Herstellung der Dienstag=Nummer mit all den
844 1847 1058 1902 Handlung,
1073 1854 1753 1893 so verworren und konfuse, wie nur
2680 1857 2808 1909 bunte
1776 1866 2674 1916 lieblichen Entstellungen veröffentlicht worden, die
833 1892 1753 1945 irgend möglich, tragieren, um sich durch eingestreute
2675 1892 2812 1952 Autor
1766 1903 2672 1949 der anscheinend in besonderer Festtagsstimmung
843 1932 1751 1983 Bemerkungen über Kunst, Künstler, Publikum,
2675 1934 2791 1985 kraß
1767 1942 2665 1990 befindliche Druckfehlerkobold ihr zugefügt. Was er
836 1960 1746 2019 Autoren und Theaterdirektoren weidlich lustig zu
2684 1974 2811 2020 Helen
1773 1987 2674 2032 meinen Ausführungen über das Stück an kleinen
838 2010 1752 2056 machen. Da ist zunächst der Direktor, der nur an das
2673 2012 2811 2069 Gahr
1762 2015 2672 2068 Sinnentstellungen angetan, mag der Vergessenheit
837 2049 1757 2095 Materielle denkt. Eine Stimme aus dem Publi¬
2671 2046 2810 2100 nicht
1770 2059 2666 2106 anheimfallen, daß er indessen im Darstellungsbericht
842 2086 1757 2139 kum, den Bissigen nennt ihn Schnitzler, meint:
2679 2090 2823 2138 Mölle
1766 2102 2671 2148 aus Frau Hruby eine Frau Gruby, aus Herrn
834 2129 1752 2185 „Ich kenn' ihn ... früher war er Hutschen¬
2679 2122 2814 2180 Sense
1765 2143 2670 2196 L'Allemand einen Herrn Ahamend, aus Herrn
845 2162 1107 2215 schleuderer
1173 2157 1760 2222 heutzutage wird schon jeder
2670 2163 2814 2232 auma
1766 2182 2662 2220 Chony einen Herrn Charig gemacht, unsern
842 2186 1757 2258 Theaterdirektor.“ Der Dichter will künstlerisch
2672 2210 2797 2272 nicht
1771 2216 2669 2267 kernigen Pittschau aber gar in einen zierlichen
842 2243 1756 2300 wirken, er ist entsetzt, als er sieht, daß das Publi¬
2672 2247 2777 2295 und
1754 2254 2669 2310 Herrn „Bittschön“ verwandelt hat, das darf denn
840 2275 1758 2328 kum im Theater ißt. Doch der schlaue Theater¬
1752 2302 2668 2359 doch im Interesse dieser so willkürlich umgetauften
832 2321 1759 2366 direktor erklärt ihm: „Wenn sie hungrig wären,
2676 2318 2801 2380 einig
1763 2329 2448 2387 Darsteller nicht unberichtigt bleiben!
840 2358 1757 2413 möchten sie erst recht nicht zuhören!" Das
2665 2365 2804 2415 Laut
1822 2370 2670 2434 *t Neues Königl. Operntheater (Kroll).
840 2395 1748 2459 Publikum, das sich aus dem Bissigen, dem Wohl¬
2677 2403 2799 2454 zischt
1758 2424 2664 2474 Direktor Heinrich Zeller hat den ersten Tenor des
847 2433 1753 2487 wollenden, dem Naiven, dem Skandalmacher,
2682 2443 2785 2488 verse
1757 2457 2665 2513 Theaters an der Wien Theodor Jäger für die
840 2480 1748 2523 den Bürgern und ihren Frauen zusammen¬
2685 2481 2786 2531 Viel
1764 2504 2669 2537 Sommerspielzeit im Neuen Königl. Operntheater
848 2525 1756 2573 setzt, geht auf die Intentionen des Dichters
1754 2536 2673 2584 (Kroll) gewonnen. Der Künster wird in der Rolle
836 2557 1743 2607 nicht ein, es wird unruhig, der Lärm
1757 2575 2663 2643 des Prinzen in der Operette „Jung Heidelberg“
830 2599 1743 2647 beginnt. Der Dichter muß in aller Eile ändern,
2676 2590 2786 2648 Der
1762 2620 2484 2665 am 1. Mai zum ersten Male auftreten.
835 2633 1752 2685 streichen und grob=materielle Dinge wie Ring¬
2665 2635 2786 2696 von
1813 2656 2675 2711 *t Im Kleinen Theater wird Ibsens „Ros¬
832 2670 1751 2717 kämpfer hineinbringen, die gar nicht hinein¬
2681 2675 2785 2726 daß
1754 2705 2667 2760 mersholm“ am Freitag zum ersten Male auf¬
840 2708 1750 2759 gehören; aber der befriedigende Schluß fehlt, und
2673 2713 2779 2776 dier
1758 2740 2668 2795 geführt. Die Hauptrollen spielen die Herren
831 2751 1745 2806 der Lärm beginnt von neuem. Direktor und Dichter
1754 2784 2673 2830 Wüllner, Winterstein, Pagay, Leopold und die
831 2786 1746 2844 geraten aneinander, die Marionetten selbst kommen
2672 2771 2773 2847 dies
1760 2818 2666 2864 Damen Durieux und Gabri. Die Regie führt
841 2831 1749 2876 aus den Kulissen hervor und machen dem Dichter
2680 2828 2776 2879 Pre¬
1758 2857 2663 2911 Richard Vallentin. Die Vorstellung beginnt um
832 2864 1752 2917 Vorwürfe. Um dieses Tohuwabohn auf der Bühne
2668 2868 2779 2919 ster
1750 2898 1902 2952 8 Uhr.
834 2908 1747 2955 des M rionettentheaters vollends auf den Höhe¬
2672 2910 2778 2955 brit
1810 2913 2661 2987 — Bei den Schillerfestspielen in Schwerin,
833 2946 1743 2997 punkt zu bringen, läßt Schnitzler plötzlich den
2667 2947 2771 3002 (Pr.
1750 2957 2667 3022 die, wie wir bereits mitteilten, unter Mitwirkung
834 2990 1749 3033 Grafen v. Charolais auftreten und wieder ver¬
2659 2990 2767 3045 „D
1766 3017 2671 3068 bekannter Berliner Künstler stattfinden, wird Ober¬
833 3024 1748 3067 schwinden, nachdem er ein paar mystische Verse
2666 3030 2769 3071 die
1759 3051 2662 3108 regisseur Max Grube den Muley Hassan im
832 3054 1747 3108 deklamiert. Zum Schluß tritt ein Unbekannter
2667 3058 2773 3113 (M
1756 3103 2666 3159 „Fiesco“ und Max Pohl den Franz Moor in den
837 3105 1752 3141 im blauen Mantel mit dem blanken Schwert
2670 3099 2783 3153 lon
1760 3129 2134 3192 „Räubern“ spielen.
836 3138 1758 3186 in der Hand auf. Er schwingt das Schwert, die
840 3177 1750 3224 Marionetten sinken zusammen, alle Lichter verlöschen,
2663 3166 2759 3229 T
1804 3165 2650 3245 *t Sommerpreise im Lustspielhaus. Das
2678 3221 2769 3274 Be
826 3219 1746 3278 alle Menschen sinken zusammen, und auch der
1757 3208 2662 3277 Lustspielhaus zählt zu den teuersten Theatern
823 3254 2761 3323 Dichter stürzt entseelt hin. Nach dem Abtreten] Berlins, da von den billigsten Plätzen zu 3 M. in
