3436 4352
269 238 1704 332 17.4. Marionetten zukius
1167 724 1554 811 Telephon 12.80
622 809 1377 970 „OBSERVER
492 933 1574 1030 I. österr. beh. konz. Unternehmen. für Zeitu ge¬
681 1008 1363 1068 Ausschnitte und Bibliographie.
640 1067 1416 1151 Wien, I., Conoordiaplatz 4.
868 1125 1206 1192 Vertretungen
475 1170 1579 1233 ie Bertin, Brüssel, Budapest, Chicago, Cleveland, Christiania,
550 1229 1575 1274 , Kopenhagen, London, Madrid, Mailand, Minneapolts,
484 1264 1571 1312 New-York, Paris, Rom, San Francisco, Stockholm, St. Peters¬
878 1299 1188 1352 burg, Toronto.
825 1335 1239 1400 (Qnellenangabn ohns Gewähr.)
479 1387 886 1480 Ausschnitt aus:
568 1449 1725 1539 11 FEs i5 vossische Zeitung, Berl
604 1529 646 1573 4
884 1612 995 1647 —
463 1645 1633 1699 Drei Einakter Arthur Schnitzlers unter dem Sammelnamen
443 1679 1629 1730 „Marionetten“ brachten gestern— Wie uns aus Wien gedrahtet
440 1725 1629 1766 wird — dem vielgerufenen Verfasser neue Beweise besonderer Be¬
431 1751 1626 1800 liebtheit bei den engsten Landsleuten, übten gleichwohl keine tiefere
435 1793 1634 1841 Wirkung. Am ehrlichsten gefiel die aus einem früheren Gastspiel
442 1830 1622 1885 Bassermanns bekannte Charaktertragödie „Der Puppenspieler“
434 1855 1634 1919 weniger sprach die Selbstparodie Schnitzlerscher Motive im
430 1923 1636 1965 Marionettenstück „Der tapfere Cassian“ an, und ganz unver¬
443 1940 1632 2018 standen blieb die Praterburleske „Zum großen Wurstel“, in die
440 1989 1212 2062 Schnitzler zu viel hineingeheimnissen wollte.
1174 2532 1578 2622 Telephon 12.801.
617 2672 1381 2770 „ODSLNEN
465 2758 1559 2830 I. Geisrr. beh. konz. Unternehmen für Zeitunge¬
673 2805 1352 2863 Ausschnitte und Bibliographie.
648 2865 1412 2939 Wien, I., Conoordiaplatz 4.
876 2923 1177 2995 Vertretungen
469 2973 1574 3033 in Bertin, Brüssel, Budapest, Chioago, Cleveland, Christiania,
526 3020 1565 3073 enf, Kopenhagen, London, Madrid, Matland, Minneapolie,
469 3069 1575 3122 Hes-Vork, Paris, Rom, San Francisco, Stockholm, St. Peters¬
878 3099 1176 3149 burg, Toronte.
810 3134 1220 3195 (Quellenangabe ehme Gewfar.
924 3175 1397 3286 Der Tag, Berli
465 3192 926 3273 Ausschnitt aus:
625 3271 996 3356 14 FE3 16/2
467 3328 643 3422 7881
677 3412 1513 3478 + Arthur Schnitzlers Einakterzyklus
615 3433 1517 3510 „Marionetten“, der bereits bekannt ist, wurde,
605 3473 1512 3559 wie ein Telegramm unseres hl.=Kor¬
603 3511 1509 3595 respondenten meldet, gestern im Deutschen
602 3543 1503 3632 Volkstheater zu Wien aufgeführt. Der Dichter
605 3602 1499 3674 war nicht gut beraten, als er sich verleiten ließ,
602 3631 1511 3708 diese artistischen Spielereien einer müden Laune
606 3668 1500 3748 auf die Beine zu bringen. Trotz mancher ge¬
612 3710 1511 3779 lungenen szenischen Zusätze und vergeblicher An¬
605 3751 1507 3816 strengungen der Darsteller, dem Stück zu einem
602 3791 1508 3869 Erfolge zu verhelfen, wurde nur ein Achtungs¬
607 3818 1501 3906 erfolg bei den Anhängern Schnitzlers erzielt, der
607 3867 1507 3938 aber von der Opposition der Unbefangenen gestört
604 3912 1503 3988 wurde. Schnitzler dankte nach jedem der Stücke.
1766 248 2277 343 box 22/11
2828 607 3258 714 Telephon 12.801.
2293 697 3032 858 „OBSERVER
2150 832 3223 912 I. österr. beh. konz. Unternehmen für Zeitungs¬
2358 890 3021 952 Ausschnitte und Bibliographie.
2311 933 3091 1015 Wien, I., Concordiaplatz 4.
2533 998 2886 1072 Vertretungen
2145 1040 3235 1121 in Berlin, Brüssel, Budapest, Chicago, Cleveland, Christianis,
2157 1106 3232 1150 Geuf, Kopenhagen, London, Madrid, Mailand, Minneapolls,
2153 1144 3229 1202 New-York, Paris, Rom, San Francisco, Stockholm, St. Peters¬
2536 1179 2853 1231 burg, Toronto.
2494 1217 2909 1258 Quellenangabe ohns Gewühr.
2143 1252 3157 1349 Ausschnitt aMIENER ZEITUNG
2279 1331 2548 1450 I1. F8S
2140 1387 2301 1447 vom:
2527 1404 2770 1500 —
2363 1552 2847 1634 Theater und Kunst.
2126 1612 3163 1689 (Deutsches. Volkstheater.) Unter dem
2068 1680 3139 1761 zusammenfassenden Titel „Markonekten“ gingen
2075 1734 3132 1796 heute die drei Einakter Schnitzlers: „Der
2075 1769 3124 1852 Puppenspieler“, „Derskäpfere Kassinn¬
2081 1827 3144 1891 und „Zum großen Wurstel", die bereits in
2080 1874 3139 1947 Wien eine Aufführung erfahren haben, in Szene. Der
2076 1919 3149 1992 Dichter bietet auch in diesen kleinen, mit gewohnter
2083 1974 3155 2040 meisterlicher Technik ausgeführten Werkchen Bariationen
2096 2022 3152 2100 über ein Motiv, das er so gerne behandelt: über den
2087 2077 3140 2170 täuschenden Schein, in dem er, der Mensch, einher¬
2087 2100 3148 2210 wandelt, dessen er nie ledig wird, den er vielleicht zu
2093 2171 3129 2243 einem winzigen Glücke nötig hat. „Der Puppenspieler“
2093 2204 3156 2300 schien durch seine umständliche Exposition anfangs zu
2102 2282 3157 2342 ermüden, doch siegte später die höchst ansehnliche schau¬
2093 2335 3152 2388 spielerische Leistung des Herrn Kramer. „Der
2089 2372 3155 2460 tapfere Kassian" und „Zum großen Wurstel“ hatten
2099 2423 3151 2501 starken, wenn auch bekämpften Beifall. Wir kommen
2093 2472 3146 2569 auf die interessante Aufführung ausführlicher zurück.
2911 2524 3137 2587 F. Zw.
2677 2666 3067 2774 Telephon 12.80L.
2151 2822 2893 2933 „ODSENTEN
1978 2906 3078 2998 I. österr. beh. konz. Unternehmen für Zeitungs¬
2192 2955 2868 3017 Ausschnitte und Bibliographie.
2176 3008 2932 3097 Wien, I., Conoordiaplatz 4.
2391 3087 2719 3152 Vertretungen
2002 3129 3087 3196 in Berlin, Brüssel, Budapest, Chicago, Cleveland, Christiania,
2004 3169 3095 3228 Genf, Kopenhagen, London, Madrid, Mailand, Minneapesta,
1999 3208 3093 3283 Rew-Vork, Paris, Rom, San Francisco, Stockholm, St. Petese¬
2403 3254 2696 3310 burg, Toronto.
2350 3290 2741 3352 (Osallenangabe ohne Gewäkr.)
1992 3290 3196 3433 Ausschnitt aus:Berliner Bersen Courier, Borlin
2553 3384 3004 3487 Morgenausgabe
2001 3449 2710 3536 vom: 11. FEBHUN 1912
2122 3521 3105 3622 Das Deutsche Volkstheater in Wien führte
2095 3556 3113 3672 sgestern Arthur Schnitzlers Einakter „Puppen=7
2091 3609 3109 3714 sspieler“, „Der kpn“ und „Zum
2101 3661 3106 3752 großen Wurstel“ unter dem Kollektivtitet
2086 3708 3101 3786 „Marionetten“ mit ungleicher Wirkung auf. Der
2094 3746 3117 3828 „Puppenspieler“ fesselte eindringlich, von Kramer,
2090 3783 3108 3859 [Anno und Fräulein Wagner prächtig heraus¬
2098 3816 3109 3907 gearbeitet. Schnitzler wurde wiederholt lebhaft ges
2093 3876 3131 3940 rufen. „Cassian“ im Puppenstil dargestellt, verfehlte
2093 3908 3119 3989 die Wirkung und wurde teilweise abgelehnt. Die
2093 3945 3124 4036 Wurstel=Komödie anscheinend von der Mehrheit des
2100 3984 3123 4063 Publikums nicht vollständig erfaßt, weckte einerseits
2105 4019 3125 4109 Beifall, andererseits Opposition. Gleichwohl wurde
2102 4083 2666 4159 Schnitzler wiederholt gerufen.
2564 4130 2626 4163 —
