3436 4352
1758 239 2256 333 box 22/11
242 240 1606 345 17.4. Marionetten— Zuklus
2602 312 3024 397 Extrablatt
1988 321 2300 437 Träisl:
2545 371 2707 464 Wien,
1774 399 1957 460 vom:
2001 380 2835 562 une Mealergeoetnieh.
2257 556 2437 650 2ez.
1822 646 2792 756 7“ Der Skandalmacher im Parkett.
1989 708 2888 794 In Aetur Schnitzlers Groteske „Zum großen
1847 765 2879 825 Wurstel", die jetzt im Deutschen Volkstheater
1878 817 2885 867 gespielt wird, kommt bekanntlich Theater im Theater
1884 844 2873 910 vor. Ein altbewährtes Mittel, um treffsichere Wirkungen
1882 893 2886 958 auszulösen, um richtiggehende Spannung hervorzurufen
1862 928 2876 997 nd nach Bedarf festzuhalten. Nach der szenischen An¬
1870 980 2874 1028 ordnung Schnitzlers hat „ein Herr“ — die Episode
1873 1021 2876 1092 erfordert einen verläßlichen Darsteller, der im Volks¬
1878 1063 2872 1124 theäter bei Max Höller vortrefflich aufgehoben ist —
1880 1095 2871 1157 im Zuschauerraume einen Parkettsitz zu okkupieren und
1878 1140 2884 1215 den Vorgängen auf der Bühne zuerst in aller Ruhe, dann
1874 1191 2885 1255 mit nervöser Aufgeregtheit zu folgen. Der „Herr“ muß gut
1870 1233 2876 1292 gekleidet sein; aus dem Zustande intensiver Anteilnahme
1872 1274 2878 1337 langsam herauskommen, Opposition markieren und
1875 1305 2883 1382 schließlich hochgradige Aufregung vortäuschen, die ihm
1864 1361 2880 1419 die Worte auf die Lippen drängt: „So ein Unsinn!
1874 1402 2873 1456 Schwindel!“ Bei der letzten Reprise des geistreichen
1879 1431 2881 1516 Einakters saß wieder Herr Höller im Parkett und
1873 1481 2870 1550 spielte seine Rolle. Zwei Nachbarn, die keine Ahnung
1864 1532 2875 1595 besaßen, daß hinter dem spektakulösen Benehmen
1874 1561 2875 1632 Gaukelei stecke, daß sie es mit einem Schauspieler zu
1865 1606 2878 1671 tun hatten, der dem höheren Willen des Dichters
1874 1659 2877 1731 gehorcht, nahmen Anstoß an dem Gehaben Höllers
1874 1696 2882 1770 und remonstrierten dagegen. Im Anfang leise ab¬
1872 1734 2881 1808 wehrend — später energisch zur Ordnung mahnend:
1878 1792 2875 1851 „Werden Sie endlich still sein!“ kommandierte
1876 1839 2872 1894 ein brillenbewaffneter Mann. „So eine Rücksichts¬
1438 1846 1685 1921 Teliphon III.
949 1854 1190 1929 mun N. 24
1870 1864 2871 1936 losigkeit“, sekundierte der Danebensitzer, der sehr artig
1244 1902 1678 1967 BT
1866 1908 2884 1976 mit der Polizei drohte. Max Höller beachtete die Be¬
1882 1952 2881 2015 schwichtigungsversuche nicht und ging zum offenen
1146 1964 1489 2024 Ausschmitt aus
1871 2004 2872 2052 Randal über. Alles im Sinne seiner Rolle, die ihn
921 2011 1713 2099 Generalanzeiger für Nürnber:
1869 2032 2881 2121 sogar zwang, über die Brüstung der Bühne zu
1865 2082 2878 2147 springen. Im ersten Momente glaubten die Nachbarn,
1859 2126 2870 2198 es mit einem Professionsskandalmacher oder mit
1870 2170 2869 2226 einem Narren zu tun zu haben und griffen mit den
920 2125 1380 2327 #
1863 2207 2879 2285 Händen nach den flatternden Frackschößen des sich
1871 2251 2877 2316 uaturecht gebärdenden Mimen . .. bald wußten sie,
1209 2247 1558 2364 16. Z. 1912
1876 2290 2877 2355 daß der Schein die Wirklichkeit erreichte und sie ließen
1865 2343 2900 2415 ab, den Widerspäustigen zu zähmen. Im Publikuny
1863 2385 2751 2441 achten die Wissenden herzlich zu dem Rummel.
1517 2432 1852 2510 Msa
1768 2481 2736 2537 folg nicht hindern, denn die Anmut der Schnitzler¬
1775 2518 2709 2596 schen Poesic half über alle Fährlichkeiten hinweg.
1014 2510 1548 2608 Wiener Theater.
1821 2579 2740 2628 Die „Residenzbühnc", die soeben der
868 2567 1694 2636 Von unserem Korrespondenten.
1773 2604 2736 2668 hundertsten Aufführung von „Meyers“ entgegengeht,
786 2614 1766 2694 Ein „Schnitzler“=Abend im „Deutschen Volkstheater“.
1771 2657 2745 2713 kommt nachmittags manchmal literarisch. So brachte
793 2672 1759 2723 Eine „Grabbe“=Vorstellung auf der „Residenz¬
1767 2693 2742 2755 sie kürzlich Grabbe's „Scherz. Satyre,
758 2710 1765 2775 — Bühne". Lustspieltheater: „Ehrsam und Genossen“,
1777 2731 2731 2788 Ironie und ticfere Bedeutung" eine
885 2751 1708 2814 Komödie in drei Akten von Otto Hinnerk.
1776 2755 2743 2829 Komödie, deren amüsante Laune man eigentlich aus
857 2786 1755 2865 Unter dem Sammelnamen „Marionctien“
1766 2798 2738 2866 dem Buche und nicht von der Bühne herab erfährt,
803 2843 1758 2899 vereinigten drei Einakter von Arthur Schnitzter:
1769 2857 2736 2899 die witzigen und satyrischen Einfälle, der
803 2868 1775 2943 „Der Puppenspieler
1770 2882 2733 2959 köstliche Humor und die saftige Polemik auf der
800 2912 1751 2976 Cassian" und „Zum großen Wurste!“
1778 2927 2738 3005 Bühne vie von ihrer Wirkung verlieren. Immerk
806 2942 1766 3014 vor einigen Tagen die große Schnitzler=Gemeinde
1779 2970 2737 3024 hin, unter der vorzüglichen Regie Ludwig Wolffs
797 2996 1774 3051 im „Deutschen Volksthoater". Jedes dieser drei
1783 3007 2736 3060 kam es zu einer recht guten Aufführung, wozu die
800 3032 1772 3098 Stücke hat man schon früher bei irgendeiner Matinee
1778 3046 2731 3096 Darstellung der Damen v. Nagy und Richter¬
804 3075 1762 3132 einzeln gesehen, aber zusammen bildeten sie einen
1771 3081 2744 3161 [Rißka und der Herren Forster und Ettinger nicht
801 3115 1771 3162 Prennerenabend, der leider nicht den Erfolg hatte,
1777 3128 2077 3200 wenig beitrug.
801 3153 1776 3210 den sie verdient hätten. Wohl konnte der Dichter
1831 3163 2746 3234 Im „Lustspieltheater“ fand eine Diebs¬
801 3192 1767 3253 aflmals vor der Rampe erscheiten, aber der Erfolg
1772 3202 2742 3282 komödie „Ehrsam und Genossen“ von Otto
804 3227 1762 3304 hätte viel größer sein müssen, wenn die Regie nicht
1777 3251 2747 3311 Hinnerk eine recht freundliche Aufnahme, mehr
803 3266 1771 3341 so gewalttätig in diese geistvolle Spielerei ein¬
1784 3290 2747 3349 durch das flotte und temperamentvolle Spiel, als
800 3309 1776 3379 gegriffen hätte. „Der Puppenspieler“ ist eine Soe¬
1779 3331 2737 3400 durch den Inhalt der Komödie herbeigeführt. Die
813 3352 1776 3401 lanstudie, echt Schnitzler'scher Provenienz. Diese
1778 3376 2732 3425 Handlung ist wenig originell, unwirklich. Im
816 3377 1775 3447 Gestalt des Puppenspielers löst Schauder aus, ohne
1781 3414 2742 3471 Mittelpunkt steht Meister Ehrsam, dem von seinen
812 3426 1778 3478 unheimlich zu wirken, sie wirkt erschütternd, sie ist
1778 3460 2741 3507 Mitbürgern dieser Ehrentitel beigelegt wurde. In
813 3473 1788 3519 voll tiefer, seelischer Gewalt, aber — sie ist kein!
1787 3475 2766 3559 Wahrheit rerdient er ihn nicht, denn er ist im
816 3491 1788 3564 Prahlhans und noch dazu ein so dämonischer, wie
1781 3533 2741 3587 Herzen ein Dieb, ein Meisterdieb, der aber nur die
814 3546 1779 3597 ihn Herr Kramer leider gespielt hat. Immerhin,
1783 3558 2758 3630 Reichen bestiehlt. Sein Komplice ist der Polizeichef.
2611 3599 2660 3635 9600
810 3584 1782 3650 das Publikum folgte mit größter Spannung den
1786 3625 2751 3671 Den beiden geht's natürlich glänzend. Da faut es
808 3622 1378 3682 Intentionen des — Dichters.
1787 3638 2767 3722 auf, daß bei den vielen Einbrüchen und Diebstählen
871 3638 1771 3711 Im „Tapferen Cassian“ einem hübschen, geist¬
1793 3672 2772 3740 im Städtchen gerade Meister Ehrsams Haus ver¬
816 3694 1784 3771 vollen Einfall, störte die allzustarke Roalistik der
1792 3721 2745 3778 schont bleibt. Um dieses aufsteigende Mißtrauen zu
808 3737 1780 3802 Regie, die die Grenzen zwischen Puppen und
1792 3765 2747 3821 bannen, bestimmt er ein eben angeworbenes junges
820 3776 1782 3838 Menschen allzu deutlich verwischte. Wie der Ritter
1788 3813 2751 3857 Mitglied seiner Bande, bei ihm des Nachts einzü¬
807 3813 1775 3878 Martin in Liebe erglüht zur großen, unbekannten
1789 3841 2769 3906 brechen. Der Polizeichef wird verständigt, damit &
817 3858 1776 3916 Tänzeren, die er erst aufsuchen will, wie der Maul¬
1789 3886 2766 3932 den Einbrecher festnimmt. Aber es kommt anders.
823 3898 1769 3960 heid Cassian ihm alles wegnimmt, Geld, Geliebte,
1783 3924 2767 3974 Der junge Einbrecher stiehlt sich ins Kämmerlein
817 3936 1776 3990 sogar das Leben, und wie Ritter Martin endlich
1788 3971 2762 4016 der Schwiegertochter des Meisterdiebes, einer jungen
824 3978 1789 4028 lieber stirbt, statt die Flöte zu spielen — das ist
1789 3996 2759 4051 Witwe, und als er erwischt werden soll, da weist er
812 4008 1783 4065 alles witzig und geistvoll im Buche. Aber auf der
1794 4033 2761 4093 sich aus, daß er nur Küsse gestohlen und die ganze
825 4051 1790 4122 Bühne versagten die „Puppen“, weil sie zu viel
1799 4082 2759 4130 Geschichte nimmt natürlich das übliche Ende. Von
813 4093 1783 4143 „Hampelmann“ und zu wenig „Darsteller“ waren.
825 4142 2769 4166 ##n Mahem kanmte die umglückselige Regie den Er= den Darstellern ragte Herr Kröck als „Ehrsam“ in
