3484 4352
312 285 2326 404 17.4. Marionetten zuklus box 22/11
2691 983 3124 1072 DScaolm, St. Perers
2406 1020 2729 1094 burg, Toronto.
2368 1073 2774 1141 Gaaliengagebe ahne Gewähr.)
2009 1119 3184 1208 Ausschnitt aus fllustriertes Wiener Extrablat:
1516 1133 1760 1218 —. —r.
1068 1168 1385 1237 burg, Toronto.
1015 1215 1421 1277 (Oasllenengebe ohne Gewäht.
2693 1201 2885 1284 Wien
2168 1199 2484 1300 11218191:
2013 1252 2188 1309 vom:
660 1268 1762 1388 Ausschnitt aus Neues Wiener Jeurnal
2171 1314 3068 1403 Lenisches Voltotheater. Zum ersten Male:
2051 1357 2989 1441 „Marionetten" von Arthur Sampler-
1015 1381 1257 1469 E3 1912
2039 1410 3050 1475 Man kennt die drei Einakter, man hul sie auf ver¬
677 1377 1021 1494 Da
2049 1449 3058 1509 schiedenen Bühnen spielen gesehen. Den „Puppen¬
1660 1438 1724 1506 1
2051 1488 3059 1549 spieler“ mit Albert Bassermann in einem Berliner
556 1474 1741 1564 (Deutsches Volkstheater.) Man greift jetzt gern auf
2051 1525 3059 1590 Ensemble. „Der tapfere Cassian“ wurde im
421 1520 1733 1612 die zierlichen, munteren und ironischen Einakter Artur Schnitzlers
2054 1554 3045 1632 „Urania“=Saal von dem Müncheuer Marionetten¬
450 1585 1727 1663 zurück, die sich wie sinnvolle Arabesken zu den mehraktigen
2049 1595 2432 1653 theater vorgeführt.
2509 1604 3035 1666 um großen Wurstel“
2042 1635 3050 1702 lernte man im Hause Jarnos kennen. Ueber die Studie,
444 1639 1712 1703 Komödien des Dichters ausnehmen. Der Sammeltitel
2048 1675 3052 1736 das Puppenspiel und die Burleske hat die Kritik
441 1687 1708 1757 [„Marionetten“ vereinigte gestern drei Stücke: „Der
2044 1710 3055 1775 bereits ihr Urteil gesprochen. Es erübrigt heute über die
432 1735 1709 1799 Puppenspieler". „Der tapfere Cassian“ und „Zum großen
2046 1747 3049 1807 Aufnahme des Zyklus im Deutschen Volkstheater zu be¬
440 1772 1279 1836 Wurstel“. Wie jede tiefe Weisheit am
1277 1786 1710 1847 letzten Ende auf eine
2046 1800 3044 1858 richten. Den stärksten Eindruck empfine das Publikum von
2045 1832 3051 1893 dem „Puppenspieler“, weil hier Menschen auftreten,
436 1818 1715 1907 banale Formel gebracht werden kann, so auch hier: Die Veeuschen
2046 1868 3047 1930 weil Menschlichkeiten anklingen. Da geht jemand an
443 1871 1713 1940 sind Puppen, die an Drähten zappeln und von irgendeinem
2043 1904 3044 1968 der echten Liebe vorbei und wird aus seiner Bahn
439 1931 1703 1979 starken Lebensmeister gelenkt werden. Schicksal zu spielen
2040 1941 3048 2008 geschleudert. Glaubt andere zu lenken und wird ab¬
428 1972 1125 2043 ist ein amüsanter Sport.
1121 1978 1715 2039 der nur den großen
2042 1980 3041 2041 gelenkt. Erika Wagner, Kramer und Onno
2034 2018 3038 2089 waren vortrefflich. Dann kam „Der tapfere Cassian“
422 2014 1715 2084 Naturen die Herrschaft über Menschen und Dinge
2033 2061 3041 2118 an die Reihe mit Josefine Glöckner, Hans
434 2066 1704 2132 gibt, bei den Pfuschern sich aber gegen sie selbst kehrt. Diese
2036 2097 3044 2148 Homma und Günther, die wie Puppen agierten.
440 2111 1714 2185 drei Einakter haben den gewissen Kehrreim, der gedankenschwer
2029 2124 3037 2199 Man amüsierte sich bei den drolligen Bewegungen.
436 2165 1703 2222 räsoviert: „Ja, das Leben! .. .“ Aber das sogenannte Leben
2039 2170 3040 2230 über die gesoreizte Sprechmanier und lachte über die
2029 2214 3037 2268 Glöckner, die das Marionettenhafte am besten traf. Was
445 2207 1704 2262 hat seine eigenen Gefühlswerte, die mit Gedankenwerten nichts
2039 2243 3055 2309 Schnitzler wohl mit diesem Spiele bezweckte? Man
443 2263 1705 2323 zu tun haben. Schnitzler liest gern in den Dämmerseelen, die
2027 2262 3047 2338 kann seine Absichten nur vermuten. Ueberall Puppen.
442 2312 1712 2371 ihm so voller Wunder erscheinen. Der Puppenspieler, der seinem
2029 2332 3045 2396 Die Männer laufen Abenteuern und Weibern nach
447 2355 1704 2421 Freunde die Illusion eines kurzen Glücks verschaffen##te hat
2031 2362 3044 2422 und das Weibchen taumelt von Lust zu Begierde. In:
2030 2389 3036 2461 der Burleske „Zum großen Wurstel“ sieht man genau
446 2401 1703 2462 sich dabei selbst um sein Glück betrogen. Der tapfere Cassian
2023 2434 3039 2483 die Drähte, an denen die seelenlosen Puppen zappeln.
431 2432 1708 2501 ist der Landsknecht, der mit dem festen Griff der Unbedenklichen
2027 2471 3045 2540 Schauplatz: Der große Garten, in den die Großstadt
433 2500 1700 2569 seinem Vetter das Gold, die Braut und die Geliebte wegnimmt,
2036 2507 3046 2564 mündet, mit ihren Leidenschaften, Vorurteilen, mit :
2029 2544 3040 2605 ihren Erbärmlichkeiten und Niedrigkeiten. Ein Un¬
431 2540 1706 2609 und der Direktor des Wursteltheaters zeigt an seinen Marionetten,
2029 2590 3045 2664 bekannter in blauem Mantel mäht den ganzen Spuk
422 2598 1714 2659 daß das Abbild des Lebens, die Bühne, auch nur ein trauriger
2019 2614 3030 2685 nieder. Es ist schwer, solche metaphysische Dinge zu
432 2655 1707 2708 Spaß ist: Drähte überall, oben und unten, und die Menschlein
2029 2663 3047 2737 deuten. Man muß aber dem Dichter die Reverenz
426 2689 1701 2747 zappeln daran. Diese drei Stücke sind Literatur, Randglossen zu den
2012 2715 3041 2766 bezeugen, der es unternimmt, den Vorhang wegzureißen,
2022 2733 3035 2784 der eine geheimnisvolle Welt einhüllt. Wunderlich geht
418 2733 1707 2803 Komödien des Tages; subtil, spitzig, überlegen, ganz wie man
2030 2776 3038 2849 es zu in diesem Märchenlaude, reich an Rätseln ist.
431 2784 1710 2842 will. Man hat in der Aufführung des Deutschen Volkstheaters
2029 2811 2828 2879 Ein großes Personale war mobilisiert,
2819 2822 3041 2872 um den
436 2835 1706 2880 den Marionettenstil sehr hübsch herausgebracht. Die Inszenierung
2021 2843 3040 2911 Willen des Poeten zu vollstrecken. Wir nennen die
431 2868 1705 2941 Kramers hatte diesmal Farbe und Charakter. Im „tapferen
2028 2886 3026 2958 Galafrés, die voll köstlicher Charakteristik war,
2011 2919 3032 2988 dann Homma, Fürth, Charlotte Waldow,
429 2928 1713 2996 Cassian“ war ein bunter Holzschnitt in Bewegung gesetzt; vor¬
2000 2951 3051 3031 [Onno und Kramer. Juteressant war die Haltung
421 2977 1713 3019 züglich agiert von Frau Glöckner und den Herren Homma und
2010 3007 3043 3080 des Publikums. Es beglettete den ersten Einakter mit
429 3023 1708 3088 Günther. Sehr ulkig kam das große Wursteltheater heraus, mit
1971 3041 3004 3133 intensiver Teilnahme. Beim „Tapferen Cassian“ regtesich
426 3071 1708 3140 einem Knalleffekt aus dem Parkett, wo sich ein Mitspieler
1980 3105 3007 3161 Opposition. In einem intimen Raume. im Kabarett, wirken
433 3123 1710 3171 zum Worte meldete. Hier waren es vie Damen Galafrés und
1985 3147 3003 3201 Phantasiewerke dieser Art eindringlicher. Der letzte Ein¬
427 3167 1702 3234 Waldner sowie die Herren Böhm, Homma, Günther und Fürth,
1980 3184 3005 3237 akter fand die Zuschauer in zwei Lager geteilt. Sie
1992 3221 2997 3259 sind nicht leicht herauszuschälen die Symbole und tief¬
416 3203 1698 3274 die stärker hervortraten. Im ersten Stückchen, das
1982 3258 3005 3313 liegenden Gedanken, und wohin des Dichters Meinung
427 3267 1693 3322 den Auftakt für die literarische Absicht gibt, erhob sich Herr
1983 3290 2991 3350 zielt, ist nicht sofort zu erkennen. Schnitzler durfte nach
423 3308 1698 3380 Kramer durch die Darstellung des Puppenspielers zu einer groß
1982 3333 3000 3380 jedem Akte vor die Rampe treten. Mit seinem Erscheinen
423 3361 1687 3439 erfaßten und glücklich ausgereiften Gestaltung. Das Publikum,
1975 3364 3005 3432 dämpfte er den Widerspruch. Ein besonderes Wort
1981 3411 3009 3449 des Lobes spenden wir dem Spielleiter Kramer.
420 3407 1683 3479 lebhaft angeregt, doch scheinbar nicht ganz im klaren geblieben,
1981 3448 2996 3485 Er hatte eine komplizierte Aufgabe zu bewältigen und
414 3449 1696 3539 applaudierte den Dichter aufs herzlichste. Er kam nach jedem Akt
1976 3481 3004 3526 sie ist ihm gelungen. Eine erzieherische Gewalt geht
400 3492 959 3584 wiederholt vor die Ramve.
1980 3523 3003 3572 von diesem Manne aus, der mit Besonnenheit ohne
1973 3560 3030 3637 künstliche Aufgeregtheit Künstlerisches zustande bringt.—
