3436 4320
569 145 1653 217 Ueber=Abend. den der fünfzigsten Vorstellung; es war
583 190 1648 266 bei diesem Anlaß natürlich überfüllt und Herr von
579 231 1649 301 Wolzogen konnte sich den Ueberlorbeer auf die
589 272 1668 329 Ueber=Locken drücken. Zur Feier des Tages wurde
588 320 1593 398 uns ein Ueber=Programm geboten, das beinahe lns —
578 374 1019 431 übermorgen währte!.
632 417 1638 461 Als ich den Saal betrat, hörte ich gerade die letzten
574 455 1626 519 Sätze einer kleinen Ansprache, weiche der Urber¬
576 502 1635 545 Director an das Publikum richtete. Er dankte für die
581 536 1630 588 außerordentliche Theilnahme, welche man seinem Unter¬
577 575 1629 626 nehmen entgegengebracht habe und gab seiner Frende
575 609 1794 688 darüber Ausdruck, daß es ihm gelengen sei. „in die inelusif
555 650 1621 718 5 norddeutsche Schwerfälligkeit ein wenig Bresche zu
426 641 536 730 Für
1629 678 1778 728 Porto
528 705 1780 772 s0legen“. Aber Herr v. Wolzogen, gar so schwerfällig Zahlba
531 751 1794 831 20 sind wir wirklich niche, und das „Ueberbrett'!“ — im Vora
528 788 1607 832 50 bumbum — ist schließlich keine künstlerische That —
474 825 1787 890 ,100 bumbum — sonsern eine gefällige Nachahmung des itte ists
537 864 1792 947 I „Chat noir“ un der „Roulotte“. „So is et!“ — wie steht es
415 891 1241 969 Abonne schwerfällign Berliner sagen.
1605 917 1710 965 lern.
643 927 1600 993 Außer dem was allabendlich im „Ueberbrett'!“
414 963 1609 1047 Abonner zum Vortrag gelangt, hörten wir gestern mancherlei
1602 975 1801 1058 athaltend
561 1026 1595 1081 Neuess. Olpa Wohlbrück, unsere kleine „diseuse“,
1616 1041 1798 1092 Morg
550 1046 1799 1119 Isprach, das bedicht „Das Reudrzvons“ von Paul mer Zeitü
437 1076 1787 1170 Inhalt Heyse und Die Mädchen“ von Pank A#nost mit gstliche E
428 1130 1794 1206 blüttfeinfühligster und liebenswürdigster Vortragskunst. Mittheilg
435 1161 1603 1242 wodurd Ein Wie.ner Recitator, dessen Name uns leider bei
432 1203 1609 1283 des ln der Ankünd ##ng entgangen ist. recitirte eine Böckliniade
439 1261 1604 1320 werden von Arno Holz in einem unverfälschten Leopoldstadt¬
564 1301 1609 1369 Dialect, welcher der Dichtung nicht gerade zu
563 1330 1615 1410 Statten kam. Weit besser paßte diese Tonfärhung
569 1373 763 1435 zu dem
774 1377 1613 1455 „Rabbi von Krotoschin“, mit welcher
561 1411 1608 1496 Nummer der Gast Beifall und Heiterkeit erweckte.
552 1441 752 1510 Fräulein
784 1458 1016 1516 Bozena
1035 1468 1319 1527 Bradsky;
1467 1478 1600 1532 Star
1346 1475 1448 1528 der
547 1487 996 1554 des „Ueberbrettl's“
992 1509 1336 1568 zeigte wieder,
1363 1517 1478 1564 eine
1482 1518 1605 1570 wie
543 1540 1602 1615 charmante, warmblütige, temperamentvolle Künstlerin
544 1571 1605 1662 sie ist. Das von Bogumil Zepler sehr charat¬
536 1618 1596 1686 teristisch in Musik gesetzte Lied „Der Königssohn“ von
545 1667 1599 1735 Hugo Salus brachte sie mit einer köstlichen Satire
535 1706 1597 1776 famos zur Geltung. Eine parodistische Glanzleistung
545 1749 1585 1820 war auch ihr Vortrag der Nummer „Das Couplet“
545 1778 1605 1858 von Maximilian Fuhrmann mit der
533 1819 1598 1900 Musik von Otto Ehlers. Einen unend¬
532 1860 1597 1941 lichen Charme wußte die reizvolle Künstlerin
533 1905 1592 1982 in das mit Herrn Koppel gesungene Duett „Die
528 1946 1592 2005 Haselnuß“ von Walther Paulus mit der Musik
533 1986 1598 2067 von Oscar Strauß zu legen, das übrigens sehr
542 2035 1598 2087 an eine gleichartige Darbietung der „Roulotte“ er¬
533 2068 1599 2132 innerte. Zahlreiche Stimmen aus dem Publikum ver¬
529 2117 1595 2182 langten nun den „Lustigen Ehemann“ und das Bier¬
520 2150 1591 2228 baum=Strauß'sche Duett, daß in Berlin jetzt so sehr in
522 2207 1592 2275 der Mode ist, mußte gleich zweimal gesungen werden. JIn¬
524 2241 1581 2307 teressant war das persönliche erste Erscheinen des jungen
533 2273 1583 2349 Dichters Hans Heinz Evers aus Düsseldorf,
528 2311 1577 2378 der zwei seiner satirischen Fabeln mit großem Erfolg
527 2350 1573 2435 selbst vortrug. In dem Gedicht „Der Minkäfer“ er¬
525 2408 1577 2474 regte dabei ein Wörtchen Semation, das wohl noch
522 2437 1571 2519 niemals auf einer Berliner Bühne so rund heraus
511 2484 1570 2567 gesagt worden ist, aber mit Vorliebe von enfants
512 2522 1567 2587 terribles in großer Gesellschaft gebraucht wird. Ein
515 2559 1138 2628 drittes Gedicht von Evers,
1136 2579 1569 2636 „Die Fliege und
524 2590 873 2666 der Ohrwurm“
897 2617 1578 2685 brachte Wolzogen selbst zum
526 2637 1572 2718 Vortrag und zwar meisterhaft. Jumitten der
527 2686 918 2750 Vorstellung gab
957 2694 1033 2744 es
1054 2698 1572 2763 eine Art Huldigung
531 2723 1560 2802 für den „Ueberbrettl“=Schöpfer und Breschenleger
523 2775 1572 2821 Herrn v. Wolzogen. Ihm wurden mehrere Riesenkränze
517 2801 1570 2887 auf die Bühne gereicht und außerdem erhielt er von
528 2853 1570 2923 den Mitgliedern seines Theaters einen silbernen
513 2896 1567 2967 Lorbeer. „Die Tippel=Schickse“, eine im höchsten
514 2936 986 2996 Grade naturalistische
1000 2952 1566 3008 und trotz ihres Ab¬
513 2978 1565 3036 stoßenden menschlich packende Scene aus dem
507 3010 1570 3079 Vagabunden=Leben von Hans Oswald wurde
505 3063 1562 3134 mit Beifall und Zischen ausgenommen. Gespielt
518 3102 1561 3163 wurde sie von Margarethe Pechy so¬
500 3123 1547 3207 wie den Herren Rothenburg und Fritzsche mit
499 3166 1557 3250 unheimlicher Echtheit. Nach der charmanten Pauto¬
512 3227 1544 3286 mime von Leo Feld, „Pierrot's Fastnacht“, in der
498 3261 1555 3331 [Olga Wohlbrück als Jung=Pierrot von entzücken¬
496 3294 1548 3386 der Gaminerie ist, kamen im dritten Theil endlich die
513 3351 1558 3429 „Marionetten“ von Arthur Schnitzler, die
514 3386 1553 3465 leider eine große Enttäuschung waren. Diese von
504 3428 1557 3506 Menschen dargestellten Marionetten des „Neuen
507 3461 1542 3543 Figuren=Theaters im Wiener Wurstlprater“ sollten
508 3515 1544 3579 eine lustige Parodie auf die bekannten Typen und
503 3545 1539 3621 Figuren Pariser Sittendramen und anderer Stücke
512 3598 1535 3660 sein, bei denen man die Drähte sieht. Die Idee war
509 3637 1544 3715 nicht übel, aber die Ausführung versagte. „Ein
493 3667 673 3720 Spaß“
670 3677 954 3729 nannte es
953 3688 1541 3746 der Dichter, der selbst
497 3706 1543 3786 im „Volk“ auf der Bühne saß und in etwas melan¬
487 3752 1545 3826 cholischer Pose sein Haupt stützte — aber leider war
490 3802 1030 3857 es durchaus nicht spaßhaft.
1026 3802 1534 3861 Es fehlte der zündende
491 3829 1538 3908 Witz, das befreiende Lachen des Humors und das
491 3877 1528 3941 Publikum ermüdete immer mehr und mehr. In der
495 3922 1496 3990 Darstellung zeichnete sich nur die Bradsky aus —
499 3951 1525 4031 ihre Marionetten=Komik als neue Sensationen
483 3999 1528 4073 suchende „Herzogin von Lawin“ war köstlich. Diese
485 4050 1238 4113 Künstlerin kann, wie es scheint, alles!
1298 4053 1461 4120 B. J.
2336 130 3219 212 Sehinnssberichte u. Verscn
1806 159 1984 225 I. aster
2382 203 3076 288 Türkenstrasse 17.
2248 298 2890 374 #iale in Budapest: „Figyel5“ —
2041 356 3234 427 Chicago, Genf, London, Newyork, Paris, Rom, Stockholm.
1828 378 1911 440 1an
1826 454 3056 565 Ausschnitt aus: Post, Berlia
1830 646 2032 713 vom
2008 642 2392 780 an
2189 1020 2962 1161 Kunst und Wissenschaft.
2146 1144 3028 1205 R. P. „Das Ueberbrett'l“ des Freiherrn von
2076 1195 3017 1250 Wolzogen durfte gestern einen großen Abend be¬
2081 1239 3017 1292 gehen. Natürlich beging es ihn mit Ueber=raschungen
2085 1261 3026 1330 für das Publikum und das Publikum revanchirte
2081 1306 3015 1374 sich durch herzlichsten Beifall und viel, viel Lorbeer.
2084 1342 3016 1414 Auch hübsche Blumen für die Damen wurden emsig
2079 1379 3015 1444 auf die Bühne gereicht. Mit gutem Recht! Grazie,
2084 1427 3010 1475 Witz, Laune, Schönheit — es ist viel im bescheidenen
3045 1436 3247 1513 inclusive
1859 1460 3021 1519 Für 50 2 Rahmen dieser kleinen Bühne. Und nur an
3068 1489 3230 1536 Porto.
1966 1496 2071 1544 100
2084 1493 2657 1551 wenige stolze Namen ist
2655 1494 3027 1552 hier die Lieder=
3050 1519 3237 1581 Zahlbar
2070 1521 3018 1601 kunst gebannt. Ernst von Wolzogen aber erhielt
1952 1532 2064 1584 200
3042 1556 3286 1625 im Voraus.:
2074 1571 3008 1630 eineu silbernen Lorbeerkranz. Er hat ihn sich ver¬
1963 1578 2069 1623 500
1911 1589 1960 1632 „
2084 1605 3010 1666 dient als wackerer Kämpe der Fröhlichkeit und Ver¬
1919 1616 2065 1667 1000
2073 1614 3291 1694 edler einer Kleinkunst, die in Schmutz, Langeweile, hnitte ist dag
1967 1666 2059 1722 Im
2073 1674 3297 1745 Deeadenz zu versinten drohte. Denn die wahren 1 steht es den
1843 1727 3140 1780 Abonnement „Ueber = Breti'l“, die Brett'l, die das ganz ndern.
1847 1762 3013 1808 Abonnenten Unkünstlerische bringen und derbe Zoten von stimm¬
2086 1795 3000 1843 losen Weiblein im Flitterstaat singen lassen, sind in
3002 1793 3300 1865 enthaltend die
2085 1821 3297 1901 Wahrheit ganz andere Etablissements. Wolzogens er Morgen¬
1962 1834 2076 1888 Der
1855 1876 3291 1939 Inhaltsang „buntes Theater“ aber ist kein Ueber=Brett'i; es ist sjener Zeitung“)
2090 1916 3288 1983 „das“ Breitl; das „Bretk'l“, wie's sein oder werden haftliche Leben
1861 1921 2093 1968 blätter
1864 1964 3296 2039 wodurch eine Mittheilungen
2083 1984 3005 2029 graciöse Frauen — mit eins: dem herunter¬
1857 1997 2086 2049 des In- un
2078 2008 2917 2076 gekommenen Begriff der Brett'l=Kunst
2914 2023 3004 2075 ist
1865 2035 2065 2096 werden in
2078 2068 3008 2114 ein neuer, liebenswürdiger Inhalt geliehen.
2081 2091 3005 2157 In einer kurzen Dankrede an das Publikum,
2080 2131 3018 2206 die gestern den Jubiläums=Abend der fünfzigsten
2070 2178 3017 2222 Vorstellung eröffnete, durfte der Direktor mit stolzer.
2074 2207 3051 2267 Bescheidenheit dem — wie immer aüzberlauften
2074 2240 3021 2289 Hause gestehen, daß er nicht ohne bange Sorge be¬
2063 2260 3011 2334 gonnen habe, sich heute aber bewußt sei, mit seinen
2065 2320 3011 2376 braven Truppen ein wenig Bresche geschossen zu
2073 2351 3003 2410 haben in die norddeutsche Schwerfälligkeit. Dann
2075 2393 3013 2454 begann das Programm drei amüsante Stunden lang
2067 2419 3023 2464 sich zu entrollen. Zu dem Bekannten, immer wiedergern“
2074 2463 3018 2526 Gesehenen und Gehörten — das reizende Straußsche
2071 2500 3010 2540 Tanzdnett vom „Lustigen Ehemann“ obenau zu
2070 2535 3025 2595 neunen! — kam Neues. Zwei lebendige Dichter
2072 2567 3007 2634 trugen eigene Sachen und Sächelchen vor. Pser¬
2060 2609 3000 2672 hofer aus Wien mit trockenem Humor ein paar
2059 2646 3005 2710 gut pointirte Apercus; Hans Heinz Evers ein paar
2062 2690 2994 2747 listig mit den Angen zwinkernde boshafte Fabeln.
2076 2721 2995 2780 Eine letzte Fabel des Dichters brachte Ernst von
2064 2754 3003 2808 Wolzogens brillanker Vortrag zu besonders vorzüg¬
2067 2790 3001 2855 licher Geltung. Der Recitator Salzer aus Wien
2063 2829 2994 2888 amüsirte durch eine hübsche Humoreske in Versen
2054 2873 3001 2929 vom „Rabbi von Krotoschin“ Eine Seene aus
2063 2898 2996 2968 dem Vagabundenleben: „Die Tippel=Schickse“
2057 2941 3032 3018 von Oswaid fesselte, obschon brutal in der #
2079 3009 3032 3061 knappen Handlung, durch die realistische Dar¬
2077 3039 3021 3100 stellung der Titelrolle durch Margarethe Pechy.k
2081 3077 3014 3149 Leo Feld hatte eine graziös erfundene Pantomime
2079 3112 3032 3182 beigestenert: „Vierrots Fastnacht“, in der die
2080 3159 3023 3226 Gattin des Tichters, Olga Wohlbrück, die auch
2067 3199 3022 3257 den Prolog wirkungsvoll sprach, den jungen Pierrot
2073 3231 3014 3293 mit prächtiger Lebendigkeit wiedergab. Von den
2074 3272 3009 3318 Festgaben der Hauskomponisten, denen immer was
2066 3311 3021 3384 Neues einzufasten scheint, seien besonders erwähnt
2065 3347 3009 3407 das reizvolle Duett von Oskar Strauß: „Die
2073 3380 2998 3441 Haselnuß“, gesungen von Bozena Bradsky#nd
2067 3425 3009 3467 Herrn Koppel, Bogumil Jeplers anmuthiges Lied
2072 3456 3000 3514 vom Königssohn (Tert von Hugo Salus) und das
2075 3499 3011 3554 pikante Otto Ehlerssche „Couplet“. Den Be¬
2072 3530 3005 3595 schluß des überreichen Programms bildeten die
2674 3573 2710 3599 4
2074 3570 3012 3646 „Marionetten“, ein „Spaß“ von Arthur
2075 3608 3005 3658 Schnitzler. Der Dichter saß auf der Bühne unter
2068 3643 3003 3694 den Zuschauern des „Marionetten=Theaters“ und
2065 3669 3002 3731 drehte dem Publikum den Rücken. Das Publikum
2071 3711 3003 3767 drehte aber dem „Spaß“ auch den Rücken. Man¬
2070 3751 3005 3827 belächelte wohl die zu Grunde liegende — übrigens
2070 3798 3006 3860 nicht, neue — Idee, die „Puppen“ des französischen
2070 3819 3003 3893 Unsiktendramgs durch wirkliche Marionetten, die
2060 3865 3009 3932 steif an Drähten tanzen, zu verspotten. Aber bald
2064 3906 3004 3948 wurde die Sache eintöng und langweilig. Und:
2068 3931 2997 3988 dann wollte sie nicht enden. Der „Spaß“ wird sich
2067 3982 2997 4040 kaum halten im Programm des Ueberbrett's. Aber
2059 4015 2999 4072 diese kleine Bühne verfügt über soviel echten Hu¬
2055 4049 2995 4107 mor, daß sie einen einzelnen „Spaß“ schon ent¬
2052 4089 3019 4158 behren kann. Spaß muß sein. Aber nicht gerade
2054 4119 2177 4181 der.
