3436 4320
1744 246 2283 342 box 22/10
237 248 1611 351 17.4. Marionetten— Zuklus
1101 779 1512 845 Telefon 12801.
614 869 1973 978 Alex. Weigl's Unternehmen für Zeitungs-Ausschnitte
1637 939 1840 1001 Ausschnitt
718 956 954 1075 105
1650 990 1979 1084 Nr. 78
936 960 1613 1099 „OBSERVER“
563 1075 2046 1158 I. österr. behördl. ccnc. Bureau für Zeitungsberichte u. Personalnachrichten
762 1152 1881 1248 Wien, IX, Türkenstrasse 17.
937 1234 1765 1323 — Filiale in Budapest: „Figyelö“ ———
572 1318 2039 1396 Vertretungen in Berlin, Chicago, Genf, London, Newyork, Paris, Rom, Stockholm.
575 1435 1120 1528 Ausschnitt aus:
1152 1405 1777 1540 Deminn Tagentertt
588 1575 1108 1696 vom 0
2054 1886 2231 1983 S
1940 1954 3227 2028 des Anatoldichters weitaus die bedeutendste, obwohl das
1952 2019 3198 2082 Stückchen wegen der vorgerückten Stunde nicht recht zu seiner
984 1875 1703 2084 FEUILLETON
1956 2058 3205 2119 Geltung kam. In einer sehr witzigen Weise werden hier
758 2076 1956 2146 P. B. Wolzoss Buntes Theater feierte gestern das
1948 2094 3210 2161 die Bühnenpuppen unserer lieben, guten Dichter als wirk¬
697 2129 1956 2181 Jubilaum der fünfzigsten Vorstellung. Der Dichter, Direktor,
1944 2153 3203 2214 liche Marionetten vorgeführt. Der Scherz ist für einen guten
694 2158 1956 2222 Komponist, Regisseur und Kanseur oder, wenn man das
1952 2186 3197 2240 Scherz ein klein wenig zu ##ng und paßie in der Art, wie er
701 2207 1956 2273 alles nach seinem Beispiel in ein Wort zusammenfassen
1955 2233 3198 2294 sich giebt, eigentlich auch besser für die ganz Intimen des Theaters
690 2252 1952 2312 will, der Hauptverbrecher des fröhlichen Unternehmens leitete die
1947 2272 3212 2314 und der Literatur, also etwa für die Schall= und Rauchabende Aber
705 2296 1954 2357 Reihe der Aufführungen mit ein paar Worten des Dankes ein, die
1948 2314 3204 2378 die geistreiche Bohememanier, in der Schnitzler sich mit dem eigenen!
702 2342 1958 2406 sehr glücklich die Mitte zwischen Scherz und Feierlichkeit hielten.
1950 2360 3202 2406 Handwerk abfindet (er darf's gerade deshalb, weil er mehr als ein
700 2366 1949 2435 Es ist imner nett, einen Direktor von der Bühne herab
1944 2399 3194 2461 Handwerker der Kunst ist!), hat doch etwas sehr Anziehendes und
631 2403 1961 2491 Fü sprechen zu hören, namentlich wenn er Ernst v. Wolzogen heißt.
1951 2442 3210 2519 beweist aufs Neue, mit welch witzigem Kopf wir es in dem Wiener
713 2463 1952 2523 Was dann kam, war weniger feierlich, aber sehr unterhaltsam. Die
1958 2481 2419 2546 Dichter zu thun haben.
648 2475 707 2558 3
698 2494 1966 2561 Damen Bozena Bradsky und D'Estrée, die Herren Leo Gollanin und
1988 2512 3196 2583 Die beiden anderen dramatischen Kleinigkeiten, ein Pierrot=Scherz
701 2549 1957 2601 Robert Koppel sangen, Frau Olga Wohlbrück rezitirte, und ein paar
1950 2545 3186 2618 des „Lumpen“=Dichters Feld, von Frau Wohlbrück, Fräulein d’Estrée
684 2588 1952 2641 lebendige Dichter, Dr. Arthur Pferhofer aus Wien und Heinz Hans Evers¬
1953 2611 3077 2669 und Herrn Spontelli sehr gewandt gespielt, und eine kleine sze
692 2622 1951 2681 aus Düsseldorf sprachen ihre eigenen Verse. Dazwischen immer wieder
1945 2661 3054 2720 Brutalität von dem sehr interessanten Hans Oswald
602 2653 1941 2726 Abol Wolzogen, der die Pflichten des Hausherrn überaus ernst nahm, die
1949 2693 3077 2767 das Bunte, auf das ja der Name des Theaters hinweist, sehr I
617 2713 1943 2769 Abol Künstler vorstellte, die Noten junschlug und die Blumen, Kränze,
1942 2742 3085 2796 #in die Darbietungen hinein. Die Tippelschickse wurde von
689 2753 1957 2837 Körbe und Sträuße, die nach jeder Nummer auf die Bühne gereicht
1947 2786 3206 2831 lein Pechy mit einem resoluten Naturalismus dargestellt der
576 2763 631 2836 805
692 2805 1528 2861 wurden, an die richtigen Adressen beförderte.
1948 2822 3200 2886 zum wenigsten für die Kurage der jungen Schauspielerin Zeugniß
610 2809 3204 2877 Inha All das Gebotene hier im Einzelnen zu heurtheilen, reicht die Zeit #ahleat. — In einer der Paufen überreichte man dem jubilirenden:
612 2876 3206 2927 blünicht aus; es war fast zu viel des Guten. So genüge es denn, Iu Wolzogen einen silbernen Lorbeerkranz. Der glückliche Direktor#
611 2921 3200 2973 woduregistriren, daß unter allen den trefflichen Künstlern des Bunten Theaters# #lachelte dabei sein etwas satirisches Dichterlächeln, als wollte er
610 2954 1962 3029 des brei hervorragen, die mehr als Talent haben: nämlich Natur. Diesen
616 2991 740 3053 werd
1932 2990 3223 3067 sagen: So rasch habe ich mir bisher meine Lorbeern nicht verdient
702 3007 1955 3067 brei sind Bozena Bradsky, Robert Koppel und der Kapel
698 3053 1961 3116 meister Oskar Strauß. Die neuen Gaben, die sie gemeinsam
694 3095 1956 3159 boten, besonders das Lied von der „Haselnuß“, verdienten und
693 3142 1282 3203 anden lebhaften Beifall.
1269 3140 1955 3201 Sehr wirkungsvoll trug auch
690 3173 1958 3225 Fräulein D'Estrée in einer höchst originellen Tollette
681 3205 1946 3291 gezeichnet von Edmund Edel) das Mädchen¬
680 3270 1949 3331 lied von Hugo Salus, Musik von Victor Hokländer, vor¬
687 3309 1953 3375 Von den Gaben der beiden Dichter gefielen die harmlos satirischen
681 3356 1947 3414 Epioramme Pserhofers beinahe noch mehr als die weit be¬
692 3391 1961 3466 deufenderen, aber auch weit schärferen Faheln von Heinz Hans Evers.
681 3428 1959 3515 Der junge Düsseldorfer Poet genirt sich den Teufel nicht; was er
689 3476 1816 3524 bringt, ist so etwas wie gesprochener Thomas Theodor Heine.
732 3503 1975 3583 Als Vorleser trat auch Herr Marcel Salzir auf, dessen Kunst
686 3542 1958 3639 in Berlin schon bekannt ist, und der sich deshalb ohne eingehendere
687 3601 1721 3649 Schilderung mit einem neuen Est! Est! begnügen muß.
740 3625 1973 3709 Von den drei Extragaben, die servirt wurden, der Feldschen
681 3678 1969 3758 Pantomi # Pierrots Fastnacht“, der Oswaldschen
683 3729 1970 3801 Bagabundensze* Die Tippelschickse und dem Spaß
672 3758 1995 3854 ###kur Schuf##ers=Marionetten“, ist das kleine Werr!
