3436 4352
1895 280 3173 338 Ganz anderer Art ist schon die Beziehung, durch die das erste
1769 315 3164 380 Stück, „Der Puppenspieler“, in den Rahmen der „Marionetten“ gereihr
1762 362 3169 447 wird. Da ist es nicht ein Marionettenspiel, dessen Inhalt von Mario¬
1775 429 3167 488 nettenspielern wiedergegeben oder das in ihrer Art gespielt wird, sondern
1767 454 3173 532 da ist einer, der das Leben als Marionettenspiel betrachtet
1776 500 3172 575 und im Mittelpunkt der Handlung steht und daher den
1783 551 3172 619 Untertitel „Der Puppenspieler“ begründet und auf den auch der
1766 595 3170 672 Obertitel „Marionetten“ gedeutet werden kann. Aber da die Ver¬
1777 639 3169 729 suchung zu einer anderen Technik als der normalen schon im Titel
1773 716 3179 760 liegt, ist auch hier der Dichter auf einmal etwas in die Technik der
1780 735 3185 804 Marionettenspiele verfallen, oder vielmehr ihr nahe gekommen, ohne daß
1769 794 3178 859 man vielleicht bestimmt sagen könnte, wo hier die Absicht beginnt. Wir
1770 832 3179 914 erfahren, daß der „Puppenspieler“ Georg Merklin vor Jahren irgend ein
1786 877 3186 961 scherzhaftes Spiel des Inhaltes arrangiert habe, daß Anna sich in
1788 921 3178 1009 Eduard verliebt stellen mußte, woraus dann wirkliche Liebe und Ehe
1774 974 3177 1057 erwuchsen. Und da nun Georg, der über den Ozean gegangen war,
1773 1014 3180 1110 wieder in diesen Kreis, der ihm einst sehr nahe gestanden, zurückkehrt,
1782 1087 3195 1163 wird uns angedeutet, daß da noch besondere Beziehungen gegeben sind,
1784 1122 3185 1204 aber es verläuft alles so in unbestimmtem Scheine, daß wir eben
1784 1158 3189 1242 bei allen von Marionetten sprechen können, von Figuren, die
1791 1216 3189 1290 zu dem, was sie taten, mehr vom Schicksal geleitet wurden, als
1799 1251 3186 1342 daß sie genau gewußt hätten, was und warum sie es getan; weil ihnen
1798 1300 3181 1391 eben die inneren Zusammenhänge nicht klar waren, so wenig als sie dies
1799 1348 3193 1444 Marionetten werden. Eines aber wird Georg jetzt jedenfalls klar, daß er
1339 1371 1693 1451 Pah, emtittlang,
1801 1404 3198 1473 den kleinen Sohn, den Anna von Eduard bekommen hat, „ein Kind
1100 1423 1697 1491 Maurid, Mailand, Minneapolis,
1800 1431 3204 1532 seiner Laune“ nennen kann. Und in diesem Unbestimmten, Schleier¬
801 1454 1650 1557 Kom, San Francisco, Stockholm, St. Patee
1807 1514 3216 1576 haften, das trefflich von Herrn Kramer, der ganz ausgezeichnet in
994 1519 1306 1571 burg, Toronto.
934 1555 1359 1627 Quellenangebs ehne Gowzn!
1808 1554 3195 1622 Spiel und Maske war, Herrn Onno und Frau Wagner heraus¬
1806 1585 3191 1672 gearbeitet wurde, lag der besondere Reiz dieses Gliedes der „Mario¬
580 1598 979 1706 Ausschnitt au
973 1619 1620 1736 remdenblaft. Wiem
1806 1665 1977 1737 netten“.
1914 1680 3203 1754 Das dritte Stückchen aber, betitelt „Zum großen Wurstel“, bringt
690 1704 1195 1803 N. 11. FEB. 1912
1742 1729 3213 1824 1 ein ganzes Marionettentheater, auf dem jedoch im Volkstheater nicht
572 1739 678 1822 74
1794 1786 3205 1878 von Puppen gespielt wird, sondern die Rollen der Puppen puppenartig
1807 1822 3198 1910 von Menschen gegeben werden, woneben noch Darbietungen von Schau¬
1814 1862 3204 1961 spielen stattfinden, die in der Praterbude „Zum großen Wurstel“ das
734 1891 1492 1995 Deutsches Volkstheater.
1814 1922 3200 2005 Publikum spielen und mit deren Hilfe der Dichter Dichter, Publikum
1811 1966 3204 2050 und Theaterdirektoren persifliert und allerlei Schabernak treibt. Der
398 1972 1786 2068 „Marionetten“, drei Einakter von Artur Schnitzler. Erstaufführung am
1810 2006 3215 2107 Dichter wurde nach allen drei Stücken wiedetholt gerufen, am lebhaftesten
932 2035 1327 2104 10. Februar 1912.
1811 2060 3219 2159 nach dem ersten. Nach dem dritten gab es auch Widerspruch. In der
522 2086 1794 2172 Unter dem Titel „Marionetten“ hat Artur Schnitzler seinerzeit
1823 2103 3210 2203 jedenfalls zu realistisch gehaltenen Darstellung der Unruhe, von der die
406 2155 1797 2231 drei Einakter vereinigt, und unter dieser Spitzmarke wurden sie
1817 2150 3215 2243 Vorführung in der Praterbnide durch das dortige Publikum begleitet
401 2203 1795 2281 nun auch am Deutschen Volkstheater zusammen gegeben. Auf jedes ein¬
1813 2195 3217 2308 wurde, war die Absicht des Dichters offenbar nicht allen völlig klar ge¬
404 2251 1791 2316 zelne der drei eigenartigen Stückchen würde ja die Bezeichnung „Mario¬
1815 2288 2007 2365 worden.
2717 2274 3181 2384 Max Burckhard.
402 2298 1807 2368 netten“ zweifellos ganz gut in einem gewissen Sinne Anwendung finden
400 2346 1804 2417 können. Aber eben nur auf jedes von ihnen in einem anderen Sinne.
400 2399 1805 2455 Und darum hat die Unterstellung unter diesen gemeinsamen Titel, der
2516 2403 2747 2497 GL
407 2435 1809 2519 für jedes doch nur in einem anderen Sinne berechtigt ist, vielleicht auch
407 2493 703 2569 ihr Mißliches.
540 2522 1805 2597 Das eine der Dramolets, „Der tapfere Cassian“, ist als „Puppen¬
407 2584 1798 2650 spiel“ bezeichnet, es wurde mit Marionetten schon in Wien vor einigen
408 2648 1804 2705 Jahren gegeben, wie ja auch die beiden anderen für die Wiener keine Neu¬
410 2683 1802 2752 heiten mehr sind, und kann in jeder Hinsicht als das, was wir unter
1808 2724 1912 2811 üb
415 2733 1804 2791 einem Marionettenspiel versiehen, bezeichnet werden. Es besteht nämlich
406 2780 1805 2836 ein großer innerer Unterschied zwischen einem Drama, das von Menschen
409 2840 1909 2888 gegeben werden soll, und einem Spiel, das zu einer Darstellung mit  in
415 2868 1826 2935 Marionetten geschrieben wurde. Was, für menschliche Darsteller geschrieben,
411 2894 1902 2982 schlecht, geziert, unwahr wäre, kann vortrefflich sein für die Zwecke eins#e
420 2965 1809 3033 Marionettenspieles. Hier ist nicht nur Stilisierung am =Platze, hier wird
417 3031 1815 3071 eine gewisse Steifheit, Karikatur, scheinbare Leere, die nie auf den letzten
414 3061 1812 3111 Grund geht, Schablonenhaftigkeit erlaubt, ja zur Erreichung stärkerer
416 3106 1814 3173 Wirkung geradezu oft geboten sein. Für Uebertreibung, Ironie, Satire
421 3161 1823 3216 aber bestehen hier ganz andere Grenzwerte. Etwas kann als Marionetten¬
415 3195 1854 3267 stück vortrefflich sein, was als Schauspiel einfach schlecht wäre. Es muß
422 3247 1826 3305 aber schon ein doppeltes Theater auf der Bühne inszeniert sein, das mit der
421 3296 1825 3354 Darstellung durch Schauspieler einem Marionettenspiele gerecht werden
424 3343 1826 3416 soll, da nun noch viel leichter als sonst ein einziger verfehlter Schritt
419 3415 1836 3457 schon über die Grenze führt, an der Vorzüge sich in ihr diametrales
419 3437 1817 3500 Gegenteil verwandeln können. Damit man den „Tapferen Cassian“ von
429 3492 1825 3546 Menschen spielen lassen konnte, ohne daß seiner Natur Abbruch geschehe,
424 3535 1817 3600 mußteneben die Darsteller ihrem Spiele das hinzufügen, was das Spiel
416 3597 1819 3647 der Marionetten von dem der Menschen unterscheidet. Sie mußten eckig,
416 3648 1829 3696 steif, karikaturistisch in ihren Bewegungen werden, mußten nicht nur
426 3683 1832 3741 die Art der Menschen karikieren, die ja schon der Dichter dadurch paro¬
429 3728 1829 3789 dierte, daß er die Handlung Marionetten zuwies, sondern mußten noch
425 3773 1833 3837 insbesondere die Art der Technik, der Mechanik der Gliederpuppen selbst
426 3825 671 3901 persiflieren.
558 3862 1830 3928 Und so kam das groteske Puppenspiel von der liebenden Sophie,
431 3910 1832 3966 der sowohl ihr früherer Geliebter Martin ale auch der neue, der tapfere
431 3977 1838 4032 Cassian, den sie noch kaum ergatterte, beide durchgehen wollten um
432 4011 1824 4064 Eleonoren Labrianis, des Mädchens von Athen, willen, zu voller Wir¬
424 4058 1836 4126 kung in der Darstellung der Frau Glöckner als Sophie und der
432 4114 1656 4185 Herren Günther und Komma als Martin und Cassian.
