3436 4352
1666 236 2223 333 box 22/1
249 232 1631 342 17. 4. MarienettenZukIns
785 558 1189 640 Oaallenangabe chnd Geueer
412 618 860 713 Ausschnitt aus:
817 643 1524 748 Interessantes Blatt, Wier
633 714 941 799 Z2FEBLI2
453 743 565 795 vom
344 763 672 847 „Numiier 8.
1464 885 2566 976 durchbrennen wollen, wurde von Frau Glöckner sehr!
652 892 1237 1027 Vom Theater.
1461 953 2558 1018 hübsch zum Ausdruck gebracht. Ihre Partner waren
1463 1002 2306 1085 Herr Günther und Homma (assian).
471 1010 1210 1105 Deutsches Volkstheater.
1275 1020 1455 1104 Arthur
366 1077 1442 1148 Schnitzler hat den artigen Einfhll gehabt, für das
358 1111 1443 1198 Marionettäntheater drei hübsche Stücke zu schreiben, in
354 1176 1442 1255 welchen die Schausvieler sich wie Puppen bewegen und
1078 1343 1132 1402 05
1112 1373 1195 1455 00
1409 1405 1462 1475 331
2791 1551 3106 1640 Telephon III. 3051.
2275 1542 2703 1644 S    nhne
2495 1637 2850 1732 Ausschnitt aus
2355 1747 3125 1924 Mnkenter Eemrasanrfter, Ramin.
2653 1979 3011 2074 22 2. 1912
2580 2094 2840 2176 D2S
2552 2174 2899 2263 Wiener Brief.
2242 2244 3264 2336 Artur Schnltzlers Einakter: Der Puppenspieler;
2205 2290 3263 2376 Der tapsere Cossian, Zum großen Wurstel, sind schon
2199 2335 3260 2396 „wiederholt an verschiedenen Bühnen einzeln in
2195 2367 3256 2450 Szene gegangen, ehe sie das Deutsche Volkstheater
2197 2437 3262 2502 zzu dem Zyklus Marionetten vereinigte. Man muß
2206 2466 3255 2517 schon sagen, daß sie einzeln viel besser wirkten. Im
514 2465 794 2541 Karl Günther
1087 2492 1388 2554 Hans Homma
2196 2507 3259 2573 ersten Stück wird von Menschen als Marionetten
1691 2492 1979 2574 Pexi Glöckner
2203 2538 3266 2606 gesprochen, im zweiten agieren sie als solche, im drit¬
354 2517 2104 2632 Fechtszene aus dem Puppenspiel „Der tapfere Kassian“ in der Einakterserie „Marionetten“
2198 2588 3259 2647 ten hängen sie sogar an Fäden, die — in der schön¬
1025 2592 1468 2658 von Arthur Schnitzler.
2198 2625 3258 2685 sten, jedankenvollsten Szene — ein geheimnisvoller
1052 2635 1455 2699 (Deutsches Volkstheater.)
2200 2661 3262 2716 Unbesunnter im blauen Mantel mit dem Schwert
942 2662 1546 2745 Nach einer photographischen Aufnahme.
2194 2706 3254 2753 durchhaut. Doch auf der Bühne versagte diese Stei¬
2195 2747 3246 2805 gerung und der Regie=Einfall verstimmte, daß gleich
327 2751 1430 2833 die dramatischen Effekte breit und mit einfachen Kon¬
2191 2778 3257 2851 in zwei Stücken Menschen als Marionetten agier¬
333 2793 1416 2869 turen ausgearbeitet sind, wie die Kunst für das Begriffs¬
2186 2817 3249 2894 ten. Ein Witz, den man wiederholt, ist kein Witz
322 2847 1413 2937 vermögen des Kindes. Diese Stücke sind auf mehreren
2185 2867 3261 2930 mehr. Die erlesene Feinheit des Schnitzlerschen
2184 2904 3253 2955 Geistes, die auch in kleineren und flüchtigeren Ar¬
329 2896 1412 2980 Bühnen bereits aufgeführt worden und wurden nun
2190 2936 3248 3007 beiten entzückt, bedarf der feinsten, sorgsamsten
322 2950 1417 3029 für das Volkstheater vereinigt und von ersten Kräften
2196 2977 3258 3055 Interpretation. Den tapferen Cossian hat man (auch
322 3011 1419 3069 dargestellt. Sehr großen Beifall fand das von der
2187 3019 3256 3100 in Mannheim) von wirklichen Marionetten spie¬
319 3050 1419 3125 Urania her bekannte Puppenspiel „Der tapfere Kassian“.
2194 3063 3248 3107 len sehen und da wirkte die stilisierte Parodie mensch¬
324 3080 1415 3176 Die Bedrängnis der lieben Sophie, der ihr früherer
2188 3109 3241 3154 licher Empfindungen reizend. Nun sah man Men¬
2184 3139 3249 3195 schen Marionetten spielen, die Menschen spielen;
321 3121 1425 3222 Geliebter Martin und der kaum gewonnene Kassian
2183 3183 3254 3230 natürlich lassen sich diese übereinander liegenden
2182 3226 3243 3289 Schichten nicht darstellen und es blieb nur ein von
2175 3256 3240 3321 allem Geistigen losgelöstes Hampelmännergezappel,
2179 3296 3241 3358 in das höchstens die lustige Pepi Glöckner ein wenig
2177 3338 3239 3404 Humor brachte. Da auch der Darsteller des Puppen¬
2182 3379 3242 3444 spielers nicht mit der in Wien bekannten Meister¬
2182 3420 3247 3480 leistung Bassermanns rivalisieren konnte, war das
2176 3461 3243 3506 darstellerische Ergebnis des Abends kein starkes und
2174 3502 3237 3562 der Beifall, der Schnitzler gezollt wurde (er blieb
2178 3533 3249 3609 nicht ohne Widerspruch), galt wohl mehr den andern
2168 3562 3242 3643 Werken des großen Dichters, von denen die zwei
2168 3621 3233 3686 bedeutendsten: Der einsame Weg, und: Der Schleier
2169 3660 3237 3728 der Beatrice, niemals von Wiener Schauspielern
2175 3696 3261 3786 dargestellt worden sind! Ein Kommentar dazu ist
2177 3734 2436 3799 überflüssig.
