3436 4352
1747 235 2263 328 box 22/11
249 226 1614 328 17.4. Marionetten zukIus
2222 324 2374 421 en
1890 416 2146 491 Brünn.
1226 459 1672 579 PER 11
1834 482 2199 577 Abendblatt
1270 453 1959 673 Piansretsiec
1176 709 2294 809 Ein leiser Widerspruch war merkwürdigerweise auch
1096 790 2290 846 am jüngsten Premierenabend des Deutschen Volkstheaters
1106 841 2288 899 zu spüren, der Artux Schnitzlers „Marionetten“ (Buch
1107 893 2290 954 bei S. Fischer, 1900, Frikke Auflage 1911) zur ersten
1104 936 2298 994 Aufführung brachte. Schnitzler ist ein besonderer Liebling
1096 987 2288 1032 des Volkstheaterpublikums, sein „Anatol“, sein „Ruf des
1100 1033 2297 1092 Lebens“, seine „Liebelei“ und seine „Komtesse Mizzi“ steyen!
1100 1092 2284 1148 im Spielplan dieser Bühne, seine „Lebendigen Stunden“,
1106 1138 2293 1190 sein „Freiwild“, sein „Grüner Kakadu“ und sein „Märchen“
1099 1180 2284 1235 haben hier schöne, zum Teil rehabilitierende Erfolge er¬
1096 1232 2288 1290 zielt — woher also der Widerspruch bei drei an anderen
1096 1280 2287 1335 Wiener Theatern schon aufgeführten und erfolgbelohnten
1092 1330 2298 1415 Einaktern? Den „Puppenspieler“ diesen sieggekrön¬
1096 1383 2300 1427 ten Dichter, der plötzlich die Marionetten des Theaters
1087 1425 2300 1479 verachtet und nur noch mit wirklichen Menschen spielen
1097 1479 2298 1547 will — es gelingt ihm nicht, und, während er mit dem
1089 1530 2290 1587 Leben anderer spielen zu können wähnt, spielt das Leben
1097 1578 2298 1636 grausam mit ihm —, hat 1904 Josef Jarno und 1906
1093 1623 2300 1684 bei einem Gastspiel des Berliner Lessingtheaters Alber:
1086 1683 2298 1739 Bassermann in Wien dargestellt. Bassermann — ich
1088 1727 2287 1786 zitiere mich selbst — „seit Mitterwurzer der blutvollste
1083 1780 2291 1838 und geistigste Schauspieler Deutschlands, vermochte aus
1086 1826 2292 1897 diesem fragwürdigen Lebenskünstler eine vom schmerz¬
1092 1878 2293 1944 lichen Zauber entsagender Einsamkeit wundersam um¬
1092 1940 2289 1993 wehte, unvergeßliche Gestalt zu bilden". Aber auch Jarno
1084 1975 2288 2047 vermechte dem Puppenspieler, der wie Sala den „einsamen
1087 2006 2305 2112 Weg“ wählt, mehr abzugewinnen, als Kramer im Volls¬
1106 2135 2317 2191 theater. Zu fest ist uns mit Kramers Gestalt, Bewegung
1100 2185 2300 2248 und Stimme der Begriff des Chevaleresken, Liebenswür¬
1110 2242 2297 2299 digen, Flotten, Forschen verknüpft, als daß wir ihm diesen
1103 2289 2296 2351 schwermütig gewordenen, grübelnden, sich nur mühsam
1101 2334 2305 2399 aufrecht haltenden „Puppenspieler“ glauben könnten. Dafür
1108 2387 2304 2439 war Erika von Wagner ganz die schlichte, einfache, gute
1108 2433 2302 2504 Anna des Gegenspiels. Die Zuschauer zollten diesem
1101 2478 2313 2548 rein menschlichen Stück, ohne Kramern die Inkongruenz
1097 2533 2308 2598 zwischen seiner Art und der übernommenen Aufgabe ent¬
1109 2586 2013 2647 gelten zu lassen, noch ungetrübten Beifall.
1185 2627 2311 2691 Es folgte aber „Der tapfere Cassian“, mit dem
1101 2684 2300 2751 uns im Fruhjahre 1911 Paul Brauns Marionettentheater
1108 2730 2297 2784 der Münchener Künstler vielen Spaß bereitet hat. „Der tap¬
1102 2788 2298 2848 fere Cassian“ ist nicht ein metaphorisches Marionettenspiel,
1101 2831 2300 2896 er ist nicht eine menschlich=allzumenschliche Komödie mit der
1095 2881 2309 2945 Pointe, daß wir alle passive Püppchen an Drähten seien, die
1097 2930 2301 2995 eine unbekannte, geheimnisvolle Macht lenke! Nein! „Der
1105 2979 2304 3033 tapfere Cassian“ ist ein wirkliches Marionettenspiel für die
1105 3028 2311 3088 wirkliche Puppenspielbühne des Grafen Pocci und des
1097 3078 2308 3147 Münchener „Papa Schmidt“, der vor einigen Tagen bei der
1098 3129 2308 3196 Feier seines neunzigsten Geburtstags mit ungeschwächtem
1103 3181 2309 3239 Humor den Kasperl Larifari gesprochen hat. Deshalb ist auch
1093 3240 2309 3291 der Einakter, in welchem „Der tapfere Cassian“ seinem jun¬
1103 3273 2312 3342 gen Vetter Martin Mädel, Geld und Leben nimmt, drastisch
1093 3328 2313 3382 und grotesk, wie es dem Spiel von Marionetten wohlange¬
1106 3378 2303 3444 messen ist, die zartere Seelenregungen nicht auszudrücken
1092 3428 2303 3480 vermögen. Das Volkstheaterpublikum, von dem wahrschein¬
1107 3478 2311 3528 lich nur ein verschwindend kleiner Bruchteil das Spiel in
1103 3535 2302 3589 Brauns Marionettentheater gesehen hatte, fand sich im Un¬
1109 3581 2308 3635 gewohnten nicht zurecht, war verwirrt et hine illae
1106 3624 2305 3689 lacrimae, jene Zischlaute! Auch wollte die Regie das Stück
1106 3677 2310 3737 marionettenhaft spielen, traf dies aber nicht ganz. Man
1096 3737 2302 3797 hätte ruhig die drei Persönchen, wie die Theaterfigürlein der
1107 3788 2311 3839 Schlußkomödie „Zum großen Wurstel“, an Fäden (Drähten)
1106 3825 2310 3885 aufmarschieren lassen sollen, damit das Publikum, frei von
1097 3873 2308 3936 beunruhigender Ungewißheit, sofort klar gesehen hätte. Die
1110 3924 2306 3988 Darsteller suchten mit automatenhaften Bewegungen beim
1114 3984 2308 4033 Gehen, Stehen und Setzen die Art der Marionetten nachzu¬
1107 4026 2316 4085 ahmen. Es gelang dies aber nur Frau Glöckner; Homma.
1112 4069 2321 4144 Cassian und Günther Martin, die im übrigen recht lustig
1235 4124 2306 4182 haben offenbar ebenso wie der Regisseur ein Mario.
