3392 4352
1616 236 2204 341 box 22/11
177 245 1546 344 17.4. Marionetten—ZykIns
1529 1247 3298 1318 Und mit ihm die verlotterte Langweiligkeit der Regie und auch sonst wacker. Lautensacks
328 1237 699 1364 AA
684 1124 1258 1368 Ghrater
2664 1293 3307 1367 kampf“, Schmidtbonns holzsch
1467 1296 2671 1365 der Schauspieler. Es ist einfach nicht wahr, daß das Burg¬
2672 1331 3298 1408 zwei etwas karge Komödien Orto
1461 1343 2664 1402 theater heute Schauspieler habe wie keine andere Stadt. Heine,
1473 1390 2655 1441 Nießler, Gerasch, Korff sind Ornamente, aber keine Eckpfeiler.
2663 1384 3265 1454 quis von Keith“, Strindbergs
388 1366 1339 1456 Das Wiener Theaterjahr
2671 1431 3299 1496 weitaus größer, wenn das Sch
1466 1433 2657 1487 Die Wohlgemut wiederholt sich, die Bleibtreu bleibt stehen und
539 1439 1203 1534 Vog Oskar Maurus Fontana
2667 1482 3293 1541 städtertheaters ein besseres und
1472 1484 2669 1531 das stärkste schauspielerische Temperament des Buratheaters
337 1496 1476 1562 Man fängtgen sich zu erinnern. Man sucht in seinem
2665 1519 3302 1597 eilig und zusammengeweht wär
1473 1512 2670 1580 (eines der stärksten der Schaubühne überhaupt), die Medelsky,
272 1545 1472 1619 Gedächtnis, wos halten geblieben sein sollte, was man etwa
1475 1568 2675 1630 muß im Schatten bleiben und will nach Berlin. Die Regie
2707 1569 3306 1648 Der Erfolg der Saison war#
280 1601 1475 1663 später einmal seinen Kindern und Enkeln erzählen müßte, Glor¬
1476 1613 2658 1666 hat Herr Berger. Wenn man ihn nicht merkt, ist sie am
2662 1608 3291 1697 bühne. Fünfzigmal, hundertmal
276 1656 1465 1712 reiches, Schimmernyes, Glänzendes. O weh! Dieses Theater¬
1478 1659 2664 1710 besten. Der „lebendige Leichnam" und das „weite Land“
2670 1669 3298 1741 fortgespielt. Aber die Residenzb
275 1693 1475 1746 jahr war eine Niete rundum und weitum, ohne Turm und
1475 1694 2666 1757 waren so, grobkörnig gediegen. Je mehr er sich aber zeigt,
2664 1716 3299 1770 den, weil sie die interessantesten
276 1734 1479 1799 ohne Ragendes. Kein Sänger wird ihm erstehen, kein Helden¬
1469 1748 2664 1811 desto heilloser wird es. Die „Makkabäer“ stolperten am ärg¬
2668 1759 3300 1821 hatte, „Léonce und Lena“, dies
269 1777 797 1851 buch von ihm vermelden.
1464 1788 2661 1860 sten über ihn. Der „Traum ein Leben“ und der „Meineid¬
2674 1805 3306 1866 mödie deutschen Geistes, war die
339 1801 1474 1878 Vielleicht nicht nur von dem Wiener, es lag über ganz
1472 1830 2666 1887 bauer“ waren Festvorstellungen, die Gänsefüßchen fehlten nicht.
2667 1851 3292 1914 dieser Sonderaufführung Georg
278 1852 1475 1925 Deutschland ein grauer, trüber Theaterhimmel, aber doch ganz
1481 1881 2660 1927 Der Kleistzyklus fing an und schloß mit dem „Zerbrochenen
2675 1891 3283 1955 wenigstens versuchen. Hernach
279 1906 1470 1968 besonders über Wien. Und man vermag das nur mit Freude
1473 1923 2662 1975 Krug“, den Thimigs Regie vor Bergers Regie rettete. Auch
2665 1935 3303 1993 Lustspiel „Scherz, Ironie, Satir
277 1961 1480 2015 zu sagen, zuerst, weil es ja nicht mehr trüber werden kann,
1473 1958 2665 2013 Heine führte Regie, das erstemal bei der „Sprache der Vögel“
2673 1980 3296 2037 die Bühne. Die Wirkung war
267 1983 1476 2057 zuzweit, weil man Hoffnung hat, und wie mir scheint begrün¬
1477 2006 2665 2077 von Adolf Paul, sehr lebendig, erqnickend farbig, man fing an
2685 2026 3293 2094 Aber ich habe nichts Interessant
274 2048 1483 2102 dete Hoffnung, daß sich im Wiener Theater ab Herbst manches
1474 2055 2678 2111 zu hoffen das zweitemal bei „Cäsar und Cleopatra“ und man
2678 2058 3292 2149 in Wien gesehen als diese Auff
283 2091 1478 2146 begeben wird, das von unserer Zeit genährt und gefüllt sein
1481 2082 2676 2160 yörte auf zu hoffen bei, dieser Hoftheaterei. Im Gedenken
2725 2118 3297 2190 Die freie Volksbühne hatte
278 2136 431 2202 wird.
1488 2141 2683 2207 bleibt für die Söhne und Enkel:. Die niederträchtigste Vor¬
330 2154 1474 2234 Es wird sich dieses nicht im Burgtheater und unter Baron
2670 2168 3304 2249 tun, daß für anderes fast gar
1481 2191 2676 2244 stellung, die ie iemals sah: „Der Seeräuber“ von Ludwig
280 2202 1474 2276 Berger begeben. Wer noch irgend eine ideale Forderung an
2673 2220 3301 2283 „Faust"aufführung war das ein
1474 2224 2674 2292 Fulda. Die Schäbigkeit und Zuchtlosigkeit der Aufführung war
275 2267 1473 2323 ihn zu stellen die Unberührtheit hatte, ist im Verlaufe dieses
2673 2261 3299 2328 Teil wenigstens. Man sah einen
1479 2279 2682 2338 beispiellos. So sieht es um die künstlerische Bilanz des Baron
283 2323 1481 2368 Jahres entweder romantisch verschieden oder realistisch Thea¬
2675 2308 3301 2368 im Vergleich zu den anderen
1484 2321 2385 2385 Berger in seinem zweiten Wiener Jahre aus.
282 2356 1494 2414 terkassier geworden, also Ehrenmitglied des Burgtheaters in
2674 2342 3294 2432 bleibt die heurige Ausbeute ger
1536 2346 2671 2430 Und die Privattheater? Es wird sich auch nicht in diesen
286 2399 1484 2460 jedem Falle. Denn die Toten und die Geldwechsler haben
2727 2404 3294 2489 Jedoch nächstes Jahr! Und
1486 2406 2683 2468 das begeben, was wir erhoffen. Ein Gesellschaftstheater wie
294 2446 1479 2504 Glanz und Ruhm des Burgtheaters von heute in ihren Hän¬
2679 2446 3298 2525 daß die freie Volksbühne in ihr
1483 2461 2666 2520 das Deutsche Volkstheater wird immer mit der künstlerischen
278 2487 1476 2554 den. Aber Baron Berger weiß schon, was und für i#en er
1486 2509 2666 2556 Schaubühne nicht viel zu schaffen haben. Die Bilanz einer
2672 2500 3295 2563 und das hlutende Erleben unserer
276 2545 1479 2593 es tut. Als er voriges Jahr auf Sommerferien gehen konnte,
1481 2544 2669 2599 solchen „moralischen Anstalt“ wird immer nur mit Zahlen zu
2664 2557 3290 2616 wieder schenken werde, daß wir
271 2577 1478 2624 da hatte er in einem Jahre das künstlerische Debacle erlebt,
1489 2598 2675 2646 bele#en sein. Und so muß man sagen, das Volkstheater hatte
2668 2594 3288 2669 so lange und so schmerzlich vern
272 2613 1481 2670 das Schlenther erst nach zehn Jahren beschieden war. Als Mensch
1480 2640 2677 2705 ein schlechtes Jahr, nicht weil es Maeterlincks aufgedonnerten
2668 2642 3264 2696 eine Hoffnung tut sich auf:
275 2663 1482 2726 mit Witterungssinn hatte er das sofort heraus, und als Mensch
1480 2681 2675 2742 „blauen Vogel“ Andrejews Wasserleiche „Anathema“, Ver¬
2672 2673 3292 2745 kommt in neue Hände. Ein M
281 2721 1482 2775 mit talmudischer Schlauheit hatte er auch sofort das Gegen¬
1485 2726 2677 2779 haerens Beredsamkeit „Das Kloster“, Schnitzlers miniatur¬
2663 2720 3294 2806 Dr. Emil Geyer, will sie in re
279 2752 1480 2809 mittel bereit: Die Kasse. Am Künstlerischen ist wohl nie ein
2521 2767 2682 2829 Klas
1485 2767 2487 2829 hafte. „Marionetten“ gleichermaßen spterte
1368 2791 1483 2847 dies
2723 2775 3301 2846 Und wir merken auf und bei
281 2783 1384 2847 Theaterdirektor gescheitert, am Finanziellen“ immer —
1487 2813 2679 2881 siker, nämlich im Tempo und im Stil anno 70, sondern weil
2669 2830 3291 2897 keiner Wende unseres Theaterle
285 2836 1486 2897 sagte er sich. Und der Mann, der für das vergangene Jahr
1484 2858 2672 2917 der französische Schlager ausblieb. Und der ist für die Wies
2670 2885 3281 2945 ie Losung. Von diesen drei
286 2892 1484 2945 Eulenberg, Zweig, Kleist, Ibsen, Hebbel angekündigt hatte,
1480 2898 2446 2978 ner Gesellschaft und ihr Theater am wichtigsten.
2676 2923 3278 2990 Geyer, die über unseren Sumpf
292 2928 1483 2978 ließ alles in Fetzen gehen, warf alles über Bord, um nur ja
1531 2944 2678 3018 Das Josefstädtertheater nährte sich besser von Frankreich
285 2974 1488 3031 seine Stellung zu sichern, um nur ja „oben“, zu gefallen.
2676 2965 3296 3031 gen unsere nächsten zehn Jahre
1493 2988 2682 3068 weil es nicht gezwungen ist, Gesellschaftsstücke sich übersetzen
291 3019 1486 3071 Und er hat Kasse gemacht. Er hat es stolz den Reportern
2672 3012 3292 3091 Theaterstadt wird oder ob es d
1483 3055 2680 3110 zu lassen, sondern lieber ein Verhältnis mit dem gallischen
284 3060 1485 3112 verkündet und dabei wieder ein Wörtchen von Tradition fallen
284 3102 2685 3161 lassen. Er bleibt uns also erhalten, der Baron Berger, nach Schwank eingegangen ist, und weil es den wunderbar sonnigen
288 3148 638 3212 L##kam Erfala“
1488 3133 2709 3213 vornehmen und witzigen Maran besitzt. Aber es hielt sich
