3436 4320
956 216 1465 292 Ehristiania, Genf, Kopen¬
301 224 1459 349 F hagen, London, Madrid, Mailand, Minncapolis, New-Vork,
408 288 1440 378 Paris, Rom, San Francisco, Stockholm, St. Petersburg.
725 332 1115 398 (Quelienangabe ohne Gewähr.)
1228 361 1449 445 0..
316 360 792 448 ∆ Ausschnitt aus:
1050 401 1232 479 ANE
302 437 373 484 210
1191 434 1254 500 1
1272 442 1363 506 137
841 432 1488 549 Amstanat Sanael intelschar
297 478 545 539 E vom:
600 584 1146 678 Theater und Kunst.
746 653 1060 714 Lobetheater.
435 677 1437 753 Montag, den 9. März: „Marionetten". Drei
365 718 1089 813 Einakter von Arthux Schnitzler.
440 782 1447 837 Eine Montagspremis## Lobetheater, — das ist,
370 818 1442 873 wenn nichts Neués überhaupt, zumindest etwas Ungewöhn¬
367 850 1445 896 liches, lange nicht Dagewesenes. So geht es in den Zeiten
375 896 1451 947 der Operettenhochkonjunktur: der „Walzertraum“ füllt.
373 931 1450 971 am Sonnabend das Theater, dafür kann die Direktion
361 970 1448 1022 dann am Montag ein halbleeres Haus riskieren, um dem
379 1003 1445 1048 literarisch gesinnten Teile des Publikums ein wenig
378 1039 1435 1087 Extrakost vorzusetzen. Von den drei Gängen des Einakter¬
364 1076 1440 1130 Menüs war nur der mittlere, das Puppenspiel „Der
369 1117 1430 1162 tapfere Cassian“ wirklich neu für Breslau. Die „Studie“
367 1139 1449 1203 „Der Puppenspieler“ ist schon vor mehreren Jahren im
367 1184 1449 1235 Lobetheater gegeben worden und die Burleske „Zum
360 1234 1434 1286 großen Wurstel“ ist wenigstens den Besuchern der Stadi¬
357 1256 1441 1317 theater=Redoute, und somit auch einem Teil unserer
366 1297 1446 1340 „Literarischen“ bereits bekannt. „Der Puppenspieler“ ist
369 1336 1445 1387 so undramatisch wie möglich, in der Tat nur eine Studie,
373 1379 1434 1421 aber eine Studie von intimem Reiz, die die Symbolik des
366 1409 1438 1459 Titels „Marionetten“ (mag dieser auch erst nachträglich
369 1445 1448 1491 gewählt sein), in der feinsten Weise zum Ausdruck bringt.
365 1489 1438 1531 Mit jener diskret lächelnden, innerlich ein wenig weh¬
369 1519 1438 1576 mütigen Ironie, die Arthur Schnitzler so gut zu Gesicht
365 1556 1435 1605 steht. Da meinte er nun, mit den Menschen wie mit
370 1594 1441 1655 Puvpen gespielt zu haben, dieser sich so „frei“ dünkende
362 1640 1434 1702 Künstler und Schriftsteller Georg Merklin, und nun muß
360 1676 1431 1732 er nach 11 Jahren die Erfahrung machen, daß die Menschen,
357 1708 1426 1775 die er an den Fäden gehabt zu haben glaubte, sein „Spiel“
362 1750 1432 1801 verdorben, es zu ihren Gunsten gelenkt haben, und daß
365 1785 1430 1833 er die Marionette des Schicksals war. Das sind schließlich
361 1822 1439 1858 die Anderen letzten Grundes auch, aber ihn trifft's
354 1855 1444 1910 empfindlicher. Dieser Georg Merklin redet viel und Herr
356 1896 1438 1946 Bauer hätte sich darum Mühe geben sollen, etwas ver¬
353 1926 1442 1991 ständlicher zu sprechen. Herr Halpern und Fräulein
351 1956 1440 2028 Hammer verkörperten das Ehepaar Eduard Jagisch und
369 1995 1438 2052 Frau Anna so schlicht und sympathisch, wie diese beiden,
362 2035 1432 2090 in stillem häuslichem Glück vereinten Menschen gespielt
357 2074 1216 2128 werden müssen, und unser „Klein=Wagner“
1208 2083 1430 2134 gab das
371 2117 1424 2183 Söhnchen Georg so hübsch wie immer. „Der lapfere
1161 2146 1479 2208 K
808 2160 880 2210 S
401 2187 1473 2247 Cassian“ illustriert die alte These, daß das Weib dem
402 2231 1474 2274 Stärksten verfällt. Die Gestalten, die hier die Träger des
402 2288 1478 2326 ironischen Grundgedankens sind, stehen auf der Grenze
401 2305 1479 2351 zwischen Marionetten und Menschen, aber schon mehr im
409 2339 1477 2396 Puppenlande wie noch im Menschenreiche. Und hinter
410 2379 1471 2438 dem Ganzen lauert noch die geheime Absicht, die
399 2410 1479 2469 Neoromantik zu verspotten. Das merkt aber nicht Jeder.
397 2451 1484 2501 Der Zuschauer kommt aber auch ohne diese Nebendeutung
401 2495 1473 2542 auf seine Rechnung, wenn er sich einfach an die kleine
399 2520 1486 2573 Abenteuergeschichte hält, wie der ruhmredige, rauhe Kriegs¬
397 2578 1486 2618 mann Cassian seinem Letter Martin Geld, Hut und
407 2610 1487 2646 Liebchen abgewinnt und ihn obendrein noch im Stuben¬
399 2638 1484 2687 duell ersticht. Vetter Martin haucht flötespielend sein
400 2672 1493 2725 Leben aus, aber die eigentlich Leidtragende ist Sophie,
405 2708 1483 2769 das Liebchen, denn der tapfere Cassian, dem sie sich nun
397 2749 1478 2799 hingeben muß, wird nun an Stelle Vetter Martins aus¬
409 2792 1489 2839 ziehen, um das fabelhafte Weib Eleonora zu erobern, das
405 2825 1494 2870 dieser mit seiner feurigen Liebe und seinen durch Würfel¬
406 2863 1486 2905 spieltricks gewonnenen Dukaten erringen wollte. Herr
406 2901 1492 2945 Regisseur Bonno hatte das Stückchen mit gutem Stil¬
398 2932 1493 2994 gefühl auf den Puppenspielton gestimmt. Die Darsteller
408 2967 1490 3037 ägierten wie Marionetten an unsichtbaren Fäden und
403 3021 1494 3067 redeten im mechanischen Rhythmus von Sprechautomaten.
409 3056 1488 3100 Herr Wallauer beging keinen Fehler, daß er den im
414 3089 1492 3150 Renommieren, Fechten und Würfelspielen gleich leistungs¬
410 3120 1483 3171 fähigen Cassian nicht rein automatisch gab, sondern ihm
415 3155 1491 3204 etwas Fleisch und Blut von derber Landsknechtsart lieh.
417 3189 1486 3246 Frl. Jauck war ein süßes Püppchen und Herr Sioli
410 3243 1486 3289 traf die Karikaturromantik, mit der der Dichter die
414 3279 1494 3329 Rolle des Vetter Martin ausgestattet hat, auch sehr gut.
405 3306 1494 3365 Die kleine Dienerrolle sprach Herr Schybilsti stil¬
408 3335 1486 3399 gemäß. In der Burleske „Zum großen Wurstel“ agieren
416 3391 1485 3435 die lebenden Marionetten an wirklichen Fäden. Außerdem
413 3422 1491 3468 sind noch eine Menge Marionetten ohne Fäden da, das die
403 3457 1483 3497 Vorgänge des Marionettenstückes kommentierende „Publi¬
415 3496 1493 3544 kum“ auf der Bühne. Das wirkliche Publikum kann nun
451 3531 1500 3584 — und das ist ein Vorzug des Stückes — sich sowohl an
414 3575 1490 3632 den feingeschliffenen, satirischen Anspielungen auf die
406 3610 1469 3653 moderne dramatische Literatur von Sudermann bis —
414 3627 1494 3691 ja, es bleibe dahingestellt, wie weit der letzte auf die Neu¬
415 3679 1493 3727 romantischen gezielte Pfeil Arthur Schnitzlers gerichtet ist
462 3723 1487 3765 ergötzen, oder auch sich nur an den amüsanien äußeren
412 3745 1495 3807 Vorgängen der Burleske erheitern. Die Mehrzahl des
415 3792 1480 3839 Publikums war wohl vorzugsweise auf das Letztere ange¬
412 3826 1483 3877 wiesen, — es schien, als ob nicht einmal der leichterkennt¬
1390 3861 1505 3926 gut
415 3870 1390 3918 liche sudermännische „Raisonneur“ des Stückes so
414 3894 1448 3948 verstanden wurde, wie bei der Redouten=Aufführung, —
414 3935 1480 3985 aber da die wechselreichen Phasen der Burleske genügend
418 3977 1483 4022 Anlaß zur Erheiterung bieten und das Zusammenspiel der
423 4014 1488 4070 rund 30 Mitwirkenden flott und lebendig war, so sam
422 4048 1483 4101 ein hübscher Erfolg zustande, ein stärkerer, als wie er den
403 4076 1490 4154 beiden vorangegangenen Einaktern beschieden gewesen war.
1249 4123 1418 4188 K. M.
2981 1097 3358 1155 Marionetten anm
2345 1089 2530 1172 Mf 6
2000 1092 2181 1176 ∆ Aund.
1613 1103 1695 1176 n
2983 1140 3379 1207 terch ön Söf
1617 1139 2950 1263 Lobelheater. (6/ 20
2991 1193 3362 1265 Sinnenlust, deum
1605 1212 1773 1289 Sise
1931 1205 2532 1297 „Marionetten.“
2989 1233 3368 1309 Sioli) hingegever
1648 1254 2970 1357 # Die erfolgreiche Pflege des m odernen Einakterzyklus ist
2980 1271 3332 1355 er an 'dem' ju
1620 1318 2969 1376 # von Artur Schnitzler ausgegangen, und keiner seiner Nach¬
2982 1318 3372 1392 wilt minen er
1628 1377 1671 1430 4
1663 1363 2971 1452 folger hat soor Wie der Verfasser des „Grünen=Kakadu“
3309 1377 3370 1429 brid
2975 1363 3187 1437 Eleonora
1685 1424 2969 1489 und der „lebendigen Stunden“ eine gemeinsame Grundidee
2977 1418 3168 1492 Abentell
1672 1466 2971 1549 mannigfaltig in verschiedensten Spielen widerzuspiegeln ver¬
2988 1469 3151 1535 zu kön
1678 1510 3145 1574 standen. Ja es erscheint Schnitzler gegenüber fast wie eine Walla
1669 1556 3157 1630 plumpe Karikatur, wenn Sudermann in seiner letzten Einakter= Exempli
1678 1602 3152 1686 reihe statt durch ein geistiges Band ebenso bequem als äußerlich ##63 Ji
1679 1657 2982 1738 durch das Vorkommen von „Rosen“ vier Stücke zu einem
2981 1663 3144 1739 sich au
1676 1699 2975 1775 Zykius vereinigen zu können glaubte. Aber auch Schnitzler
2989 1706 3160 1778 Begehre
1686 1749 3172 1812 selbst ist es in seinem vierten Einakterzyklus nicht so gut wie hi und
3333 1758 3374 1826 5
3287 1795 3365 1863 Mll
1682 1799 3232 1878 früher gelungen, den inneren Zusammenhang der einzelnen seinen Vett
2984 1846 3376 1918 Söfie für für
1688 1849 2985 1912 Stücke ohne weiteres deutlich hervortreten zu lassen. Dies geht
1670 1900 3316 1966 schon aus der auffälligen Tatsache hervor, daß unserem Lobe¬ soklen wir #nch
1672 1937 3376 2000 theater das Verdienst vorbehalten blieb, als erste Bühne den mit Lüchen be
3156 1991 3375 2053 oprn(rof
2964 2001 3017 2045 111
1684 1990 2973 2042 Einakterzyklus im Zusammenhange zu geben, obwohl er bereit¬
2982 2029 3376 2107 ## nonsichtte u
1680 2038 2990 2100 vor einigen Jahren als Buch erschienen ist.!) Das erste Stü.
1687 2081 3224 2152 „Der Puppenspieler“ hat schon im September 1903  Unt'ir
1685 2122 3095 2206 seine Uraufführung im Deutschen Theater zu Berlin erlebt und er
1685 2195 3121 2256 ist dann im Dezember des gleichen Jahres zusammen mit sersten
1685 2238 2992 2314 Wildes „Salome“ im Lobetheater gegeben worden. Die in
2987 2238 3126 2299 überi
1675 2285 2985 2354 Berlin von Irene Triesch gespielte Rolle der blonden Frau
2987 2285 3152 2340 übergel
1684 2321 2983 2381 Anna wurde damals Frl. Santen anvertraut. Diesmal war
2997 2331 3130 2397 seine
1678 2379 2990 2436 an ihre Stelle Frl. Hammer getreten. Wenn die Rolle durch
2985 2382 3139 2443 Dolché
1674 2420 3127 2480 diesen Tausch nichts verlor, so haben die beiden männlichen Dichte
1684 2465 3126 2548 Rollen des in selbstgefälliger Einsamkeit verkommenen Genies!! Grafe
1686 2509 3126 2578 und des in glücklichem Familienfrieden befriedigt lebenden #po#'a
1687 2570 3108 2638 Musikers entschieden gewonnen, indem die Herren Bauer und lich;
1695 2613 3120 2671 Halpern die Herren Bernau und Burgarth ablösten. SchnitzlerAusft
1694 2663 2991 2724 selbst hat das Stück „eine Studie“ genannt, und es ist eine
2990 2665 3106 2730 der
1692 2709 2986 2788 pfychologische Studie, deren Feinheit i Theater nur bei aus¬
2990 2717 3092 2778 An.
1692 2752 2981 2831 gezeichneter Darstellung die verdiente Würdigung finden kann.
2996 2765 3120 2819 mütic
1686 2804 2987 2864 Wie der lebensfrohe Musiker den kranken Gemütszustand eines
2995 2807 3114 2884 Kriti
3009 2862 3104 2912 ann
1693 2853 2986 2906 schiffbrüchigen Freundes nicht versteht und nur Annas weib¬
1693 2902 2994 2978 licher Instinkt die Hoffnungslosigkeit des ehemaligen Genies
2995 2894 3132 2966 Dicht
1695 2947 2990 3000 empfindet, so werden auch beim erstmaligen Anhören des
3008 2958 3205 3022 „Phantaf
3312 2985 3371 3039 □
1703 2993 2996 3055 Stückes im Theater schwerlich alle Zuhörer sofort die bittere
3003 2992 3292 3070 sprechen lüsse
3008 3034 3360 3115 fatirei„De###
1697 3056 2750 3122 Ironie in diesem Seelengemälde ganz empfinden.
1793 3094 2993 3157 Georg Merklin, zu dessen Genie in erwartungsreicher
2998 3085 3380 3161 parodieren wöste
1697 3137 2996 3196 Jugendzeit alle seine männlichen und weiblichen Freunde be¬
2993 3140 3383 3208 treibe“ Er#kut
1687 3180 3369 3243 wundernd aufblickten, hatte im Gefühle seines Übermenschen=Escheidenden Grün
1697 3241 3366 3303 tums seine ganze Umgebung zu beherrschen geglaubt. Wie Theäters entsteht
1701 3286 3360 3346 Puppen sollten sie an den von ihm gezogenen Drähten tanzen; schönim Aristol
1707 3323 3023 3409 er fühlte sich als ihr Schicksal. Aber in Wirklichkeit hat der
3015 3337 3367 3411 sich selbst zu ##b
1715 3386 2999 3456 Puppenspieler nichts von dem inneren Leben der von ihm
3011 3382 3377 3454 und noch miehr
1709 3427 3006 3494 Unterschätzten gewußt, das ihm sich darbietende wahre Glück
3009 3423 3384 3497 heit des mensch
1698 3469 3367 3521 von Annas Liebe nicht geahnt und selbst sich von einem sespruch in uns.
3019 3515 3376 3591 Die! wuniderliche
1708 3529 3014 3586 schlechten Weibe nasführen lassen, an dem sein Talent und
3022 3566 3370 3640 größter Lebendi
1699 3575 3011 3639 Lebensglück scheitern sollten. Aber gibtges nicht Vorgänge im
3018 3614 3376 3688 mehrlAs einm
1697 3633 3011 3698 Leben, die wirklich wie ein Puppenspiel, wie tanzende
3005 3676 3371 3746 sein. E chauspiel
1824 3684 3014 3767 )Marionetten. Drei Einakter von Artur Schnitzler. Zweite Auflage.
3010 3722 3382 3806 dieser vom The
1718 3755 2781 3825 Berlin, S. Fischers Verlag 1906. 146 S. 8°, 2 Mk., geb. 3 Mk.
