3484 4320
1292 252 1341 331 7
1776 245 2294 352 box 22/10
265 254 1629 371 17.4. Marienettenklus
876 1378 1471 1488 Bücherschau. #%
881 1419 2426 1556 „Marionetten.“ Drei Einakter von Arthur Schnitzler. Verlag von S. Fischer, Berlin.
993 1507 2473 1582 In der letzten Nummer dieser Zeitschrift wurde das wahre, verständnis= und liebevolle
882 1602 2474 1651 Wort gesprochen, Schnitzler sei der feinste und stillste Dichter, den Wien besitzt.*) Ich will es
885 1626 2318 1698 erweitern: der feinste und stillste Dichter Österreichs, sein größter unter den Lebenden.
1012 1663 2476 1762 Freilich, Schnitzlers Dichtungen, auch seine Dramen, sind mehr novellistischer Natur. Sie
882 1715 2478 1801 sind, wenigstens seine letzten Werke, viel mehr dramatisierte Verkörperungen des tiefsten und innersten
886 1764 2475 1854 Seelenlebens als der äußeren Geschehnisse. Statt sich in Taten gewaltsam zu e###laden, leuchten
889 1811 2473 1906 die feinsten und zartesten seelischen Empfindungen und Gefühle in einem hellen und milden Lichte
892 1864 2479 1951 auf, das uns tief hineinblicken läßt in das geheimste, dunkle Getriebe des Menschenherzens. Fast
888 1935 2489 2014 scheint es, daß der Phantasie Schnitzlers, je schwächer und schmächtiger sie in der Erfindung
841 1973 2425 2100 von Geschehnissen wird, um so stärker und voller sich in der Erfindung von Charakteren
848 2066 1018 2135 entfaltet.
971 2068 2418 2163 Aber sind es auch vielleicht minder wirksame, in der Handlung mitunter überspitzte
839 2154 1762 2216 Theaterstücke, so sind es doch desto größere Dichtangen.
960 2164 2038 2272 So auch „Der Puppenspieler“ der erste der neuen Einakter.
959 2231 2412 2309 Der Grundgedanke: Die Menschen sind nur Puppen, die, an den Drähten des Zufalls
851 2290 2409 2369 gelenkt, auf dem großen Marionettentheater des Lebens hüpfen und spielen. Und der Puppen¬
849 2323 2424 2420 spieler, der da vermeint, seine Mitmenschen selbst lenken zu können, kommt zur Erkenntnis, daß
846 2403 1621 2470 er selbst nur eine Marionette des Zufalls ist.
973 2445 2420 2507 Es ist kein Drama. Schnitzler nennt ei auch, dies selbst erkennend, nur eine Studie.
850 2487 2425 2559 Es ist ein einzelner Gedanke, in dramatische Fam gebracht. Aber das Ergebnis der reifsten
843 2547 2414 2613 Erkenntnis, der tiefsten Lebensweisheit. In der nübertrefflichen Weise Schnitzlerschen Dialogs.
964 2579 2415 2641 Der zweite Einakter: „Der tapfere Casian“, ist ein wahres, wirkliches Puppenspiel.
859 2638 2419 2706 Eines, das auf einem Marionettentheater, für dis es auch bestimmt ist, der stärksten Wirkung
858 2680 2414 2761 sicher sein kann. Puppenhaft in jeder Bewegung ind jedem Geschehnis. Aber das Ganze über¬
847 2737 2430 2802 haucht von einer höheren Ironie, der die Puppen soch Menschen und die Menschen wieder nur
859 2799 1111 2864 Puppen und.
969 2804 2420 2894 Und dann das Satirspiel: „Zum große Wurstel.“ Zuschauer und Schauspieler,
857 2883 2425 2947 Direktor und Dichter des Marionettentheaters, ae toll durcheinander gewirbelt, spielen das
854 2940 2423 2997 zwercherschütternde Spiel mit. Ein Theater samt einen Zuschauern auf dem Theater. Puppen
860 2989 2390 3048 und Menschen, die Literatur, Wien und nicht zuletz der Dichter selbst — ein Wurstelprater. —
858 3038 1685 3101 Ist doch die ganze Welt nur ein Wurstelprater!
985 3066 2426 3151 Und so ist es eine köstliche Satire Schnilers auf die Menschheit und sich selbst, den
865 3123 2434 3193 ewigen Räsoneur des Lebensdramas. Ein Spiel zwar nur für einen kleinen, intimen Kreis
859 3172 2427 3245 von Eingeweihten und Lebensphilosophen berechn;, die aber verstehen, daß in dieser tollen
870 3222 2432 3293 Burleske des Dichters das feinste Verständuis der Pelt und seiner selbst zum Ausdruck gelangt.
983 3285 2436 3348 Keine Theaterstücke — aber Dichtungen ds feinsten und stillsten Dichters Österreichs.
2049 3320 2399 3399 J. Fürth (Prag).
