3484 4352
290 261 1649 360 17.4. Marionetten zukIns
392 945 1499 1043 viow-Toia, # alls, Rom, San Francisco, Stockholm, St. Posers¬
802 1007 1105 1067 burg, Toronto.
736 1037 1136 1107 auelienangabe ohne Gewähr.)
385 1051 1609 1181 Ausschnitt aus: Sohl- u. Möhlags Lsitung, Wier
380 1181 995 1290 vom: 12 FES. 46 12
870 1355 1126 1433 Theater.
531 1399 1589 1486 (Deutsches Volkstheater.) „Marionetten“ von Artur
429 1455 1598 1517 Schnitzler. Die drei Einakter sind nicht Erzeugnisse aus der
429 1524 1601 1570 jüngsten Zeit des Dichters und sie sind auch nicht unbekannt. Viel
424 1567 1599 1631 Worte über dieselben zu verlieren, hätte schon deshalb wenig Sinn.
423 1618 1604 1686 Der Schnitzlerschen Phraseologie, diesem reinlichen und it Bedeutung
424 1668 1601 1726 frisierten Geplauder zuzuhören, ist keineswegs unangenehm. Die glatte
425 1715 1590 1763 Suada, der gut und sicher gearbeitete Dialog, mit trefflichen Scherzen
429 1760 1586 1817 und richtigen Beobachtungen kräftig durchsetzt, bringt eine gewisse
417 1810 1598 1864 warme Stimmung zuwege, der man sich ganz gerne hingibt, auch
424 1856 1591 1907 wenn man spürt und weiß, daß man ohne großen inneren
422 1913 1584 1981 Gewinn weggehen wird. Auch die sonstigen unerläßlichen Theater¬
354 2001 1531 2041 ingredienzen, wie Ironie, Satire und die tiefere Bedeutung sind in
362 2042 1517 2122 den dramatisch=chemischen Kompositionen in ausreichenden Dosen vor¬
357 2097 1529 2154 handen, nur daß die Hauptsache — Wucht und Sinn der Handlung
411 2148 1514 2211 in einem allzu schmerzlichen Mißverhältnis zum Aufwande an
348 2189 1510 2250 Worten, Bildern und Figuren steht. Die eigentlichen Marionetten¬
349 2243 1514 2296 spiele, also „Der tapfere Cassian“ und „Zum großen Wurstel“ (ohne
354 2285 1520 2368 den Hokuspokus des marktschreierischen Schlußeffekts) schneiden in
358 2339 1511 2393 diesem Sinne viel besser ab als „Der Puppenspieler“, den Schnitzler
350 2388 1528 2442 als „Studie" bezeichnet, der aber nur zeigt, daß der Autor die Technik
345 2432 1521 2502 des nordischen Dichters — das von rückwärts nach vorwärts Abrollen des
357 2485 1527 2547 Lebensfilms — allzu intensiv studiert hat. Im übrigen enthält die
347 2534 1514 2591 Hauptfigur, aus Ulrik=Brendel und Hjalmar Ekdal zusammengeschweißt,
357 2578 1524 2636 nur wenig eigene Schnitzlersche Elemente. Herr Kramer hat gerade
360 2631 1517 2688 diesen Georg mit guter Haltung und einfach starken Mitteln recht
351 2665 1520 2725 ebendig gemacht. Sonst war für die Darstellung aus den hölzernen
346 2727 1527 2790 Marionetten nicht viel zu holen. Herr Homma allerdings nebst dem
356 2780 1516 2833 Bramarbas auch ein lebender Praterausrufer von Kraft und über¬
350 2813 1520 2875 raschend ulkiger Echtheit. Besonsers anzumerken: Die Herren
344 2875 1511 2940 Bünther, Jaro Fürth in einer sehr charakteristischen Maske,
348 2916 1521 2986 Askonas, die Damen Glöckner, Waldow, Galafrés
348 2964 1527 3036 und Fran Wagner, die ihren kleinen Part mit liebenswürdiger
336 3008 1520 3064 Hingebung spielte. Der Erfolg des Abends war ein ziemlich großer;
339 3068 1482 3128 der Dichter konnte nach jedem Stücke persönlich für Beifall danken. n.
461 3096 1516 3186 (Carl=Theater.) Die durch ihre Schilderung aus einem Stück
332 3160 1516 3231 des alten Wien ebenso wie durch die Lannerschen Weisen gleich
337 3205 1521 3289 sympathische Operette „Alt-Wien“ fand in voriger Woche ihre
331 3265 1510 3314 50. Aufführung. Das volle Haus überhäufte die Darstelle:, #len
337 3312 1519 3378 voran Frau Zwerenz und Herrn Waldemar, dann die Damen
338 3351 1572 3435 Keplinger und Löwe und die Herren Blasel und König H
337 3409 1564 3496 mit Beifall und Hervorrufen, denen auch Komponist und Autor #
332 3446 621 3508 folgen mußten.
1789 258 2300 367 box 22/11
1859 1099 1969 1190 don.,
1844 1142 2948 1224 des-York, Paris, Rom, San Francisco, Stockholm, St. P#ss#s¬
2248 1212 2534 1268 burg, Toronto,
2182 1252 2600 1310 Qnellenangebe onne Gewrühr.)
1842 1292 2859 1405 Anaschnitt aus: Deutsches Tagblatt
1852 1367 1984 1449 13.
1997 1380 2891 1477 EE. 19 12 Ostdeutsche Rundechau
1856 1442 2011 1481 *O# :
2485 1455 2651 1539 Wien
2632 1632 2994 1752 Kunst.
1995 1562 2620 1770 Theater und
2568 1724 2986 1817 Wien, 12. Februar.
2050 1794 3026 1862 Deutsches Volkstheater. Hat das Burgtheater
1808 1836 1920 1916 Hang
1967 1833 3034 1931 Fin neues Werk von Artux Schuitlerfühlt sich das
1980 1890 3037 1953 Deutsche Volkstheater verpflichtet, einige Abschnitzel seiner
1977 1934 3037 1996 siberwundenen Schaffensperiode aufzulefen. Im Vorjahre
1980 1978 3033 2064 sieß es dem „Jungen Metardus“ im Burgtheater den
1984 2018 3018 2087 Anatolzyklus“ folgen, heuer schickte es dem „Weiten Land“
1981 2045 3041 2126 den Zyklus „Marionetten“ nach. Artur Schnitzler erfreut
2958 2095 3059 2144 —
1976 2100 3029 2166 sich beim Stammpublikum des Deutschen Volkstheau
1976 2137 3048 2224 großer Beliebtheit und es ist bereit, auch dann mitzutun
1980 2196 3047 2260 wenn es auf Kosten der Unterhaltung geht. Diesmal##
1989 2226 3051 2304 fühlte man den Zwang, den es sich antat, um einen
1979 2273 3041 2344 Scheinerfolg vorzutäuschen, und nur mit dem Aufgebots
1987 2329 3046 2391 aller Kräfte konnte der Widerspruch der ehrlichen
1974 2355 3036 2438 Minderheit übertönt werden. Es war aber auch
1980 2404 3050 2472 eine zu unglückliche Idee, diese drei in ihrem Wesen und
1982 2448 3042 2512 Inhalt so wenig verschiedene Einakter an einem Abend¬
1987 2491 3048 2559 darzubieten. In zwei Stücken sind die Schauspieler zu dem
1983 2537 3085 2611 Scherz verurteilt, die zappeligen Bewegungen von
1986 2569 3050 2652 Holzpuppen nachzuahmen. Im dritten ist zwar ur
1992 2639 3046 2691 vergleichsweise vom Puppenspiel die Rede, dafür
1985 2670 3048 2733 ist eine Nachahmung der Technik Ibsens, ins
1985 2697 3054 2782 welcher, die wunderbare Gestalt des Ulrit
1981 2748 3059 2827 Brendel zur Puppe veräußerlicht wird. Der Sinn aller
1977 2796 3053 2868 drei Stücke aber ist der gleiche: wir glauben zu schieben,
1986 2845 3055 2920 und werden geschoben. Was man sich einzeln und zwischen
1993 2884 3050 2963 andere Stücke eingestreut als groteske Aeußerungen
1992 2922 3060 3015 eines sich auch im Scherz tiefsinnig gebärdenden
1989 2978 3056 3035 Literaten zur Not gefallen ließ, wirkte ins
1993 3022 3090 3087 der zyklischen Wiederholung ermüdend und ab¬
2004 3065 3056 3130 stumpfend und als sich in der Burleske „Zum großen
1991 3083 3081 3177 Wurstel“ gar das Spiel von der Bühne in den Zuschauer¬
1996 3150 3061 3211 raum dehnte, da fühlte man den Widerspruch zwischen der
2002 3193 3076 3262 Größe des anspruchsvollen Apparates und der Dürftigkeit##
2004 3238 3067 3320 des Gegenstandes nur zu deutlich, um nicht unwillig zus
2001 3271 3076 3363 zwerden. Vergeblich bemühte sich die Darstellung des
1999 3332 3062 3397 Dettschen Volkstheaters, diesen Widerspruch zu verschleiern
1987 3377 2865 3455 und den Unwillen zu entkrästen.—
2561 3419 2808 3491 ee
