3392 4320
164 146 1323 229 elisihen e en en werden micht nehr erslirt, sandern
168 206 1327 270 nschen, einfach vorausgesetzt. Die Puppen agieren, ohne zu
190 238 1312 298 d wäre wissen, wie und warum, ohne zu frägen, von wemn
167 272 1323 354 Ellen — sie gehalten und gelenkt sind. Der feine Puppen¬
306 328 1311 380 spieler Schnitzler hat ihnen nette Kostüme angezogen,
173 325 315 386 sige, die
317 355 1322 428 hat für bewegte Anmut und für ausgiebigen Spaß
167 368 311 430 hi hat,
313 399 1314 466 gesorgt. Ausgiebiger Spaß auf der Wurstelbühne
173 396 323 466 ch die
315 457 1313 520 heißt aber, wenn einer vom andern erschlagen wird;
163 452 314 512 scheint
309 497 1314 552 das geschieht denn auch. Ohne viel Umstände und
168 492 320 553 iguren,
160 523 308 596 Fieht er
310 536 1315 606 moralische Begründung, aber nicht ohne tiefere
311 573 1313 649 Wurstelweisheit. Der Witz wird vom Aberwitz, die
174 582 310 635 n, daß
178 619 310 687 ie, an
307 622 1319 678 Intelligenz von der Impertinenz abgestochen. Wer
311 651 1316 730 sich mehr vermißt, der kann mehr, das Glück ist bei
199 661 325 717 und
176 696 316 769 tutrieb
304 696 1313 769 der kräftigen Frechheit. Und das Schicksal, dessen
298 740 1315 805 Marionetten wir sind, sagt Ja und Amen dazu Sei
193 773 322 846 dazu
305 780 1321 836 reich, sei geliebt, sei im Glück. Was nützt es Dir?
310 834 1312 891 Im nächsten Moment vielleicht schon wird an irgend
198 838 310 890 Zer¬
305 875 1322 933 einem verhängnisvollen Draht der stärkere Wurstel
174 867 306 933 hicksal.
304 920 1309 990 mit dem stärkeren Prügel heraufgezogen. Er haut
168 921 312 978 Hybris,
171 951 1311 1038 geord= Dir eins über den Kopf, nimmt alles was Dein war,
167 995 1312 1066 mora=läßt dich liegen und geht. Auf einmal bist du nun
171 1042 1308 1094 zelnen bettelarm, mutterseelenallein, steinunglücklich oder
166 1079 1310 1152 Pnliche gar mausetot. Arme Marionetten! Was können die
182 1112 802 1191 e Tra= von ihrem Leben wissen!
197 1171 315 1226 und
380 1149 1301 1231 Ja, was können wir von unserm Leben wissen?
181 1208 306 1267 Aber
312 1205 1306 1277 Was bedeutet alles das, was uns die Dichter davon
183 1245 313 1311 st nur
303 1255 1301 1325 sagen? Wissen sie es selber ganz genau? Ihre
300 1287 518 1354 Menschen
160 1291 311 1353 Willen
495 1302 1302 1357 — sind das wir oder sind sie es selber,
182 1347 311 1397 hätte.
297 1334 1299 1396 oder sind es ganz fremde Geschöpfe, die dann auf
174 1385 1296 1443 vollef einmal unter uns herumlaufen, als wären sie leben¬
175 1420 1297 1497 er seh dig wie wir. oder als wären wir Puppen wie sie?
2985 1309 3220 1511 e
2855 1418 2956 1507 A
1204 1437 1514 1527 ——
258 1484 3230 1598 Hier kehrt sich das Marionettenstück schon mit voll= Wurstel mitspielt, und daß an ihrem Ende wieder lein Medelsky hielt sich mehr im tragisch Sen¬
264 1573 3225 1635 stem Bewußtsein gegen das psychologische Drama, ein andrer Unbekannter kommt, der diesem, wie allentimentalen, Herr Huttig verlor sich zuweilen so¬
272 1624 3148 1679 dessen entfremdetes Schreckenskind es ist. Alle diese übrigen Puppen, erbarmungslos den Draht durch= gar ins Larmoyante; so daß die Aufführung
2224 1630 3240 1696 manchen Momenten mehr nach stilisierter Tragik als
1255 1643 2246 1710 schneidet. Denn davon lebt unser Geist, daß wir
273 1676 1264 1720 Fragen und mehr von ihrer Art stürzen im letzten
2231 1672 2712 1751 nach Puppenspiel klang.
1251 1681 2235 1750 auf das Unbekannte als auf den Sinn dieser großen
265 1703 1248 1761 der drei Puppenspiele: „Zui großen Wurstel“
1255 1724 2238 1792 Komödie warten, da wir doch als wesenlos verlachen,
2299 1715 3231 1786 Das bunte Vielerlei der Figuren im „Großen
265 1728 1266 1805 ratlos durcheinander und finden keine Antwort.
2235 1769 3225 1831 Wurstel“ muß zumindest in zwei Abteilungen ge¬
266 1752 2235 1859 Natürlich, denn die literarische Wurstelkomödie ist was mit uns und um uns agiert und gleich uns
2226 1810 3231 1882 sondert werden, will man irgend eine Uebersicht der
270 1815 2226 1886 ja aus den Fragen erwachsen, auf die es keine Ant¬ am Ende zusammenfällt, weil es das scharfe Schwert
1264 1850 1969 1934 irgend eines Verhüllten gewollt hat.
2225 1856 3233 1914 Darstellung festhalten. Da waren also zunächst von
267 1877 1269 1944 wort gibt. Und alle versuchten Antworten und Er¬
1328 1901 3228 1970 Der dreifältigen Abschattierung dieser Mario= den lebendigen Chargen im Praterwirtshaus: Herr
265 1903 1277 1977 klärungen, absichtsvolles Gestalten, plumpe oder
2230 1938 3232 2003 [Hofer ein außerordentlich echter Direktor und
275 1940 1259 2016 feine Beziehung zum Nahen und Weiten, lacht sie
1252 1944 2236 2025 netten=Idee entsprechend, hatte die Inszenierung in
266 1986 1264 2063 als sinn= und zwecklos hinweg. So kommen denn nicht
1254 1976 3234 2060 dreierlei Stimmungen zu arbeiten. Diese Stufen= Rekommandeur der eigenen Schmiere, Herr Huttig
2232 2025 3245 2086 ein belustigend hohlwangiger Dichter, die Herren
270 2038 1260 2103 nur der Dichter selbst und seine Gestalten, sondern
1257 2045 2233 2101 leiter vom bedingt Menschlichen zum unbedingt
2223 2068 3240 2129 [Fischer, Manning, Romanowsky
264 2075 1266 2135 auch Direktor und Publikum und fremdes Dichter¬
1258 2085 2230 2140 Wurstelhaften war in Klarheit und mit mancherlei
2226 2107 3239 2178 gut gesehene Spießertypen. Dann auf der Bühne
271 2103 1262 2168 werk als Marionetten unter die Marionetten. Zwei
1252 2133 2231 2191 szenischem Witz entwickelt. Wie denn überhaupt die
2229 2143 3238 2216 des Wursteltheaters: Herr Rittig (Herzog) und
273 2155 1267 2220 scharf geprägte, von andern geschaffene Figuren,
1267 2163 2239 2231 reinliche Profilierung und geschmackvolle Einkleidung
2227 2200 3229 2254 Frl. Medelsky (Lisl), vorzügliche Puppen¬
276 2214 1270 2270 die dem boshaften Wurstelgedanken am nächsten
1265 2212 2230 2278 gut faßlicher literarischer Absichten die Hauptstärke
2239 2240 3245 2303 spieler von ungewöhnlichem mimischen Witz, weiter
277 2253 1267 2329 zur Hand sein mußten, kommen zu Gast: Bahrs
1258 2243 2224 2312 in der szeuischen Kunst Dr. Egers zu sein scheinen.
2233 2267 3249 2346 Herr Tiller als Held und Herr Reinhardt
591 2296 1262 2351 das Wort vom Wurstel ja
275 2266 617 2354 Meister, der
1264 2291 2237 2354 Auch diesmal war zwischen der stillen Vierwände¬
2239 2320 3245 2387 (an diesem Abend eine Hermann Bahr=Marionette)
269 2323 1271 2400 selbst gern im Munde führt und dessen tragischer
1260 2325 2232 2409 Intimität im „Puppenspieler“ der übermütigen Tot¬
2236 2361 3249 2423 als Raisonneur des Stückes, Frl. Steinheil
282 2377 1269 2428 Grundzug eben jene Hybris des persönlichen Willens
1261 2380 2237 2438 schlaglaune im „Cassian“ und der parodistisch=mysti¬
1255 2409 3243 2481 schen Praterwurstelstimmung in der großen Burleske (Herzogin), die Herren Schütz und Löwe in
273 2425 1271 2476 ist, die, über ihren dramatischen Höhepunkt hinaus¬
1264 2435 3241 2524 ebenso scharf wie diskret unterschieden. Im ersten ihren kleinen gut gesprochenen Puppenrollen. Mit
271 2459 1262 2532 geführt, direkt in das Marionettenhafte abstürzen
1258 2488 3238 2562 Stück gab Herr Manning den Puppenspielersebenso viel Würde als verstecktem Humor spricht
274 2495 1268 2564 müßte, und Beer=Hofmanns Graf von Charolais,
1259 2519 3236 2610 gedrückt, vergrübelt und umdüstert; nur die Be=Herr Faber die Verse des großen Unbekannten,
275 2542 1258 2609 den ein öffentlicher Irrtum für puppenhaft willenlos
1256 2568 3241 2646 tonung des allein selig machenden Bettelstolzes in diese literarhistorische Selbsterklärung und Selbst¬
276 2593 1266 2638 und ohne Cyarakter erklärt hat, bloß, weil er von
1255 2645 3243 2700 diesem Genie von seiner Ohnmacht Gnaden war verhöhnung der Wiener Dichterschule und ihres zweifel¬
284 2629 1275 2682 Anfang an wissentlich unter Notwendigkeiten steht,
2234 2657 2785 2741 haften Gefühls vom Leben.
282 2670 1269 2722 die stärker sind als er. (In der hiesigen Auf¬
1255 2681 2234 2743 vielleicht ein wenig zu schwach. Herzlich und gut,
288 2704 1275 2770 führung wurden diese beiden Figuren begreiflicher
1270 2724 2246 2781 wenn auch nicht wienerisch, war Herr Schütz als
2309 2712 3237 2787 Das Publikum gab sich alle Mühe, das Mario¬
275 2744 1262 2803 Weise weggelassen.) Zuletzt aber kommt der große
1259 2758 2238 2822 glücklicher Ehemann, einwandfrei in ihrer lieben
2238 2758 3240 2822 nettenhafte aller drei Stücke in seinen verschiedenen
278 2784 1276 2854 Unbekannte der Geist der Entwicklung, die Wahr¬
1266 2802 2235 2872 frischen Bescheidenheit Fräulein Niedt als gute
2236 2807 3238 2870 Wandlungen zu erfassen und zu würdigen. Es lang¬
279 2838 1270 2910 heit, die wir he# te ewig glauben, das Positive, das
1269 2851 1619 2930 junge Hausfrau.
2241 2844 3232 2918 weilte sich gesetzt und diskret beim „Puppenspieler“.
285 2879 1276 2946 wir jetzt suchen, das Gewissen der nächsten Kultur.
1344 2880 3226 2970 „Der tapfere Cassian, im allgemeinen wohl ließ sich vom „Cassiau“ sauft erschüttern und lärmte
284 2926 1278 2990 Dieser Letzte und Mächtigste unter allen haut die
1269 2938 3236 3009 etwas zu tragisch genommen, gob vor allem dem sich schließlich beim „Großen Wurstel“ in glücklich
280 2976 1274 3035 Drähte durch, die Puppen sinken leblos zusammen,
2237 2990 2963 3060 befreiter Praterlustigkeit herzhaft aus.
1259 3002 2246 3059 Regisseur Gelegenheit, in kunstvollen Lichteffekten
293 3012 1265 3088 die Komödie ist aus — um gleich wieder anzu¬
2882 3015 3194 3107 Willi Handl.
1264 3034 2251 3098 Bild und Stimmung abzutönen. Herr Tiller
283 3055 497 3132 fangen.
375 3077 2269 3151 Der Tichter sagt uns nicht, daß in ihr ietzt der wußte seine nurklebige Jugendlichkeit sehr stilgemäß
285 3126 2273 3206 Unbekannte von früher auch schon als gewöhnlicher ins Halbparodistische hinüber zu entwickeln, Fräu¬
