3484 4320
195 3906 426 4144 810
194 4096 423 4180 parda ge¬
193 4145 421 4215 Bieder ver¬
1318 275 1380 348 2
1740 273 2335 376 box 22/10
294 296 1670 388 17.4. Marionettenklus
476 504 687 586 I Le.,
862 528 1557 620 emeage, Christiania, Genf, Kopen¬
377 546 1552 656 hagen, London, Madrid, Mailand, Minneapolis, New-Vork,
481 616 1527 686 Paris, Rom, San Francisco, Stockhiolm, St. Petersburg.
791 651 1214 728 (quellenangabe ohne Gewähr.)
388 685 884 781 6 Ausschnitt aus:
538 761 1432 864 0. JhT 10bär Bühnenbote. Char
362 780 751 876 g#bn Blehet“.
532 826 1647 910 Breslau hat in der verflossenen Berichtswoche endlich
411 901 1655 970 wieder einmal eine Uraufführung herausgebracht, neben der sich
413 946 1338 991 auch drei Erstaufführungen bemerkbar machten.
540 980 1659 1066 Im Lobe=Theater ging nämlich unter dem Gesamttitel
428 1027 1654 1113 „Marionetten“ ein von Spielleiter Franz Bonno mit anerkennens¬
413 1078 1657 1143 wertem Geschick vorbereiteter dreiteiliger Einakter=Cyklus von
410 1143 1658 1221 Arthur Schnitzler über die Bretter und fand eine verschiedene
398 1167 832 1255 „Aufnehssen
540 1219 1656 1309 Denn „Der Puppenspieler“, eine intime wie undramatische
416 1268 1649 1349 Studie, vermochte es lediglich zu einem Darstellererfolg zu bringen,
416 1332 1656 1400 in dem sich Hugo Bauer, Josef Halpern und Clara Hammer
415 1374 732 1454 teilen konnten.
527 1423 1654 1506 Keinen größeren Erfolg erzielte auch das von Rella Jauck,
406 1461 1650 1562 Franzesko Sioli und Karl Walbauer in stimmungsvollem
408 1526 1651 1597 Marionettenstil dargestellte Puppenspiel „Der tapfere Cassian“,
417 1575 1507 1637 dessen Titelhelden als dem Stärkeren das Weib verfällt.
519 1611 1668 1690 — Einen starken nachhaltigen Erfolg dagegen erzielte die
412 1654 1656 1726 derbe Burleske „Zum großen Wurstel“, welche in köstlich=launiger
409 1710 1657 1780 Weise die mehr oder weniger faden Eigenheiten der verschiedenen
414 1753 1655 1849 Schulen und Strömungen in der neuzeitlichen dramatischen
417 1807 1672 1914 Literatur verspottete und hierzu nicht weniger als 31 Darsteller
413 1873 1668 1932 benötigt, unter denen Nora Decärli, Theo Plank, Richard Senius,
417 1925 1698 2011 Karl Walbauer und Hermann Wolfram namentlich hervorgehoben.
413 1972 853 2042 zu werden nerdienen
358 2309 945 2400 die tschechisch=stoldenische —
3074 2332 3349 2416 erbräuch
349 2337 2918 2436 getausschuß gegen die italienische Rechtsfakultät gestellt wird. Dies hange überemchen bemnderscheinsche iehrun un
362 2432 3334 2498 hätte nicht standhalten können, wenn die Polen Regierung, sondern einzig und allein von den verbleibt. Ein Export von Mastvieh oder an¬
1355 2509 3318 2587 als bedeutungsvolle Grenzsteine an den äußersten Gegner, indem er mit Absicht den geringeren Stand¬
2321 2552 3312 2626 punkt einnimmt, dem sofort der höhere antwortet;
601 2574 2322 2661 „Marionetten“.##Rändern dieser Kunst bestehen — größe Andenk a
2326 2621 3321 2668 er bezweifelt sozusagen #n unten hinauf, nicht von
1351 2604 2334 2687 an eine Zeit, da man bis hieher geirrt war und
2321 2633 3323 2705 oben herab. Gefährlicher ist dieses fragende Ein¬
372 2638 1363 2711 „Der Puppenspieler", „Der tapfere Cassian“,
1357 2658 2330 2717 nicht weiter wußte. Indessen hat sich aber das
1356 2688 3330 2756 Drama wieder aufs Dramatische besonnen, bricht dringen in die Wirklichkeit seiner eigenen Personen
359 2706 1368 2788 „Zum großen Wurstel“ von Arthur Schnitzler.
2319 2728 3328 2791 schon im „Paracelsus“, wo ein Wille den andern
1350 2733 2323 2802 Willen an Willen, stellt Menschen gegen Mensch¬
456 2745 1300 2845 (Erstaufihrung am Neuen dillschel Theater.)
2317 2780 3323 2843 spurlos verschlingt, ein Gewissensinhalt vor aller
1350 2788 2326 2854 liches, gegen erkennbare Schicksale, in Bestimmun¬
1359 2819 3314 2895 gen, deren idealer Zielpunkt in dieser beseelten Welt Augen auf der Bühne fabriziert, gleichsam in der
450 2822 1371 2911 Die Voraussetzung eines freien menschlichen
1362 2849 3325 2936 gefunden ist. Ein kleines Mißtrauen mag immer= Retorte des Experimentators hergestellt wird, zum
375 2883 1358 2938 Willens, auf der die dramatische Dichtung bauen
1357 2887 3324 2977 hin zurückbleiben. Zweifelnde, weltauflösende Er= anschaulichen Beweis, daß ein inneres Schicksal
378 2932 1361 2992 muß, um den dargestellten Schicksalen Sinn und
1368 2935 3026 3012 kenntnis überschleicht das sichere weltorduende Ge¬ auch künstlich erzeugt werden kann.
378 2972 1365 3025 innere Notwendigkeit zu geben, war schon vom
2395 2984 3320 3043 Daraus ist zu erkennen, daß Schnitzler, der klug
1361 2996 2342 3056 fühl. Aber das sind Reizbarkeiten des Geistes, stille
370 3012 1372 3071 Naturalismus, in dem Wahn seiner wissenschaftlichen
2338 3031 3329 3093 überlegene Logiker auch vor dieser letzten, außer¬
1362 3020 2335 3099 Mahnungen der Logik, die in Ironic und Witz ent¬
365 3049 1371 3119 Arbeitsmethode, arg erschüttert worden. Und unge¬
2338 3071 3333 3134 dramatischen Kritik am tatsächlichen Bestande des
1361 3082 2334 3147 bunden werden können. Die große Bewegung des
382 3095 1373 3156 fähr zur selben Zeit, als diese deterministischen Schick¬
2329 3092 3338 3173 einzelnen Willens nicht haltmachen kann. Aber da
1364 3121 2330 3185 Gefühls, die Kräfte, die zum Ganzen wirken, bleiben
375 3131 1366 3193 falsdramen („Fuhrmann Henschel", Rose Berndt“)
2338 3137 3329 3211 er wohl selber spürt, daß sein dramatischer Trieb
1361 3165 2341 3228 unangetastet. Bei den raffiniert Gescheiten, deren
371 3176 1370 3232 uns unsere Welt als ein sinnloses Abrollen uner¬
2325 3191 3327 3265 besonders zart, ja ein wenig blutarm ist, so behütet
1376 3189 2346 3273 Intelligenz auch im Fieber der künstlerischen
374 3222 1372 3274 klärlicher Ereignisse zeigen wollten, stellte auch
2340 3228 3343 3295 er ihn, wo er kann, vor den Angriffen seines Witzes.
1377 3247 2346 3308 Empfängnis wacht, ist diese scharfe Oberstimme der
382 3259 1381 3329 Macterliuck seine Puppen auf, die, ohne Willen und
2340 3277 3349 3334 Es ist nun kaum zu denken, daß dieser feindselige
1366 3288 2339 3351 kontrollierenden Logik am häufigsten und am deut¬
382 3293 1369 3374 ohne Tat, von oben her durch einen Moment von
2336 3321 3342 3385 Verstand, der sich so reich und lebendig fühlt, reicher
1367 3329 2337 3395 lichsten vernehmbar; der Esprit in den Komödien
386 3347 1377 3417 fürchterlicher, aber unerklärter Notwendigkeit hin¬
2335 3350 3341 3428 und lebendiger fast als die menschenbildende uns
1380 3376 2346 3455 Wildes, die Ironie bei Wedekind, die versteckten
372 3395 1370 3462 durchgesteuert werden: symbolistisch. Schicksals¬
2318 3396 3339 3483 problemebauende Kraft des Dichters, sich ganz zum
1374 3401 1878 3499 Irreführungen bei Shaw.
373 3425 1375 3495 dramen, Balladen in szenischer Leibhaftigkeit. (Man
2334 3444 3340 3508 Schweigen bringen ließe. Darum sind ihm — aus
1433 3440 2343 3517 Auch Arthur Schnitzler gehört hieher. Sein er¬
383 3477 1386 3549 vergleiche zum Beispiel Kern und Aufstieg der Stim¬
2338 3488 3340 3549 instinktiver Uebung oder nach überlegtem Plan? —
1359 3508 2343 3556 wägender Verstand geht immer neben dem schöpfe¬
380 3513 1206 3585 mung im „Erlkönig“ und „Tintagiles“.)
2343 3527 3338 3591 im Gesamtwerke Schnitzers seine besonderen Grenzen
1370 3540 2346 3604 rischen Justinkt einher, scheint sogar an maucherlei
468 3556 1374 3608 Das hat zum Glück nicht lange gedauert. Denn
2347 3580 3345 3642 scharf gezogen. Er hat sein eigenes Gebiet, abseits
1375 3579 2348 3646 Stellen die Leitung zu übernehmen. Aber gerade
381 3602 1376 3653 die trostreich große Weltbetrachtung, der gewaltige
2339 3605 3333 3677 vom lebenumhegenden Reich der feinen und wichtigen
392 3637 2347 3715 Trieb, mit dem Höheren stolz erschauernd Aussprache darum, weil er oft die heikle und gewichtige Mission
2340 3650 3345 3728 Probleme, die zwischen Willen und Gewissen ge¬
389 3662 2345 3755 zu halten, diese besondere persönlich erlebte Religion hat, den empfindlichen, leicht verwischbaren Einfall
2341 3690 3343 3760 sponnen sind. Dort drüben mag er sich nach Ge¬
1376 3713 2353 3777 auf seinen Wegen vorwärts zu bringen, wird er nur
392 3735 1387 3792 des blutechten Dramatikers hätte zum wüsten Feti¬
2348 3745 3346 3802 lüsten tummeln und seine scharfen Zähne an der
1381 3754 2350 3824 selten zum kritischen Störer. Er stellt die recht¬
396 3774 1387 3843 schismus oder zur seigen Götzendienerei entarten
2347 3778 3338 3846 Giftigkeit der allzu irdischen Dinge erproben. Im
1385 3794 2354 3860 mäßige Existenz und den unmittelbaren Willen der
386 3806 1378 3865 müssen, wäre noch weiterhin der allein bestimmende
2348 3812 3335 3892 „Paracelsus“ also fing es an, wo das Gewissen
1375 3836 2352 3905 dramatischen Personen nie in Frage. Nur hie und
386 3861 1381 3917 Wille in das unbeseelt Sachliche oder gar in die
2347 3859 3346 3925 und die Treue zernagt und der freien Ver¬
387 3883 2353 3957 Finsternis des Namenlosen verlegt worden Jene da scheint er so zu tun: in den Einwürfen des
398 3939 3330 4001 seltsam schönen Werke der dramatischen Verzweiflung, Schriftstellers im „Zwischenspiel.“ Aber auch da nur fügung entzogen worden sind. Dann taucht diese
407 3937 3328 4041 des schmerzlich ausgetilgten Menschenwillens, bleiben mit vorsätzlicher Bescheidenheit, als leicht entkräfteter selbstmörderische Dramalikerlaune in „Literatur“
