3436 4352
1337 88 1447 127 eere
451 109 1472 182 einen neuen Zyklus dar. Sie muten an wie sein
439 159 1472 214 ausgeführte Radierungen, die ein Meister der bilden¬
442 204 1473 267 den Kunst in seiner Mappe vereinigt. Jeder einzelne
429 258 1473 321 von ihnen hat bereits an dieser Stelle seine
436 304 1471 372 Würdigung erfahren, heute sei nur noch dem
434 356 1469 417 gemeinsamen Leitmotiv, das sie durchklingt, ein
435 394 1467 467 Wort gewidmet. Die „Marionetten“ können als eine
432 450 1475 514 zweite Folge jener Einakter genommen werden, die
439 511 1459 578 in den Neunzigerjahren zuerst vom Burgtheater auf¬
439 556 1461 605 geführt worden sind. Wie „Paracelsus“, die Ge¬
440 600 1460 666 fährtin" und „Der grüne Kakadu“ sind sie der Aus¬
429 644 1455 721 druck des Lebensbildes, das dem Dichter vorschwebt.
437 706 1459 771 Schnitzler ist ein Poet des Skeptizismus. Diese seine
415 738 1466 840 Anschauung kleidet er in tiefernste Formen, aber er
428 797 1462 884 läßt sie auch in Schilderungen von sihwermütiger
426 843 1455 932 Anmut emporsteigen, oder er bettet sie in eine tolle
431 902 1460 976 Groteske ein, wo erst ein bedeutsames Schlußwort
421 938 1470 1028 die Gesinnung des Dichters ausspricht. Gerne gestattet
428 1007 1467 1071 er sich die uns vertraute Wiener Note, jene bezeich¬
420 1054 1459 1118 nende Mischung von Sentimentalität und Selbst¬
418 1086 1459 1171 ironie. Woran knüpft sich, so fragt er, aller Wille,
419 1147 1454 1219 alle Hoffnung des Menschen? An Ziele, die er
412 1194 1459 1277 keineswegs klar zu erkennen vermag, die ihm aber
417 1241 1455 1304 in scheinbarer Deutlichkeit vorschweben. Und dies ist
412 1290 1457 1369 sein Verhängnis. Das Wesen der Dinge bleibt ihm
417 1343 1444 1412 unbekannt. Er lebt, strebt und wandelt in einem
408 1371 1445 1461 dichten Nebel der Täuschungen, vorwärts getrieben
416 1435 1453 1521 von blinder Leidenschaft, bis irgend ein Erlebnis,
409 1489 1450 1574 eine Erfahrung vielleicht für einen Augenblick den
405 1541 1449 1637 Schleier zerreißt und ihn Wahrheit, zumeist traurige
405 1573 1449 1671 Wahrheit, ahnen läßt. Keiner, auch nicht der Beste,
406 1635 1451 1709 der Stärkste, der am schärfsten Sehende, steht über
405 1677 1438 1770 diesem Banne, der aller Sterblichen Schicksal bedeutet.
401 1735 1438 1820 Vielleicht sind jene, die sich über solche Täuschungs¬
398 1787 1430 1854 möglichkeit erhaben glauben, am schlimmsten dran.
404 1832 1430 1903 Auch sie wissen nichts, aber sie glauben zu wissen.
398 1887 1438 1977 Sie trifft jener Augenblick, da sie ihres Irrtums inne
388 1935 1443 2014 werden, am schmerzlichsten. Dies ist das Los
389 1976 1436 2082 des „Puppenspielers“. Da hat es der arme
402 2029 1434 2115 Junge noch besser, den sein unbedenklicher Vetter, der
395 2090 1437 2171 tapfere Kassian, niederstreckt. Der freche Knabe hatte
393 2139 1434 2230 bisher im unbekümmten Gefühl seiner Jugendherrlich¬
395 2178 1432 2280 keit die schönsten, üppigsten Träume von einer nahen
392 2242 1426 2337 Erfüllung heißer Wünsche. Nun wird er rasch zu
390 2286 1419 2349 Boden gefällt, und ihm bleiben nur wenige Augen¬
391 2333 1421 2414 blick übrig, um der Hinfälligkeit seines Glückes be¬
387 2384 1412 2450 wußt zu werden. Die Groteske „Zum großen Wurstel“
393 2427 1423 2524 schüttelt einen ganzen großen Korb zappelnder
382 2480 1410 2563 Menschlein aus. Schaulustiges, buntes Prater¬
338 2622 1388 2687 Jublikum, Marionetten find's, wie die Steifen
337 2668 1384 2750 da oben, die in der Bude vorgeführt werden. Vielleicht
339 2709 1387 2797 nicht einmal so beweglich wie die bemalten Dinger,
334 2762 1390 2832 die der schüchterne Dichter zusammengestellt. Sie werden
346 2816 1375 2886 auch schließlich untereinander gemengt, nachdem die
333 2852 1378 2933 Gestalt des Todes ihr schreckhaftes Wort ausgesprochen.
353 2908 1388 3010 Aber der Spuk geht weiter. Ein Phantom schreitet
339 2963 1381 3040 über die Bühne, das ein letztes Weisheitswort ver¬
336 3002 1387 3094 kündet, vom täuschenden Schein, der uns alles
347 3061 1393 3152 vorlügt, uns, die wir vielleicht auch nichts weiter
341 3103 1387 3196 sind als Schein... Bezüglich dieses letzten Ein¬
341 3153 1384 3235 akters wäre der Aufführung kräftigere Zu¬
348 3200 1391 3283 sammenfassung zu wünschen gewesen. Das Ganze
351 3263 1390 3346 machte den Eindruck des Fahrigen, und das Publikum
366 3314 1405 3392 schien den Mut zu verlieren, weiterhin Gefolgschaft
360 3357 1384 3441 zu leisten. Die Darstellung des „Tapferen Kassian“
363 3403 1406 3494 opferte manche starke Wirkung, um den Schein des
367 3452 1404 3547 Marionettenhaften festzuhalten. Die ungetreue Schöne
376 3508 1406 3596 (Frau Glöckner) kam dabei recht schlecht weg. „Der
370 3559 1403 3647 Puppenspieler“ ist eine der bedeutendsten Leistungen
363 3606 1398 3683 des Herrn Kramer. Die Gestalt, die er hier ge¬
366 3661 1398 3752 schaffen hat, liegt weitab von der ziemlich eintönigen
369 3706 1404 3791 Galerie seiner Salonhelden. Sie zeigte feines, liebe¬
376 3753 1403 3843 vollstes Erfassen und ein nicht gewöhnliches Ver¬
383 3814 1401 3893 mögen der Darstellung. Die Vorstellung hat eine
378 3862 1413 3938 recht beifällige Aufnahme gefunden wenn auch
385 3902 1420 3998 zuweilen eine Außerung der Opposition laut würde.
380 3964 1405 4058 Der Dichter konnte wiederholt vor der Rampe er¬
1187 4009 1369 4077 F. Zw.
365 4029 565 4122 scheinen.
2394 1361 2998 1443 Tnleago, Eieveland, Chrisuatk,
2203 1407 2998 1489 #n, London, Madrid, Mailand, Minncapelle.
1907 1453 2963 1553 new: Fork, Paris, Rom, San Francisco, Stockholm, Sä. Petess¬
2309 1518 2602 1566 burg, Toronto.
2248 1547 2643 1612 (Quellenangabe euse Geuden.
1899 1610 2313 1696 Ausschnitt aus:
2348 1623 3021 1733 Miendr Mltage. Zeitung
2127 1660 2404 1763 LFER1914
1872 1729 2073 1811 181
1990 1762 2981 1862 (Deutsches Volkstheater.) Woran es
1851 1841 2989 1908 lag, daß Schnitzlers „Marionetten“ hier zerbrachen?
1847 1883 2984 1960 Vielleicht daß dem Gros des Publikums, das erwartungs¬
1858 1941 2988 2015 voll zu einem Schnitzler=Abend gekommen war, lüstern nach
1860 1983 2983 2048 liebelnden Ironismen und Sentimentalitäten, nach dem
1857 2035 2991 2111 launigen Schnörkelspiel eines überlegenen Geistes, diese
1858 2077 2988 2132 Monotonie der dreifachen Drahttechnik, des eckigen, zapp¬
1859 2117 2987 2198 ligen Puppentanzes nicht behagte; vielleicht daß die grobe
1857 2167 2983 2256 Objektivität des Theaters den seinen Hauch zerstäubte;
1860 2224 2974 2288 vielleicht auch war das Premierenpublikum dieser Bühne
1855 2272 2971 2324 von Traum= und Geisterspielen schon übersättigt; genug.
1854 2308 2975 2379 die „Marionetten“ zerbrachen. „Der Puppenspieler“
1843 2366 2971 2435 hatte noch Leben; in den beiden Gestalten des Oboe¬
1841 2414 2979 2484 spielers und seiner Frau, von Herrn On=no und Erika
1848 2456 2975 2514 v. Wagner mit sanft gedrungener Künstlerschaft ver¬
1843 2512 2979 2586 körpert, war jenes leise, unbewußte Menschentum zu spüren,
1832 2564 2977 2629 das über geheime Welträtsel sacht und sicher hinweg¬
1839 2608 2974 2683 schreitet; dem Merklin des Herrn Krammer fehrten die
1840 2656 2965 2727 Schauer der Seelentiefe. Im „Tapferen Cassian“
1838 2694 2975 2774 hielt nur Frau Glöckner durch ihre possierliche parodisti¬
1841 2746 2963 2819 sche Laune den sinnigen Scherz aufrecht, alles sonst ward
1845 2804 2972 2862 zerklappert, zerstampft. Und die höhnisch aus allen Ecken
1826 2853 2964 2921 grinsende Burleske „Zum großen Wurstel"—ward
1830 2899 2972 2953 zum Praterbudenakt, in dem nur noch die Tschinellen der
1825 2945 2981 2999 Damenkapelle fehlten. Ein charakteristisches Symptom: daß
1820 2978 2999 3086 den malkontenten Herrn aus dem Publikum viele für echt
1813 3022 2016 3116 nahmen.
