<?xml version="1.0" encoding="UTF-8" standalone="yes"?>
<PcGts xmlns="http://schema.primaresearch.org/PAGE/gts/pagecontent/2013-07-15" xmlns:xsi="http://www.w3.org/2001/XMLSchema-instance" xsi:schemaLocation="http://schema.primaresearch.org/PAGE/gts/pagecontent/2013-07-15 http://schema.primaresearch.org/PAGE/gts/pagecontent/2013-07-15/pagecontent.xsd">
    <Metadata>
        <Creator>prov=University of Rostock/Institute of Mathematics/CITlab/Gundram Leifert/gundram.leifert@uni-rostock.de:name=ONB_Newseye_GT_M1+(htr_id=10810)::::v=2.4.2
prov=University of Rostock/Institute of Mathematics/CITlab/Tobias Gruening/tobias.gruening@uni-rostock.de:name=de.uros.citlab.module.baseline2polygon.B2PSeamMultiOriented:v=2.4.2
prov=University of Rostock/Institute of Mathematics/CITlab/Tobias Gruening/tobias.gruening@uni-rostock.de:name=/mnt/transkribus/LA/DEA/URO/LA_news_onb_att.pb:de.uros.citlab.segmentation.CITlab_LA_ML:v=2.4.2
Transkribus</Creator>
        <Created>2019-10-07T11:31:49.834+02:00</Created>
        <LastChange>2019-10-08T10:31:04.546+02:00</LastChange>
        <TranskribusMetadata docId="223971" pageId="9499390" pageNr="90" tsid="16520398" status="IN_PROGRESS" userId="40391" imgUrl="https://files.transkribus.eu/Get?id=HWFOSZHDSWVSMKRPHTZSZJAG&amp;fileType=view" xmlUrl="https://files.transkribus.eu/Get?id=POTHPDMDWABHSCDEJXCMZUYX" imageId="6189612"/>
    </Metadata>
    <Page imageFilename="223971_0090.jpeg" imageWidth="3436" imageHeight="4352">
        <ReadingOrder>
            <OrderedGroup id="ro_1711450405295" caption="Regions reading order">
                <RegionRefIndexed index="0" regionRef="r1"/>
                <RegionRefIndexed index="1" regionRef="r2"/>
                <RegionRefIndexed index="2" regionRef="r3"/>
            </OrderedGroup>
        </ReadingOrder>
        <TextRegion orientation="0.0" id="r1" custom="readingOrder {index:0;}">
            <Coords points="274,268 274,4206 1722,4206 1722,268"/>
            <TextLine id="r1l1" custom="readingOrder {index:0;}">
                <Coords points="265,302 1607,341 1607,286 1472,247 1298,256 1233,305 965,241 266,262"/>
                <Baseline points="274,293 340,299 406,303 472,308 538,311 605,313 671,315 737,317 803,318 869,319 936,319 1002,319 1068,319 1134,319 1200,319 1267,319 1333,319 1399,320 1465,320 1531,321 1598,323"/>
                <TextEquiv>
                    <Unicode>17.4. Marionetten—zuklus</Unicode>
                </TextEquiv>
            </TextLine>
            <TextLine id="r1l2" custom="readingOrder {index:1;}">
                <Coords points="795,475 1420,485 1455,480 1456,419 1202,427 1153,406 1039,445 861,405 796,429"/>
                <Baseline points="804,465 836,466 868,468 900,469 932,470 964,471 996,472 1028,472 1060,473 1092,473 1125,474 1157,474 1189,474 1221,475 1253,475 1285,476 1317,477 1349,477 1381,479 1413,480 1446,481"/>
                <TextEquiv>
                    <Unicode>— —U e. </Unicode>
                </TextEquiv>
            </TextLine>
            <TextLine id="r1l3" custom="readingOrder {index:2;}">
                <Coords points="704,514 1706,551 1728,497 705,463"/>
                <Baseline points="712,512 762,514 812,516 863,518 913,519 964,521 1014,522 1064,523 1115,524 1165,526 1216,527 1266,528 1316,528 1367,530 1417,530 1468,531 1518,532 1568,533 1619,534 1669,535 1720,536"/>
                <TextEquiv>
                    <Unicode>Puppenspieler“, Man ahnt. Nein, man weiß. Man</Unicode>
                </TextEquiv>
            </TextLine>
            <TextLine id="r1l4" custom="readingOrder {index:3;}">
                <Coords points="703,576 1133,599 1235,575 1470,609 1631,578 1707,599 1724,554 704,529"/>
                <Baseline points="712,561 762,564 812,566 862,568 912,570 963,572 1013,573 1063,575 1113,576 1163,577 1214,578 1264,579 1314,580 1364,581 1414,582 1465,583 1515,584 1565,585 1615,586 1665,587 1716,588"/>
                <TextEquiv>
                    <Unicode>kennt diese tiefsinnigen, zweidentigen Titel, die</Unicode>
                </TextEquiv>
            </TextLine>
            <TextLine id="r1l5" custom="readingOrder {index:4;}">
                <Coords points="694,628 1707,652 1724,593 695,585"/>
                <Baseline points="702,617 752,618 803,620 853,621 904,622 955,624 1005,625 1056,627 1106,628 1157,630 1208,631 1258,632 1309,634 1359,635 1410,636 1461,637 1511,638 1562,638 1612,639 1663,639 1714,639"/>
                <TextEquiv>
                    <Unicode>soviel Resignation atmen. Ich rücke mich zurecht,</Unicode>
                </TextEquiv>
            </TextLine>
            <TextLine id="r1l6" custom="readingOrder {index:5;}">
                <Coords points="690,659 873,693 1730,699 1730,668 1608,648 691,631"/>
                <Baseline points="698,668 749,671 800,673 851,675 902,678 954,679 1005,680 1056,682 1107,683 1158,684 1210,685 1261,686 1312,687 1363,687 1414,688 1466,689 1517,689 1568,690 1619,691 1670,691 1722,692"/>
                <TextEquiv>
                    <Unicode>denn ich werde die „Wahrheit“ erfahren. (Bitte,</Unicode>
                </TextEquiv>
            </TextLine>
            <TextLine id="r1l7" custom="readingOrder {index:6;}">
                <Coords points="683,735 765,730 834,757 864,733 898,749 967,735 985,751 1035,737 1111,750 1122,697 1052,689 1024,707 968,686 914,703 842,683 774,696 748,677 685,674"/>
                <Baseline points="692,721 718,722 744,722 770,722 797,723 823,724 849,725 876,726 902,727 928,728 955,729 981,729 1007,729 1034,730 1060,730 1086,729 1113,728"/>
                <TextEquiv>
                    <Unicode>Herr Grieg, Musik!)</Unicode>
                </TextEquiv>
            </TextLine>
            <TextLine id="r1l8" custom="readingOrder {index:7;}">
                <Coords points="780,792 1715,820 1716,772 1634,742 781,757"/>
                <Baseline points="788,785 836,788 884,790 933,791 981,793 1029,794 1078,795 1126,796 1174,797 1223,797 1271,798 1320,798 1368,799 1416,800 1465,800 1513,801 1561,803 1610,804 1658,805 1707,808"/>
                <TextEquiv>
                    <Unicode>Das verbummelte Genie Merklin (ich kannie</Unicode>
                </TextEquiv>
            </TextLine>
            <TextLine id="r1l9" custom="readingOrder {index:8;}">
                <Coords points="687,828 816,868 998,843 1727,862 1727,829 1673,814 688,796"/>
                <Baseline points="696,837 747,839 798,841 849,842 900,843 951,845 1002,846 1053,846 1104,847 1155,848 1207,849 1258,849 1309,850 1360,851 1411,851 1462,852 1513,853 1564,855 1615,856 1666,858 1718,859"/>
                <TextEquiv>
                    <Unicode>ihn noch, da er Ulrik Brendel hieß) kehrt nach</Unicode>
                </TextEquiv>
            </TextLine>
            <TextLine id="r1l10" custom="readingOrder {index:9;}">
                <Coords points="684,883 936,923 1107,896 1717,915 1717,881 1661,864 684,853"/>
                <Baseline points="692,884 742,888 793,891 844,893 895,896 946,898 996,899 1047,901 1098,902 1149,903 1200,903 1250,904 1301,904 1352,905 1403,905 1454,906 1504,906 1555,906 1606,907 1657,908 1708,908"/>
                <TextEquiv>
                    <Unicode>einem langjährigen Knut Hamsun-Dasein ins alte</Unicode>
                </TextEquiv>
            </TextLine>
            <TextLine id="r1l11" custom="readingOrder {index:10;}">
                <Coords points="679,947 810,973 1549,954 1716,988 1700,915 867,926 680,898"/>
                <Baseline points="688,940 739,942 790,944 841,945 892,947 943,949 994,950 1045,951 1096,952 1147,953 1198,954 1249,955 1300,955 1351,956 1402,957 1453,957 1504,958 1555,959 1606,960 1657,960 1708,961"/>
                <TextEquiv>
                    <Unicode>Europa, nach Wien, zurück: Da trifft er nun</Unicode>
                </TextEquiv>
            </TextLine>
            <TextLine id="r1l12" custom="readingOrder {index:11;}">
                <Coords points="691,984 1338,1030 1654,1029 1712,1015 1713,983 691,961"/>
                <Baseline points="699,994 749,996 799,998 849,1000 900,1001 950,1002 1000,1003 1050,1004 1101,1005 1151,1005 1201,1006 1251,1006 1302,1006 1352,1007 1402,1007 1452,1008 1503,1009 1553,1009 1603,1010 1653,1012 1704,1013"/>
                <TextEquiv>
                    <Unicode>einen alten Freund, den Oboespieler Jagisch, des¬</Unicode>
                </TextEquiv>
            </TextLine>
            <TextLine id="r1l13" custom="readingOrder {index:12;}">
                <Coords points="679,1058 1719,1078 1720,1015 1421,1037 680,1008"/>
                <Baseline points="687,1042 738,1045 789,1048 840,1050 891,1052 942,1054 993,1055 1045,1057 1096,1058 1147,1059 1198,1060 1249,1061 1300,1062 1351,1063 1403,1063 1454,1064 1505,1064 1556,1064 1607,1065 1658,1065 1710,1065"/>
                <TextEquiv>
                    <Unicode>sen Kismet determiniert zu haben, er sich einbildet.</Unicode>
                </TextEquiv>
            </TextLine>
            <TextLine id="r1l14" custom="readingOrder {index:13;}">
                <Coords points="773,1110 1475,1149 1711,1132 1711,1091 1557,1077 774,1080"/>
                <Baseline points="782,1111 828,1112 874,1113 920,1115 966,1115 1012,1116 1058,1117 1104,1117 1150,1118 1196,1118 1242,1119 1288,1120 1334,1120 1380,1121 1426,1121 1472,1122 1518,1123 1564,1123 1610,1124 1656,1126 1702,1127"/>
                <TextEquiv>
                    <Unicode>Merklin lebt nämlich in dem Wahne, Besitzer</Unicode>
                </TextEquiv>
            </TextLine>
            <TextLine id="r1l15" custom="readingOrder {index:14;}">
                <Coords points="678,1148 765,1183 1496,1174 1547,1201 1707,1192 1708,1159 678,1116"/>
                <Baseline points="685,1162 735,1163 786,1164 837,1165 888,1167 938,1167 989,1169 1040,1170 1091,1171 1141,1172 1192,1174 1243,1175 1294,1175 1344,1176 1395,1177 1446,1177 1497,1178 1547,1178 1598,1178 1649,1177 1700,1177"/>
                <TextEquiv>
                    <Unicode>telepathischer Kräfte zu sein, Menschen durch Ge¬</Unicode>
                </TextEquiv>
            </TextLine>
            <TextLine id="r1l16" custom="readingOrder {index:15;}">
                <Coords points="673,1220 1664,1251 1712,1244 1713,1194 673,1179"/>
                <Baseline points="681,1213 732,1215 783,1217 834,1218 885,1219 936,1220 987,1221 1039,1222 1090,1223 1141,1223 1192,1224 1243,1224 1294,1225 1345,1225 1397,1226 1448,1227 1499,1228 1550,1229 1601,1230 1652,1232 1704,1233"/>
                <TextEquiv>
                    <Unicode>dankenbestrahlung in ihren Entschlüssen bestim¬</Unicode>
                </TextEquiv>
            </TextLine>
            <TextLine id="r1l17" custom="readingOrder {index:16;}">
                <Coords points="676,1267 738,1285 884,1276 942,1298 970,1280 1000,1298 1045,1285 1045,1249 1021,1237 757,1242 677,1221"/>
                <Baseline points="684,1265 709,1266 734,1266 759,1267 784,1267 809,1268 834,1268 860,1268 885,1269 910,1269 935,1270 960,1270 985,1270 1010,1271 1036,1272"/>
                <TextEquiv>
                    <Unicode>men zu können.</Unicode>
                </TextEquiv>
            </TextLine>
            <TextLine id="r1l18" custom="readingOrder {index:17;}">
                <Coords points="785,1336 1632,1354 1713,1344 1714,1303 1409,1266 1220,1300 1075,1271 1000,1298 786,1281"/>
                <Baseline points="794,1321 839,1323 885,1324 930,1325 976,1325 1021,1326 1067,1326 1112,1326 1158,1326 1203,1326 1249,1327 1294,1327 1340,1327 1385,1328 1431,1329 1476,1330 1522,1331 1567,1334 1613,1336 1658,1339 1704,1342"/>
                <TextEquiv>
                    <Unicode>(Seitdem man das Fernlenkhoot erfunden hat,</Unicode>
                </TextEquiv>
            </TextLine>
            <TextLine id="r1l19" custom="readingOrder {index:18;}">
                <Coords points="684,1387 1293,1404 1326,1379 1419,1417 1591,1414 1704,1401 1705,1350 820,1349 685,1316"/>
                <Baseline points="692,1369 742,1371 792,1372 842,1374 892,1375 943,1376 993,1377 1043,1378 1093,1379 1143,1379 1194,1380 1244,1381 1294,1382 1344,1382 1394,1383 1445,1384 1495,1385 1545,1386 1595,1387 1645,1389 1696,1390"/>
                <TextEquiv>
                    <Unicode>ist diese Idee aus der Literatur in das Technische</Unicode>
                </TextEquiv>
            </TextLine>
            <TextLine id="r1l20" custom="readingOrder {index:19;}">
                <Coords points="694,1437 921,1444 974,1429 1076,1455 1114,1439 1154,1452 1154,1396 1136,1391 1115,1405 837,1388 803,1400 775,1378 694,1394"/>
                <Baseline points="702,1421 728,1423 754,1424 780,1425 806,1426 832,1426 858,1427 884,1427 910,1427 937,1427 963,1427 989,1427 1015,1427 1041,1426 1067,1427 1093,1427 1119,1427 1146,1427"/>
                <TextEquiv>
                    <Unicode>sinübererlöst worden.)</Unicode>
                </TextEquiv>
            </TextLine>
            <TextLine id="r1l21" custom="readingOrder {index:20;}">
                <Coords points="762,1497 1660,1515 1696,1502 1697,1444 990,1464 763,1439"/>
                <Baseline points="770,1487 815,1488 861,1490 907,1491 953,1492 999,1493 1045,1493 1091,1494 1137,1495 1183,1495 1229,1495 1274,1496 1320,1497 1366,1497 1412,1498 1458,1499 1504,1500 1550,1501 1596,1502 1642,1503 1688,1505"/>
                <TextEquiv>
                    <Unicode>An einem glüähenden Abend, einmal in der Ju¬</Unicode>
                </TextEquiv>
            </TextLine>
            <TextLine id="r1l22" custom="readingOrder {index:21;}">
                <Coords points="698,1560 1577,1552 1686,1579 1697,1501 1616,1526 698,1503"/>
                <Baseline points="706,1539 755,1540 804,1542 853,1543 902,1543 951,1544 1000,1545 1049,1545 1098,1545 1147,1546 1197,1546 1246,1547 1295,1547 1344,1548 1393,1549 1442,1550 1491,1551 1540,1553 1589,1554 1638,1556 1688,1559"/>
                <TextEquiv>
                    <Unicode>end, hat sich Merklin, der mit Freunden und</Unicode>
                </TextEquiv>
            </TextLine>
            <TextLine id="r1l23" custom="readingOrder {index:22;}">
                <Coords points="687,1580 791,1615 1022,1593 1709,1623 1709,1576 1647,1567 688,1552"/>
                <Baseline points="696,1588 746,1590 796,1592 846,1593 896,1595 947,1596 997,1597 1047,1598 1097,1599 1147,1600 1198,1600 1248,1601 1298,1601 1348,1602 1398,1603 1449,1604 1499,1605 1549,1606 1599,1607 1649,1609 1700,1611"/>
                <TextEquiv>
                    <Unicode>reundinnen in den Wienerwald gepilgert war,</Unicode>
                </TextEquiv>
            </TextLine>
            <TextLine id="r1l24" custom="readingOrder {index:23;}">
                <Coords points="685,1655 1710,1672 1710,1624 1614,1614 685,1609"/>
                <Baseline points="693,1648 743,1648 793,1647 844,1647 894,1648 945,1648 995,1648 1046,1649 1096,1650 1147,1651 1197,1652 1247,1653 1298,1654 1348,1655 1399,1656 1449,1657 1500,1658 1550,1658 1601,1659 1651,1659 1702,1660"/>
                <TextEquiv>
                    <Unicode>anz prononziert als Anwalt des Lebens gefühlt.</Unicode>
                </TextEquiv>
            </TextLine>
            <TextLine id="r1l25" custom="readingOrder {index:24;}">
                <Coords points="691,1685 833,1725 1585,1728 1713,1699 1521,1664 691,1662"/>
                <Baseline points="699,1699 749,1700 799,1700 849,1701 900,1701 950,1702 1000,1702 1050,1703 1101,1703 1151,1703 1201,1704 1251,1704 1302,1705 1352,1705 1402,1706 1452,1706 1503,1707 1553,1708 1603,1709 1653,1710 1704,1711"/>
                <TextEquiv>
                    <Unicode>an hatte sich mit Merklin verwechselt, und Merk.</Unicode>
                </TextEquiv>
            </TextLine>
            <TextLine id="r1l26" custom="readingOrder {index:25;}">
                <Coords points="685,1766 1707,1766 1707,1735 1649,1717 685,1720"/>
                <Baseline points="693,1750 743,1751 793,1752 843,1752 894,1753 944,1753 994,1754 1044,1754 1095,1755 1145,1755 1195,1756 1245,1757 1296,1757 1346,1758 1396,1759 1446,1759 1497,1760 1547,1761 1597,1762 1647,1763 1698,1764"/>
                <TextEquiv>
                    <Unicode>in lagerte im großen Rosa des Abends, wie Goethe</Unicode>
                </TextEquiv>
            </TextLine>
            <TextLine id="r1l27" custom="readingOrder {index:26;}">
                <Coords points="688,1804 1456,1840 1702,1822 1712,1794 1540,1765 688,1768"/>
                <Baseline points="697,1803 747,1804 797,1804 847,1805 898,1805 948,1806 998,1806 1049,1807 1099,1807 1149,1808 1200,1809 1250,1809 1300,1810 1350,1810 1401,1811 1451,1812 1501,1813 1552,1814 1602,1814 1652,1815 1703,1816"/>
                <TextEquiv>
                    <Unicode>uf dem Bilde des Tischbein lagert, mit dem Lyn¬</Unicode>
                </TextEquiv>
            </TextLine>
            <TextLine id="r1l28" custom="readingOrder {index:27;}">
                <Coords points="683,1859 1707,1889 1707,1832 1615,1824 684,1808"/>
                <Baseline points="691,1856 741,1857 791,1857 842,1857 892,1858 943,1858 993,1858 1043,1859 1094,1859 1144,1859 1195,1860 1245,1860 1295,1861 1346,1862 1396,1863 1447,1864 1497,1865 1547,1866 1598,1867 1648,1869 1699,1871"/>
                <TextEquiv>
                    <Unicode>eusauge ober der steil gesenkten Nasc, das Pathos</Unicode>
                </TextEquiv>
            </TextLine>
            <TextLine id="r1l29" custom="readingOrder {index:28;}">
                <Coords points="673,1901 1695,1947 1696,1894 1641,1875 674,1878"/>
                <Baseline points="681,1908 731,1908 781,1908 831,1908 882,1908 932,1908 982,1909 1033,1910 1083,1910 1133,1911 1184,1912 1234,1913 1284,1914 1334,1915 1385,1916 1435,1918 1485,1918 1536,1919 1586,1921 1636,1922 1687,1922"/>
                <TextEquiv>
                    <Unicode>n der herablehnenden Hand, wie ein vornehm¬</Unicode>
                </TextEquiv>
            </TextLine>
            <TextLine id="r1l30" custom="readingOrder {index:29;}">
                <Coords points="671,1968 1701,1994 1702,1946 671,1939"/>
                <Baseline points="679,1958 729,1960 780,1961 831,1963 881,1964 932,1965 983,1965 1033,1966 1084,1966 1135,1966 1186,1966 1236,1966 1287,1967 1338,1967 1388,1967 1439,1968 1490,1969 1540,1969 1591,1971 1642,1972 1693,1974"/>
                <TextEquiv>
                    <Unicode>lachlässiges Taschentuch. Um ihn schwärmten die</Unicode>
                </TextEquiv>
            </TextLine>
            <TextLine id="r1l31" custom="readingOrder {index:30;}">
                <Coords points="679,2023 1696,2042 1682,1980 680,1969"/>
                <Baseline points="687,2013 737,2013 787,2013 837,2013 887,2013 937,2013 987,2014 1037,2014 1087,2015 1137,2015 1187,2016 1237,2017 1287,2018 1337,2019 1387,2020 1437,2021 1487,2022 1537,2022 1587,2023 1637,2024 1687,2025"/>
                <TextEquiv>
                    <Unicode>ffädchen. Zwei davon zielten auf ihn. Eine da¬</Unicode>
                </TextEquiv>
            </TextLine>
            <TextLine id="r1l32" custom="readingOrder {index:31;}">
                <Coords points="675,2071 1700,2087 1700,2041 1618,2027 675,2031"/>
                <Baseline points="683,2064 733,2065 783,2067 834,2067 884,2068 935,2069 985,2069 1035,2069 1086,2069 1136,2070 1187,2070 1237,2070 1287,2070 1338,2071 1388,2071 1439,2072 1489,2073 1539,2074 1590,2076 1640,2077 1691,2080"/>
                <TextEquiv>
                    <Unicode>on spürte er. Da sah er seinen Freund Jagisch</Unicode>
                </TextEquiv>
            </TextLine>
            <TextLine id="r1l33" custom="readingOrder {index:32;}">
                <Coords points="675,2131 1666,2131 1666,2103 1540,2083 1093,2104 676,2065"/>
                <Baseline points="683,2116 731,2117 780,2118 829,2119 877,2119 926,2120 975,2120 1023,2121 1072,2121 1121,2121 1170,2122 1218,2122 1267,2123 1316,2123 1364,2124 1413,2125 1462,2126 1510,2127 1559,2128 1608,2131 1657,2133"/>
                <TextEquiv>
                    <Unicode>lasitzen, schüchtern, dunkei, voll Feigheit</Unicode>
                </TextEquiv>
            </TextLine>
            <TextLine id="r1l34" custom="readingOrder {index:33;}">
                <Coords points="677,2173 1459,2203 1679,2195 1698,2150 678,2131"/>
                <Baseline points="686,2167 736,2168 786,2169 836,2171 886,2172 936,2172 986,2173 1037,2174 1087,2174 1137,2175 1187,2175 1237,2176 1287,2176 1337,2177 1388,2177 1438,2178 1488,2179 1538,2179 1588,2181 1638,2182 1689,2184"/>
                <TextEquiv>
                    <Unicode>vährend das Blut der Mädchen strahlte, Da fühlle</Unicode>
                </TextEquiv>
            </TextLine>
            <TextLine id="r1l35" custom="readingOrder {index:34;}">
                <Coords points="672,2234 1691,2249 1691,2207 1562,2185 673,2196"/>
                <Baseline points="681,2223 731,2223 781,2223 831,2223 881,2223 931,2224 981,2224 1031,2225 1081,2226 1131,2226 1182,2227 1232,2228 1282,2229 1332,2229 1382,2231 1432,2231 1482,2232 1532,2233 1582,2235 1632,2235 1683,2236"/>
                <TextEquiv>
                    <Unicode>ferklin die erhabene Verpflichtung, das Outsider¬</Unicode>
                </TextEquiv>
            </TextLine>
            <TextLine id="r1l36" custom="readingOrder {index:35;}">
                <Coords points="666,2279 1681,2308 1715,2251 667,2230"/>
                <Baseline points="675,2274 726,2274 778,2275 829,2275 881,2275 932,2276 984,2276 1035,2277 1087,2277 1138,2278 1190,2278 1242,2279 1293,2280 1345,2281 1396,2282 1448,2283 1499,2284 1551,2286 1602,2287 1654,2289 1706,2291"/>
                <TextEquiv>
                    <Unicode>tom: Jagisch dem Kosmos einzuverleiben, cs</Unicode>
                </TextEquiv>
            </TextLine>
            <TextLine id="r1l37" custom="readingOrder {index:36;}">
                <Coords points="669,2333 1457,2341 1510,2368 1724,2344 1587,2294 669,2295"/>
                <Baseline points="677,2324 731,2325 786,2327 841,2328 895,2329 950,2330 1005,2330 1059,2331 1114,2331 1169,2332 1223,2332 1278,2333 1333,2333 1387,2334 1442,2335 1497,2336 1551,2337 1606,2338 1661,2340 1716,2341"/>
                <TextEquiv>
                    <Unicode>anisch zu machen, und aus der Uberfülle der</Unicode>
                </TextEquiv>
            </TextLine>
            <TextLine id="r1l38" custom="readingOrder {index:37;}">
                <Coords points="669,2367 1186,2413 1677,2402 1699,2359 1510,2368 1400,2332 1295,2362 669,2348"/>
                <Baseline points="677,2373 727,2375 778,2377 828,2379 879,2381 930,2382 980,2383 1031,2384 1082,2385 1132,2385 1183,2386 1234,2387 1284,2388 1335,2388 1386,2389 1436,2389 1487,2390 1538,2391 1588,2392 1639,2393 1690,2394"/>
                <TextEquiv>
                    <Unicode>Mädchen, warf er ihm eines an den Hals. Es soll</Unicode>
                </TextEquiv>
            </TextLine>
            <TextLine id="r1l39" custom="readingOrder {index:38;}">
                <Coords points="655,2449 1691,2468 1693,2397 792,2385 761,2411 656,2380"/>
                <Baseline points="663,2432 714,2432 765,2432 816,2433 867,2433 918,2434 969,2435 1020,2436 1071,2436 1122,2437 1173,2438 1224,2440 1275,2440 1326,2441 1377,2442 1428,2443 1479,2444 1530,2445 1581,2446 1632,2447 1684,2447"/>
                <TextEquiv>
                    <Unicode>hm Liebe, vorspielen, ihn mutig machen, sein</Unicode>
                </TextEquiv>
            </TextLine>
            <TextLine id="r1l40" custom="readingOrder {index:39;}">
                <Coords points="662,2485 692,2499 1121,2492 1169,2509 1220,2492 1221,2475 1097,2447 936,2462 921,2448 870,2461 845,2442 663,2444"/>
                <Baseline points="671,2480 698,2480 725,2481 752,2482 779,2482 806,2483 833,2483 860,2484 887,2484 914,2484 941,2485 968,2485 995,2485 1022,2486 1049,2486 1076,2487 1103,2487 1130,2488 1157,2489 1184,2490 1212,2492"/>
                <TextEquiv>
                    <Unicode>selbstbewußtsein wecken</Unicode>
                </TextEquiv>
            </TextLine>
            <TextLine id="r1l41" custom="readingOrder {index:40;}">
                <Coords points="727,2541 861,2573 928,2539 1507,2574 1508,2486 1420,2518 728,2497"/>
                <Baseline points="736,2537 774,2537 812,2538 850,2538 888,2538 926,2539 964,2539 1003,2539 1041,2539 1079,2540 1117,2540 1155,2540 1193,2541 1231,2542 1270,2542 1308,2543 1346,2544 1384,2545 1422,2547 1460,2548 1499,2550"/>
                <TextEquiv>
                    <Unicode>Merklin reckt den Willen zur Macht.</Unicode>
                </TextEquiv>
            </TextLine>
            <TextLine id="r1l42" custom="readingOrder {index:41;}">
                <Coords points="730,2603 1627,2633 1685,2629 1686,2578 1106,2546 730,2586"/>
                <Baseline points="739,2600 785,2599 832,2599 879,2599 926,2599 973,2599 1020,2600 1067,2601 1114,2602 1161,2603 1208,2604 1254,2606 1301,2607 1348,2608 1395,2609 1442,2611 1489,2612 1536,2613 1583,2614 1630,2615 1677,2615"/>
                <TextEquiv>
                    <Unicode>Anna hieß diese Ariadne. Und nun kommt</Unicode>
                </TextEquiv>
            </TextLine>
            <TextLine id="r1l43" custom="readingOrder {index:42;}">
                <Coords points="642,2641 725,2675 1689,2666 1600,2619 643,2609"/>
                <Baseline points="651,2652 702,2652 754,2652 805,2652 857,2652 908,2653 960,2653 1011,2654 1063,2655 1114,2656 1166,2657 1217,2658 1269,2659 1320,2660 1372,2661 1423,2662 1475,2663 1526,2664 1578,2665 1629,2665 1681,2666"/>
                <TextEquiv>
                    <Unicode>Merklin zurück, und sichl, daß Leben geworden</Unicode>
                </TextEquiv>
            </TextLine>
            <TextLine id="r1l44" custom="readingOrder {index:43;}">
                <Coords points="644,2717 1681,2736 1681,2683 644,2681"/>
                <Baseline points="653,2704 706,2704 760,2704 813,2705 867,2705 921,2706 974,2707 1028,2707 1082,2708 1135,2709 1189,2710 1242,2711 1296,2712 1350,2713 1403,2714 1457,2714 1511,2715 1564,2715 1618,2715 1672,2715"/>
                <TextEquiv>
                    <Unicode>st, aus seinem Imperatorenspiele. Die, die er nur</Unicode>
                </TextEquiv>
            </TextLine>
            <TextLine id="r1l45" custom="readingOrder {index:44;}">
                <Coords points="642,2756 862,2785 1679,2773 1679,2736 1537,2721 643,2720"/>
                <Baseline points="651,2756 702,2757 753,2757 804,2757 855,2758 906,2758 957,2758 1008,2758 1059,2759 1110,2759 1161,2760 1212,2760 1263,2761 1314,2762 1365,2763 1416,2764 1467,2765 1518,2766 1569,2767 1620,2769 1671,2771"/>
                <TextEquiv>
                    <Unicode>als Stimulans dachte, ist Jagisch Weib geworden.</Unicode>
                </TextEquiv>
            </TextLine>
            <TextLine id="r1l46" custom="readingOrder {index:45;}">
                <Coords points="645,2805 1539,2846 1643,2830 1679,2782 645,2772"/>
                <Baseline points="653,2805 703,2806 754,2806 805,2807 856,2808 907,2808 957,2809 1008,2809 1059,2810 1110,2810 1161,2811 1211,2812 1262,2812 1313,2814 1364,2815 1415,2816 1465,2817 1516,2818 1567,2820 1618,2821 1669,2824"/>
                <TextEquiv>
                    <Unicode>Die Puppe hat die Dröhte zerschnitten, und mensch¬</Unicode>
                </TextEquiv>
            </TextLine>
            <TextLine id="r1l47" custom="readingOrder {index:46;}">
                <Coords points="638,2859 1020,2881 1183,2853 1640,2894 1672,2843 638,2819"/>
                <Baseline points="646,2859 696,2860 747,2860 798,2861 849,2861 900,2861 951,2862 1001,2862 1052,2862 1103,2863 1154,2863 1205,2863 1256,2864 1307,2865 1357,2865 1408,2867 1459,2868 1510,2869 1561,2871 1612,2874 1663,2876"/>
                <TextEquiv>
                    <Unicode>liche Figur angehommen. Und über dem Puppen¬</Unicode>
                </TextEquiv>
            </TextLine>
            <TextLine id="r1l48" custom="readingOrder {index:47;}">
                <Coords points="644,2918 756,2945 941,2916 1588,2928 1685,2956 1686,2907 1614,2882 1463,2909 1356,2873 645,2863"/>
                <Baseline points="653,2913 704,2912 755,2911 806,2911 857,2911 909,2912 960,2912 1011,2914 1062,2914 1113,2916 1165,2918 1216,2919 1267,2921 1318,2922 1369,2924 1421,2925 1472,2926 1523,2927 1574,2928 1625,2929 1677,2929"/>
                <TextEquiv>
                    <Unicode>spieler gibt es noch einen Regisseur .. Ist das</Unicode>
                </TextEquiv>
            </TextLine>
            <TextLine id="r1l49" custom="readingOrder {index:48;}">
                <Coords points="641,2977 1683,2981 1683,2949 1617,2937 641,2932"/>
                <Baseline points="650,2964 701,2964 752,2965 803,2965 854,2965 906,2966 957,2967 1008,2967 1059,2968 1110,2969 1162,2970 1213,2971 1264,2972 1315,2973 1366,2974 1418,2975 1469,2976 1520,2977 1571,2978 1622,2978 1674,2979"/>
                <TextEquiv>
                    <Unicode>nun „Wahrheit“ schlechthin, oder nur eine ihrer</Unicode>
                </TextEquiv>
            </TextLine>
            <TextLine id="r1l50" custom="readingOrder {index:49;}">
                <Coords points="644,3029 676,3026 699,3047 810,3025 864,3034 889,3019 970,3040 1045,3039 1102,3014 1102,2987 1077,2977 1039,2991 960,2974 883,2994 708,2972 645,2983"/>
                <Baseline points="653,3014 678,3014 704,3014 730,3014 756,3013 782,3013 808,3014 834,3014 860,3014 885,3014 911,3015 937,3015 963,3016 989,3016 1015,3017 1041,3018 1067,3019 1093,3020"/>
                <TextEquiv>
                    <Unicode>sphärischen Flächen?</Unicode>
                </TextEquiv>
            </TextLine>
            <TextLine id="r1l51" custom="readingOrder {index:50;}">
                <Coords points="720,3074 1676,3091 1677,3036 721,3042"/>
                <Baseline points="728,3068 777,3069 826,3070 876,3070 925,3072 975,3073 1024,3074 1073,3075 1123,3076 1172,3077 1222,3079 1271,3080 1321,3081 1370,3082 1419,3083 1469,3083 1518,3084 1568,3084 1617,3084 1667,3084"/>
                <TextEquiv>
                    <Unicode>Als Kunsiwerk erkenne ich diesen wehmüti¬</Unicode>
                </TextEquiv>
            </TextLine>
            <TextLine id="r1l52" custom="readingOrder {index:51;}">
                <Coords points="638,3124 1668,3155 1668,3111 1622,3092 638,3091"/>
                <Baseline points="646,3119 696,3120 747,3121 798,3122 848,3123 899,3124 950,3125 1000,3126 1051,3127 1102,3128 1153,3129 1203,3130 1254,3131 1305,3132 1355,3132 1406,3133 1457,3133 1507,3133 1558,3134 1609,3134 1660,3133"/>
                <TextEquiv>
                    <Unicode>gen, szenischen Aphorismus nicht an. Als Schnitz¬</Unicode>
                </TextEquiv>
            </TextLine>
            <TextLine id="r1l53" custom="readingOrder {index:52;}">
                <Coords points="627,3185 1664,3216 1665,3155 1549,3144 628,3139"/>
                <Baseline points="636,3171 687,3173 738,3174 789,3175 840,3175 891,3177 942,3178 993,3179 1044,3180 1095,3181 1146,3182 1197,3182 1248,3184 1299,3184 1350,3185 1401,3186 1452,3187 1503,3188 1554,3189 1605,3190 1656,3190"/>
                <TextEquiv>
                    <Unicode>lers persönliche Erfahrung? Dies anzunehmen,</Unicode>
                </TextEquiv>
            </TextLine>
            <TextLine id="r1l54" custom="readingOrder {index:53;}">
                <Coords points="629,3248 842,3232 898,3249 933,3233 1017,3254 1035,3238 1102,3247 1102,3199 1005,3203 962,3179 879,3199 630,3189"/>
                <Baseline points="638,3223 663,3224 688,3224 714,3225 739,3225 764,3226 790,3226 815,3227 840,3227 866,3228 891,3228 916,3228 942,3229 967,3229 992,3229 1018,3230 1043,3230 1068,3230 1094,3230"/>
                <TextEquiv>
                    <Unicode>hin ich allzu diskret.</Unicode>
                </TextEquiv>
            </TextLine>
            <TextLine id="r1l55" custom="readingOrder {index:54;}">
                <Coords points="719,3293 750,3283 785,3297 803,3286 823,3294 863,3284 922,3303 966,3290 995,3294 996,3241 972,3232 932,3247 919,3238 900,3251 859,3232 758,3242 720,3230"/>
                <Baseline points="728,3276 754,3277 780,3277 806,3278 832,3278 858,3278 884,3279 910,3279 936,3280 962,3280 988,3282"/>
                <TextEquiv>
                    <Unicode>Was bleibt?</Unicode>
                </TextEquiv>
            </TextLine>
            <TextLine id="r1l56" custom="readingOrder {index:55;}">
                <Coords points="718,3351 1025,3331 1514,3364 1566,3336 1567,3291 1275,3313 1098,3280 1007,3309 719,3293"/>
                <Baseline points="726,3327 767,3329 809,3330 850,3331 892,3333 934,3334 975,3334 1017,3336 1058,3337 1100,3338 1142,3339 1183,3340 1225,3340 1266,3341 1308,3342 1350,3342 1391,3343 1433,3343 1474,3344 1516,3344 1558,3345"/>
                <TextEquiv>
                    <Unicode>Zeitströmung. Die Claque als Kriterium.</Unicode>
                </TextEquiv>
            </TextLine>
            <TextLine id="r1l57" custom="readingOrder {index:56;}">
                <Coords points="711,3382 1657,3425 1659,3356 712,3351"/>
                <Baseline points="719,3382 765,3382 812,3383 858,3384 905,3385 951,3386 998,3387 1044,3388 1091,3390 1137,3391 1184,3392 1230,3393 1277,3395 1323,3396 1370,3397 1416,3398 1463,3399 1509,3400 1556,3401 1602,3402 1649,3403"/>
                <TextEquiv>
                    <Unicode>Resignation als Weltanschauung. Wir sind in</Unicode>
                </TextEquiv>
            </TextLine>
            <TextLine id="r1l58" custom="readingOrder {index:57;}">
                <Coords points="624,3461 1429,3446 1586,3481 1659,3474 1660,3426 625,3399"/>
                <Baseline points="632,3434 685,3436 739,3437 792,3439 846,3439 900,3441 953,3442 1007,3442 1061,3443 1114,3444 1168,3445 1221,3446 1275,3447 1329,3448 1382,3449 1436,3450 1490,3451 1543,3452 1597,3454 1651,3456"/>
                <TextEquiv>
                    <Unicode>Wien. Dem zukünftigen Venedig, wie Bahr sagt.</Unicode>
                </TextEquiv>
            </TextLine>
            <TextLine id="r1l59" custom="readingOrder {index:58;}">
                <Coords points="699,3539 1129,3585 1211,3561 1351,3587 1557,3567 1558,3521 1337,3526 1260,3494 1160,3531 1045,3492 700,3499"/>
                <Baseline points="708,3549 750,3550 792,3552 834,3553 876,3554 918,3555 960,3556 1002,3556 1044,3557 1086,3558 1128,3558 1170,3559 1212,3559 1254,3560 1296,3560 1338,3561 1380,3562 1422,3563 1464,3564 1506,3565 1548,3566"/>
                <TextEquiv>
                    <Unicode>Dann hören wir den „Tapferen Cassian“.</Unicode>
                </TextEquiv>
            </TextLine>
            <TextLine id="r1l60" custom="readingOrder {index:59;}">
                <Coords points="695,3604 1656,3627 1656,3590 1605,3581 696,3564"/>
                <Baseline points="704,3599 751,3600 798,3601 845,3602 892,3604 939,3605 986,3606 1034,3607 1081,3607 1128,3608 1175,3609 1222,3610 1269,3611 1316,3612 1364,3613 1411,3614 1458,3615 1505,3617 1552,3618 1599,3620 1647,3622"/>
                <TextEquiv>
                    <Unicode>Der ist beinahe eine neue Gattung. Die, der</Unicode>
                </TextEquiv>
            </TextLine>
            <TextLine id="r1l61" custom="readingOrder {index:60;}">
                <Coords points="621,3666 1433,3690 1627,3681 1649,3637 622,3620"/>
                <Baseline points="630,3654 680,3655 731,3655 781,3656 832,3657 882,3658 933,3659 983,3659 1034,3660 1084,3661 1135,3662 1185,3662 1236,3663 1286,3664 1337,3665 1387,3666 1438,3667 1488,3668 1539,3669 1589,3670 1640,3671"/>
                <TextEquiv>
                    <Unicode>humorvollen Satire. Die Frage ist nur: wozu war</Unicode>
                </TextEquiv>
            </TextLine>
            <TextLine id="r1l62" custom="readingOrder {index:61;}">
                <Coords points="614,3711 1653,3734 1654,3676 615,3675"/>
                <Baseline points="622,3707 673,3708 724,3708 775,3709 826,3710 877,3711 928,3712 980,3712 1031,3713 1082,3714 1133,3716 1184,3717 1235,3718 1286,3719 1338,3719 1389,3720 1440,3721 1491,3722 1542,3722 1593,3722 1645,3723"/>
                <TextEquiv>
                    <Unicode>der Dichter zu schwach? Zum Humor oder zur</Unicode>
                </TextEquiv>
            </TextLine>
            <TextLine id="r1l63" custom="readingOrder {index:62;}">
                <Coords points="614,3767 1353,3763 1664,3803 1665,3738 1615,3731 615,3729"/>
                <Baseline points="622,3759 673,3760 725,3761 777,3762 828,3763 880,3764 932,3765 983,3766 1035,3767 1087,3768 1139,3769 1190,3769 1242,3770 1294,3771 1345,3772 1397,3772 1449,3773 1500,3774 1552,3775 1604,3776 1656,3777"/>
                <TextEquiv>
                    <Unicode>Satire? (Kompromisse entstehen durch Zellrei¬</Unicode>
                </TextEquiv>
            </TextLine>
            <TextLine id="r1l64" custom="readingOrder {index:63;}">
                <Coords points="697,3869 1645,3884 1645,3849 1378,3820 698,3833"/>
                <Baseline points="706,3864 752,3865 799,3866 845,3867 892,3867 938,3868 985,3869 1031,3870 1078,3871 1124,3873 1171,3873 1217,3874 1264,3875 1310,3876 1357,3877 1403,3878 1450,3879 1496,3880 1543,3881 1589,3882 1636,3883"/>
                <TextEquiv>
                    <Unicode>Aber auch in diesem Akte sehe ich ein Kom¬</Unicode>
                </TextEquiv>
            </TextLine>
            <TextLine id="r1l65" custom="readingOrder {index:64;}">
                <Coords points="607,3927 1636,3939 1636,3898 1514,3879 608,3877"/>
                <Baseline points="616,3922 666,3921 717,3920 767,3919 818,3919 869,3919 919,3919 970,3919 1020,3920 1071,3921 1122,3922 1172,3923 1223,3924 1273,3924 1324,3926 1375,3927 1425,3928 1476,3929 1526,3930 1577,3932 1628,3932"/>
                <TextEquiv>
                    <Unicode>pliment vor der Zeitströmung, (lbsens Kleinbür¬</Unicode>
                </TextEquiv>
            </TextLine>
            <TextLine id="r1l66" custom="readingOrder {index:65;}">
                <Coords points="612,3997 707,3962 771,3991 1192,3998 1252,3979 1252,3941 1232,3934 613,3939"/>
                <Baseline points="621,3970 652,3970 683,3970 714,3971 745,3971 776,3971 807,3971 838,3972 869,3972 900,3972 932,3972 963,3972 994,3973 1025,3973 1056,3973 1087,3973 1118,3973 1149,3973 1180,3973 1211,3973 1243,3973"/>
                <TextEquiv>
                    <Unicode>ger sagen: „Lokalverhältnisse.)</Unicode>
                </TextEquiv>
            </TextLine>
            <TextLine id="r1l67" custom="readingOrder {index:66;}">
                <Coords points="643,4017 1454,4059 1652,4040 1653,4000 1593,3985 644,3994"/>
                <Baseline points="652,4021 701,4021 751,4021 800,4022 850,4023 900,4023 949,4025 999,4025 1048,4027 1098,4028 1148,4029 1197,4031 1247,4032 1296,4033 1346,4034 1396,4036 1445,4037 1495,4038 1544,4039 1594,4040 1644,4041"/>
                <TextEquiv>
                    <Unicode>Man weiß, vornehmlich aus Sirindberg, es .geht“</Unicode>
                </TextEquiv>
            </TextLine>
            <TextLine id="r1l68" custom="readingOrder {index:67;}">
                <Coords points="609,4087 1367,4092 1718,4132 1719,4067 1643,4041 610,4015"/>
                <Baseline points="618,4077 672,4077 727,4078 781,4078 836,4078 891,4078 945,4079 1000,4079 1054,4079 1109,4080 1164,4081 1218,4081 1273,4083 1327,4084 1382,4085 1437,4087 1491,4089 1546,4090 1600,4093 1655,4096 1710,4099"/>
                <TextEquiv>
                    <Unicode>gegen das Weib, gegen die Wissenschaft, gegen das </Unicode>
                </TextEquiv>
            </TextLine>
            <TextLine id="r1l69" custom="readingOrder {index:68;}">
                <Coords points="610,4136 997,4141 1009,4138 1010,4101 975,4091 831,4097 805,4086 743,4097 611,4092"/>
                <Baseline points="618,4123 643,4124 669,4124 694,4124 720,4125 745,4125 771,4125 796,4126 822,4126 847,4126 873,4127 898,4127 924,4128 949,4129 975,4129 1001,4130"/>
                <TextEquiv>
                    <Unicode>Männchen. Voilä.</Unicode>
                </TextEquiv>
            </TextLine>
            <TextLine id="r1l70" custom="readingOrder {index:69;}">
                <Coords points="696,4184 1577,4194 1588,4164 1379,4133 697,4136"/>
                <Baseline points="705,4181 748,4181 792,4181 836,4182 879,4182 923,4182 967,4182 1010,4183 1054,4183 1098,4183 1142,4184 1185,4185 1229,4185 1273,4186 1316,4187 1360,4188 1404,4188 1447,4190 1491,4191 1535,4192 1579,4194"/>
                <TextEquiv>
                    <Unicode>Sehnitzler, den der Golistrom berührle w</Unicode>
                </TextEquiv>
            </TextLine>
            <TextEquiv>
                <Unicode>17.4. Marionetten—zuklus
— —U e. 
Puppenspieler“, Man ahnt. Nein, man weiß. Man
kennt diese tiefsinnigen, zweidentigen Titel, die
soviel Resignation atmen. Ich rücke mich zurecht,
denn ich werde die „Wahrheit“ erfahren. (Bitte,
Herr Grieg, Musik!)
Das verbummelte Genie Merklin (ich kannie
ihn noch, da er Ulrik Brendel hieß) kehrt nach
einem langjährigen Knut Hamsun-Dasein ins alte
Europa, nach Wien, zurück: Da trifft er nun
einen alten Freund, den Oboespieler Jagisch, des¬
sen Kismet determiniert zu haben, er sich einbildet.
Merklin lebt nämlich in dem Wahne, Besitzer
telepathischer Kräfte zu sein, Menschen durch Ge¬
dankenbestrahlung in ihren Entschlüssen bestim¬
men zu können.
(Seitdem man das Fernlenkhoot erfunden hat,
ist diese Idee aus der Literatur in das Technische
sinübererlöst worden.)
An einem glüähenden Abend, einmal in der Ju¬
end, hat sich Merklin, der mit Freunden und
reundinnen in den Wienerwald gepilgert war,
anz prononziert als Anwalt des Lebens gefühlt.
an hatte sich mit Merklin verwechselt, und Merk.
in lagerte im großen Rosa des Abends, wie Goethe
uf dem Bilde des Tischbein lagert, mit dem Lyn¬
eusauge ober der steil gesenkten Nasc, das Pathos
n der herablehnenden Hand, wie ein vornehm¬
lachlässiges Taschentuch. Um ihn schwärmten die
ffädchen. Zwei davon zielten auf ihn. Eine da¬
on spürte er. Da sah er seinen Freund Jagisch
lasitzen, schüchtern, dunkei, voll Feigheit
vährend das Blut der Mädchen strahlte, Da fühlle
ferklin die erhabene Verpflichtung, das Outsider¬
tom: Jagisch dem Kosmos einzuverleiben, cs
anisch zu machen, und aus der Uberfülle der
Mädchen, warf er ihm eines an den Hals. Es soll
hm Liebe, vorspielen, ihn mutig machen, sein
selbstbewußtsein wecken
Merklin reckt den Willen zur Macht.
Anna hieß diese Ariadne. Und nun kommt
Merklin zurück, und sichl, daß Leben geworden
st, aus seinem Imperatorenspiele. Die, die er nur
als Stimulans dachte, ist Jagisch Weib geworden.
Die Puppe hat die Dröhte zerschnitten, und mensch¬
liche Figur angehommen. Und über dem Puppen¬
spieler gibt es noch einen Regisseur .. Ist das
nun „Wahrheit“ schlechthin, oder nur eine ihrer
sphärischen Flächen?
Als Kunsiwerk erkenne ich diesen wehmüti¬
gen, szenischen Aphorismus nicht an. Als Schnitz¬
lers persönliche Erfahrung? Dies anzunehmen,
hin ich allzu diskret.
Was bleibt?
Zeitströmung. Die Claque als Kriterium.
Resignation als Weltanschauung. Wir sind in
Wien. Dem zukünftigen Venedig, wie Bahr sagt.
Dann hören wir den „Tapferen Cassian“.
Der ist beinahe eine neue Gattung. Die, der
humorvollen Satire. Die Frage ist nur: wozu war
der Dichter zu schwach? Zum Humor oder zur
Satire? (Kompromisse entstehen durch Zellrei¬
Aber auch in diesem Akte sehe ich ein Kom¬
pliment vor der Zeitströmung, (lbsens Kleinbür¬
ger sagen: „Lokalverhältnisse.)
Man weiß, vornehmlich aus Sirindberg, es .geht“
gegen das Weib, gegen die Wissenschaft, gegen das 
Männchen. Voilä.
Sehnitzler, den der Golistrom berührle w</Unicode>
            </TextEquiv>
        </TextRegion>
        <TextRegion orientation="0.0" id="r2" custom="readingOrder {index:1;}">
            <Coords points="1688,3694 1688,3846 1732,3846 1732,3694"/>
            <TextLine id="r2l1" custom="readingOrder {index:0;}">
                <Coords points="1681,3814 1701,3813 1708,3819 1715,3820 1722,3811 1732,3806 1740,3806 1738,3754 1720,3759 1703,3756 1692,3767 1689,3765 1679,3767"/>
                <Baseline points="1688,3796 1732,3794"/>
                <TextEquiv>
                    <Unicode>2</Unicode>
                </TextEquiv>
            </TextLine>
            <TextEquiv>
                <Unicode>2</Unicode>
            </TextEquiv>
        </TextRegion>
        <TextRegion orientation="0.0" id="r3" custom="readingOrder {index:2;}">
            <Coords points="1724,285 1724,1656 2768,1656 2768,285"/>
            <TextLine id="r3l1" custom="readingOrder {index:0;}">
                <Coords points="1763,315 1924,339 1990,312 2018,331 2078,326 2106,351 2257,322 2258,264 2190,253 2104,276 2021,257 1983,277 1814,258 1764,268"/>
                <Baseline points="1772,309 1797,309 1822,309 1847,310 1872,310 1897,311 1922,311 1947,312 1972,313 1997,313 2022,314 2047,315 2072,315 2097,316 2122,316 2147,316 2172,317 2197,316 2222,316 2248,315"/>
                <TextEquiv>
                    <Unicode>box 22/11</Unicode>
                </TextEquiv>
            </TextLine>
            <TextLine id="r3l2" custom="readingOrder {index:1;}">
                <Coords points="1748,554 1824,532 1956,558 2313,557 2352,552 2354,492 2222,519 2178,495 2068,502 1994,482 1894,504 1749,496"/>
                <Baseline points="1756,536 1785,536 1814,537 1844,537 1873,538 1903,538 1932,539 1961,540 1991,540 2020,541 2050,541 2079,542 2108,542 2138,543 2167,544 2197,544 2226,544 2255,545 2285,545 2314,545 2344,545"/>
                <TextEquiv>
                    <Unicode>zu Konstatierungen da würe!</Unicode>
                </TextEquiv>
            </TextLine>
            <TextLine id="r3l3" custom="readingOrder {index:2;}">
                <Coords points="1846,601 2253,599 2289,624 2585,599 2640,627 2776,611 2777,553 1846,556"/>
                <Baseline points="1854,587 1899,588 1945,590 1991,592 2036,593 2082,594 2128,596 2173,597 2219,598 2265,599 2311,599 2356,600 2402,601 2448,601 2493,601 2539,602 2585,602 2630,602 2676,602 2722,601 2768,601"/>
                <TextEquiv>
                    <Unicode>„Wie sich der Arzt das zurechtlegl!“(Gocthe</Unicode>
                </TextEquiv>
            </TextLine>
            <TextLine id="r3l4" custom="readingOrder {index:3;}">
                <Coords points="1744,649 2612,658 2612,625 2565,607 2288,624 1745,597"/>
                <Baseline points="1752,637 1794,638 1837,639 1879,640 1922,641 1965,642 2007,643 2050,644 2092,646 2135,647 2178,648 2220,649 2263,650 2305,651 2348,652 2391,653 2433,654 2476,655 2518,655 2561,656 2604,656"/>
                <TextEquiv>
                    <Unicode>im Gesprüch zu Eckermann über Rehbein.)</Unicode>
                </TextEquiv>
            </TextLine>
            <TextLine id="r3l5" custom="readingOrder {index:4;}">
                <Coords points="1822,743 2752,767 2770,700 2672,723 1822,700"/>
                <Baseline points="1830,730 1876,731 1923,733 1969,735 2016,737 2062,739 2109,740 2155,741 2202,743 2248,744 2295,745 2341,746 2388,747 2434,747 2481,748 2527,748 2574,748 2620,748 2667,747 2713,746 2760,745"/>
                <TextEquiv>
                    <Unicode>Als deiu##. Stück führte man den „Großen</Unicode>
                </TextEquiv>
            </TextLine>
            <TextLine id="r3l6" custom="readingOrder {index:5;}">
                <Coords points="1753,789 2703,816 2774,764 1754,743"/>
                <Baseline points="1762,784 1812,786 1862,788 1912,789 1962,791 2012,792 2062,793 2112,794 2162,795 2212,796 2263,796 2313,797 2363,797 2413,798 2463,798 2513,799 2563,800 2613,800 2663,801 2713,802 2764,804"/>
                <TextEquiv>
                    <Unicode>Wurstel“ auf. Darüber habe ich kein Urteil, da¬</Unicode>
                </TextEquiv>
            </TextLine>
            <TextLine id="r3l7" custom="readingOrder {index:6;}">
                <Coords points="1744,843 2771,867 2771,821 2725,807 1744,810"/>
                <Baseline points="1752,835 1802,837 1853,840 1903,842 1954,843 2004,844 2055,845 2105,846 2156,847 2206,848 2257,848 2307,849 2358,849 2408,849 2459,850 2509,850 2560,850 2610,851 2661,851 2711,852 2762,852"/>
                <TextEquiv>
                    <Unicode>von keine Ansicht. Ich betrachte als eine subtile</Unicode>
                </TextEquiv>
            </TextLine>
            <TextLine id="r3l8" custom="readingOrder {index:7;}">
                <Coords points="1737,889 2766,918 2766,867 1738,860"/>
                <Baseline points="1746,888 1796,890 1847,892 1897,894 1948,896 1999,897 2049,899 2100,900 2150,901 2201,902 2252,903 2302,903 2353,904 2403,904 2454,904 2505,904 2555,905 2606,905 2656,905 2707,904 2758,904"/>
                <TextEquiv>
                    <Unicode>Arl geistiger Zuchtwahl zu manchen Dingen der</Unicode>
                </TextEquiv>
            </TextLine>
            <TextLine id="r3l9" custom="readingOrder {index:8;}">
                <Coords points="1734,955 2733,976 2760,930 1735,909"/>
                <Baseline points="1742,941 1792,943 1842,944 1893,946 1943,947 1994,948 2044,949 2095,950 2145,951 2196,952 2246,953 2296,954 2347,954 2397,955 2448,955 2498,956 2549,956 2599,957 2650,957 2700,957 2751,958"/>
                <TextEquiv>
                    <Unicode>Kunst und des Lebens, in kein Verhältnis zu kom¬</Unicode>
                </TextEquiv>
            </TextLine>
            <TextLine id="r3l10" custom="readingOrder {index:9;}">
                <Coords points="1736,1017 1744,1017 1753,1009 1766,1014 1776,1006 1796,1002 1822,1017 1839,1007 1865,1006 1866,971 1838,973 1828,964 1820,966 1803,955 1781,967 1737,964"/>
                <Baseline points="1745,994 1773,993 1801,994 1829,994 1857,996"/>
                <TextEquiv>
                    <Unicode>men.</Unicode>
                </TextEquiv>
            </TextLine>
            <TextLine id="r3l11" custom="readingOrder {index:10;}">
                <Coords points="1811,1052 2763,1082 2764,1019 1811,1014"/>
                <Baseline points="1820,1047 1866,1050 1913,1053 1960,1055 2007,1057 2053,1059 2100,1060 2147,1061 2194,1062 2240,1063 2287,1063 2334,1063 2381,1064 2427,1063 2474,1063 2521,1063 2568,1063 2614,1062 2661,1062 2708,1062 2755,1062"/>
                <TextEquiv>
                    <Unicode>Ich denke; der „Große Wurstel“ ist eine Rede</Unicode>
                </TextEquiv>
            </TextLine>
            <TextLine id="r3l12" custom="readingOrder {index:11;}">
                <Coords points="1730,1115 2596,1138 2763,1132 2764,1090 1730,1065"/>
                <Baseline points="1738,1105 1788,1105 1839,1104 1890,1104 1941,1105 1992,1105 2043,1105 2094,1106 2145,1107 2196,1107 2247,1108 2297,1109 2348,1109 2399,1110 2450,1111 2501,1111 2552,1112 2603,1112 2654,1112 2705,1112 2756,1112"/>
                <TextEquiv>
                    <Unicode>pro domo, eine Verteidigung des Marionettensland¬</Unicode>
                </TextEquiv>
            </TextLine>
            <TextLine id="r3l13" custom="readingOrder {index:12;}">
                <Coords points="1734,1169 2711,1184 2772,1163 2773,1128 1734,1118"/>
                <Baseline points="1742,1150 1793,1153 1844,1155 1895,1157 1946,1158 1997,1160 2048,1161 2099,1162 2150,1163 2201,1163 2253,1164 2304,1165 2355,1165 2406,1165 2457,1165 2508,1165 2559,1166 2610,1166 2661,1166 2712,1166 2764,1166"/>
                <TextEquiv>
                    <Unicode>punkts. Sie ist unnötig. Die Stücke sind gut, die</Unicode>
                </TextEquiv>
            </TextLine>
            <TextLine id="r3l14" custom="readingOrder {index:13;}">
                <Coords points="1744,1220 2313,1215 2405,1244 2661,1209 2723,1235 2768,1230 2769,1185 1745,1169"/>
                <Baseline points="1753,1202 1803,1203 1853,1205 1904,1206 1954,1208 2004,1210 2055,1211 2105,1212 2155,1214 2206,1215 2256,1217 2306,1218 2357,1219 2407,1220 2457,1220 2508,1221 2558,1221 2608,1221 2659,1221 2709,1221 2760,1220"/>
                <TextEquiv>
                    <Unicode>Technik zu wählen, internste Angelegenheit des</Unicode>
                </TextEquiv>
            </TextLine>
            <TextLine id="r3l15" custom="readingOrder {index:14;}">
                <Coords points="1730,1274 1750,1273 1761,1281 1778,1267 1796,1275 1816,1266 1827,1274 1857,1267 1872,1275 1881,1269 1897,1283 1917,1281 1933,1277 1934,1232 1904,1233 1883,1214 1868,1214 1858,1224 1837,1213 1822,1213 1809,1223 1731,1216"/>
                <Baseline points="1738,1255 1764,1254 1791,1253 1818,1253 1845,1253 1872,1255 1899,1257 1926,1259"/>
                <TextEquiv>
                    <Unicode>Dichters.</Unicode>
                </TextEquiv>
            </TextLine>
            <TextLine id="r3l16" custom="readingOrder {index:15;}">
                <Coords points="1809,1309 2019,1337 2586,1324 2650,1353 2765,1319 2766,1279 1810,1273"/>
                <Baseline points="1818,1308 1867,1310 1916,1311 1966,1313 2015,1314 2065,1315 2114,1316 2163,1317 2213,1318 2262,1319 2312,1320 2361,1320 2411,1321 2460,1322 2509,1322 2559,1323 2608,1324 2658,1325 2707,1327 2757,1328"/>
                <TextEquiv>
                    <Unicode>Das Publikum war eigentlich begeistert. So</Unicode>
                </TextEquiv>
            </TextLine>
            <TextLine id="r3l17" custom="readingOrder {index:16;}">
                <Coords points="1729,1367 2043,1395 2294,1367 2465,1399 2642,1371 2687,1402 2772,1382 2773,1345 1730,1332"/>
                <Baseline points="1738,1360 1789,1361 1840,1362 1891,1363 1943,1364 1994,1365 2045,1366 2097,1367 2148,1368 2199,1369 2251,1371 2302,1372 2353,1372 2404,1373 2456,1374 2507,1375 2558,1375 2610,1376 2661,1376 2712,1376 2764,1376"/>
                <TextEquiv>
                    <Unicode>applaudiert man in Paris Herrn Bataille oder</Unicode>
                </TextEquiv>
            </TextLine>
            <TextLine id="r3l18" custom="readingOrder {index:17;}">
                <Coords points="1716,1428 2468,1423 2595,1453 2772,1439 2773,1394 1784,1388 1717,1346"/>
                <Baseline points="1724,1415 1776,1416 1828,1417 1880,1418 1932,1419 1984,1420 2036,1420 2088,1421 2140,1421 2192,1422 2244,1422 2296,1422 2348,1423 2400,1423 2452,1424 2504,1425 2556,1426 2608,1427 2660,1428 2712,1430 2764,1431"/>
                <TextEquiv>
                    <Unicode>Brieux. Notre poéle. Von den Schauspielern</Unicode>
                </TextEquiv>
            </TextLine>
            <TextLine id="r3l19" custom="readingOrder {index:18;}">
                <Coords points="1727,1468 2179,1496 2398,1467 2760,1510 2761,1441 2697,1433 1728,1433"/>
                <Baseline points="1736,1466 1786,1466 1837,1466 1888,1466 1939,1467 1990,1468 2040,1468 2091,1469 2142,1470 2193,1471 2244,1473 2294,1474 2345,1475 2396,1476 2447,1477 2498,1479 2548,1479 2599,1480 2650,1481 2701,1481 2752,1481"/>
                <TextEquiv>
                    <Unicode>möchte ich keinen hervorheben. Sie hatten alle</Unicode>
                </TextEquiv>
            </TextLine>
            <TextLine id="r3l20" custom="readingOrder {index:19;}">
                <Coords points="1727,1541 2220,1526 2280,1557 2462,1529 2701,1564 2777,1508 1729,1470"/>
                <Baseline points="1736,1517 1787,1517 1839,1518 1890,1519 1942,1520 1994,1521 2045,1523 2097,1524 2148,1526 2200,1527 2252,1528 2303,1530 2355,1531 2406,1533 2458,1534 2510,1535 2561,1536 2613,1537 2664,1538 2716,1538 2768,1538"/>
                <TextEquiv>
                    <Unicode>den Stil dieser Stücke, Sie hatten es nicht nötig</Unicode>
                </TextEquiv>
            </TextLine>
            <TextLine id="r3l21" custom="readingOrder {index:20;}">
                <Coords points="1724,1581 2114,1618 2290,1585 2575,1606 2638,1579 2639,1544 1725,1541"/>
                <Baseline points="1732,1573 1776,1573 1821,1573 1866,1573 1911,1574 1956,1575 2001,1577 2046,1578 2091,1580 2136,1582 2181,1584 2225,1585 2270,1586 2315,1588 2360,1589 2405,1589 2450,1589 2495,1588 2540,1587 2585,1584 2630,1581"/>
                <TextEquiv>
                    <Unicode>„J'accuse“ zu rufen, noch pathetisch zu sein.</Unicode>
                </TextEquiv>
            </TextLine>
            <TextLine id="r3l22" custom="readingOrder {index:21;}">
                <Coords points="2216,1647 2249,1661 2289,1633 2330,1667 2399,1648 2456,1660 2493,1637 2554,1661 2584,1643 2640,1664 2732,1638 2732,1617 2686,1595 2570,1607 2509,1593 2469,1612 2272,1592 2217,1606"/>
                <Baseline points="2224,1637 2249,1638 2274,1639 2299,1639 2324,1640 2349,1641 2374,1641 2399,1642 2424,1642 2449,1642 2474,1643 2499,1643 2524,1643 2549,1643 2574,1643 2599,1643 2624,1644 2649,1643 2674,1643 2699,1643 2724,1643"/>
                <TextEquiv>
                    <Unicode>Paris von Gütersloh.</Unicode>
                </TextEquiv>
            </TextLine>
            <TextEquiv>
                <Unicode>box 22/11
zu Konstatierungen da würe!
„Wie sich der Arzt das zurechtlegl!“(Gocthe
im Gesprüch zu Eckermann über Rehbein.)
Als deiu##. Stück führte man den „Großen
Wurstel“ auf. Darüber habe ich kein Urteil, da¬
von keine Ansicht. Ich betrachte als eine subtile
Arl geistiger Zuchtwahl zu manchen Dingen der
Kunst und des Lebens, in kein Verhältnis zu kom¬
men.
Ich denke; der „Große Wurstel“ ist eine Rede
pro domo, eine Verteidigung des Marionettensland¬
punkts. Sie ist unnötig. Die Stücke sind gut, die
Technik zu wählen, internste Angelegenheit des
Dichters.
Das Publikum war eigentlich begeistert. So
applaudiert man in Paris Herrn Bataille oder
Brieux. Notre poéle. Von den Schauspielern
möchte ich keinen hervorheben. Sie hatten alle
den Stil dieser Stücke, Sie hatten es nicht nötig
„J'accuse“ zu rufen, noch pathetisch zu sein.
Paris von Gütersloh.</Unicode>
            </TextEquiv>
        </TextRegion>
    </Page>
</PcGts>
