3436 4320
272 268 490 340 vom
500 297 725 399 Ki
671 586 1352 686 Theater und Musik.
473 660 1627 735 G. Z. Das Bunte Theater des Herrn Baion von
378 706 1615 786 [Wolzogen konnte am Freitag bereits das Jubiläum der
401 761 1628 819 50. Aufführung feiern. Das Bunte Theater hat einen Erfolg
403 811 1627 865 errungen, wie ihn selbst der größte Optimist nicht voraus¬
394 853 1628 910 zusagen gewagt hätte. Es ist Mode geworden. Das Haus ist
396 896 1632 949 fast allabendlich ausverkauft, in privaten Kreisen, auf Bällen,
397 941 1615 992 bei Liebhaberaufführungen gehoren jetzt Ueberbreti'l=Nach¬
391 1000 1630 1042 ahmungen oder Vorträge aus dem Programm des Ueber¬
398 1004 1721 1077 brett'l zum nothwendigen Erforderniß. Es ist gekommen, asire
339 1068 1693 1135 Fi wie des hier s. Z. bei der Anzeige der deutschen Chansons #to
1602 1094 1710 1156 ilbar
374 1110 1738 1177 vorausgesagt wurde, die Musik hat selbst so faden Versen wie graus.
366 1178 1618 1219 Bierbaums „Lustigem Ehemann“ zu großer Wirkung verholfen.
393 1206 1766 1285 Das Bunte Theater ist der größte Erfolg des Winters. Freilich ist das
396 1243 1780 1308 ist es nicht jenes Ueberbrett'l, das den Gründern vorgeschwebt es den
328 1297 1606 1372 auhat. Was sollte auch genialer Uebermuth und phantastisches,
346 1340 1604 1424 Aherzentrisches Gebahren vor einem Bourgeoispublikum, auf das
397 1375 1704 1440 man nun doch, des guten Geschäftes halber, angewiesen ist! en
396 1430 1692 1485 Das Bunte Theater ist ein Familien=Variété geworden oder #
336 1461 1693 1542 Inwenigstens auf dem besten Wege dazu. Alles, was gefällt, ein
338 1490 1701 1590 b jwas unmittelbar einschlägt, wie eben der „Lustige Ehe=
342 1571 1615 1613 womann“, oder „Die Musik kommt“, oder das neue Lied
354 1608 1613 1669 devon der „Haselnuß“, das am Freitag von Frl. Bradsky
357 1639 1630 1707 wiund Herrn Koppel (bereits im Kostüm des „lustigen
390 1687 1622 1738 Ehepaars“, das, wie man mit Recht vorausgesetzt, als Zu¬
395 1739 1627 1798 gabe verlangt wurde) ganz allerliebst gesungen wurde — also
394 1764 1633 1851 was unmittelbar einschlägt, trägt durchweg den Charakter des
391 1818 1621 1883 Gutbürgerlichen; leichte Waare, aber nicht so gänzlich des
385 1857 1637 1924 *Gehaltes baar wie die meisten Kouplets unserer Variétés, in
389 1912 1625 1964 deren Rahmen jedoch alle jene Lieder durchaus passen würden.
388 1954 1625 2018 Eine gewisse Veredelung des Variété wäre damit also erreicht.
402 1995 1632 2053 Es fehlt auch nicht an Vorträgen von künstlerischer Eigenart,
398 2036 1632 2102 und in dieser Beziehung ist das gegenwärtige Programm besser
390 2087 1620 2143 ausgestattet wie das des Anfangs. Es treten jetzt auch einige
384 2126 1620 2194 Dichter auf, die ihre Verse selbst vortragen: Herr Pserhofer
391 2186 1619 2231 trug einige Epigramme vor, die zum Theil recht witzig waren,
397 2218 1619 2273 und Herr Hans Heinz Evers ein paar Thierfabeln, in denen
403 2258 1621 2322 sich ein kleines, aber zweifellos eigenartiges satirisches Talent
389 2304 1617 2361 zeigt, zumal in der letzten, deren Vortrag der Dichter Herrn
395 2353 1632 2403 v. Wolzogen überließ — nicht zu seinem Nachtheil, denn dieser
401 2392 1621 2448 bewies in der That ein ungewöhnliches Geschick, jede Spitze
405 2440 1624 2499 in schärfstem Lichte erglänzen zu lassen. Eine eigenartige Gabe
392 2470 1620 2536 war das Bild aus dem Landstreicherleben „Die Tippel¬
404 2537 1620 2581 schickse“, das Hans Ostwald, selbst einst reisender Handwerks¬
391 2556 1624 2640 bursch und Verfasser eines Romans „Die Vagabonden“
393 2603 1625 2675 verfaßt hat. Als Episode in einem Roman hätte man
398 2659 1630 2707 dieses tragische Chausseegraben=Idyll allenfalls hin¬
396 2706 1621 2760 genommen, von der Bühne herab berührt es rein abstoßend,
390 2742 1629 2809 zumal die Darsteller, bei aller Mühe, die sie sich gaben, nicht
401 2791 1639 2862 über einen gekünstelten Naturalismus herauskamen. Eine
395 2835 1620 2893 Schickse — Femininum zu Schäcks — heißt im Rothwälsch
393 2881 1627 2936 eine fahrende Frau, und das Walzen auf der Landstraße
403 2921 1633 2976 nennt der Landstreicher „tippeln“. Daher der Name. Eine
388 2970 1619 3025 Tippelschickse, die mit ihrem Schäcks fechtend herumzieht,
402 3011 1628 3068 trifft auf der Landstraße ihren einstigen Mann, der jetzt auch
395 3055 1623 3113 sicht. Schäcks und Ehemann fallen erst übereinander her, aber
400 3101 1622 3162 die Schickse bringt sie auseinander, und man beschließt endlich,
398 3143 1627 3199 zu Dreien weiter zu fechten. Es fehlt der Skizze an dem
393 3188 1621 3242 grimmigen Pathos, durch das diese Menschen aus dem
392 3228 1612 3292 Schmutze der Landstraße in die Sphäre der Kunst,
395 3281 1621 3328 als erschütternde soziale Typen emporgehoben werden
400 3312 1627 3376 könnten. Ob sie richtig beobachtet und wiedergegeben sind,
393 3358 1620 3419 darüber vermag ich nichts zu sagen, denn ich habe nie
1345 3404 1624 3464 Die Haupt¬
392 3417 1253 3464 „getippelt“ weder mit noch ohne Schickse
404 3427 1620 3506 aufmerksamkeit richtete sich auf die letzte Gabe des Programms,
394 3493 1620 3550 einen „Spaß“ von Arthur Schnitzler, zu dem sich der
408 3537 1616 3591 Vorhang erst gegen 10¾ Uhr theilte. Das Programm muß
407 3583 1622 3639 also um mindestens ein Drittel gekürzt werden. Schnitzler
392 3627 1620 3666 parodirt hier das Theater. Er läßt seine Personen als
404 3667 1619 3730 Marionetten an Schnüren auftreten und zeigt die Schnüre
394 3713 1626 3774 auch in dem inneren Bau des Stückes und der Charaktere.
402 3758 1629 3809 Aber man kommt nicht über den Eindruck des
392 3802 1629 3860 Gemachten hinaus. Schnitzler ist nicht der Mann der
394 3857 1621 3906 überquellenden grotesken Phantasie. Er hat ganz hübsche,
404 3886 1625 3946 witzige Einfälle, aber der Uebermuth fehlt. Einige Mal wirkt
403 3945 1630 3992 die Satire fast lehrhaft, das heißt langweilig. Es schadete
396 3975 1627 4028 dem Stückchen auch, daß es so spät gespielt wurde, als man
393 4018 1622 4084 bereits müde war. An Lorbeerkränzen und Blumenarran¬
406 4077 1552 4137 gements ward ein ganzer Garten auf die Bühne gereicht.
2232 1405 2649 1474 Telefon 12801.
1774 1503 3110 1605 Alex. Weigl’s Unternehmen für Zeitungs-Ausschnitte
2778 1563 2980 1622 Ausschnilt
1759 1598 3114 1713 N106 „OBSERVER“ Nr. 62
1724 1705 3175 1791 I. österr. behördl. conc. Bureau für Zeitungsberichte u. Personalnachrichten
1905 1767 3004 1865 Wien, IX/, Türkenstrasse 17.
2127 1868 2801 1940 Filiale in Budapest: „Figyelö“ —
1736 1937 3170 2015 Vertretungen in Berlin, Chicago, Genf, London, Newyork, Paris, Rom, Stockholm.
1730 2075 2267 2158 Ausschnitt aus:
2349 2062 2748 2160 Prager a
1738 2206 2239 2300 vom /07270 0
2094 2516 3002 2601 — Ein Puppenspiel von Arthur
2020 2587 2998 2644 [Schnitzler. Wolzogens Ueberbrettl in Berlin hatte
2001 2613 2985 2704 (Freitag seine 50. Vorstellung. Wie wis bereits mit¬
2015 2668 2981 2752 getheilt, wurde an dem Abend „Die Marionetten“.
1997 2730 2983 2814 ein Spaß von Arthur Schnitzler zum ersten Mal
2004 2777 2980 2866 aufgeführt. Auf einem Marionetten=Theater im Wurstel¬
1997 2847 2976 2904 prater spielt sich in ganz kurzer Zeit ein großes Drama
1995 2871 2982 2957 ab. Die handelnden Personen sind typische dramatische
1993 2928 2981 3008 Figuren wie Liesl, das „süße Mädel“, der düstere
1998 2990 2973 3052 Kanzlist, ihr Vater, der von Stimmungen beeinflußte
2979 3016 3172 3092 inclusive
1774 3027 1887 3101 Für
1898 3043 2968 3102 50 76 Held, der Raisonneur und Andere. Alle Personen hängen
2985 3073 3139 3120 Porto
1989 3087 3150 3154 an Drähten und machen Marionetten=Bewegungen. Der Zahlbar
1872 3107 1979 3162 200
1992 3121 3170 3216 geistvolle dramatische Scherz fand vielen Beifall trotz m Voraus.
1867 3153 1977 3199 500
1987 3167 2540 3235 der mangelhaften Aufführung.
1833 3192 1969 3248 1000
1888 3189 3208 3298 Im Gegensatze zu anderen Bureaux für Zeitungsaussennute ist das
1761 3261 3211 3336 Abonnement durch keine bestimmte Zeitdauer begrenzt; — auch steht es den
1761 3307 3044 3377 Abonnenten frei die aufgegebenen Themen zu ergänzen oder zu ändern.
1888 3362 3204 3461 Der „OBSERVER“ veranstaltet täglich einen Auszug enthaltend die
1774 3436 3207 3499 Inhaltsangabe aller wichtigen Mittheilungen der Wiener Morgen¬
1775 3471 3215 3541 blätter (Tagesjournale ausser „Neue Freie Presse“ und „Wiener Zeitung“)
1775 3516 3207 3573 wodurch eine Uebersicht über das gesammte politische und wirthschaftliche Leben
1775 3549 3215 3624 des In- und Auslandes in drastischer Kürze geboten wird. Diese Mittheilungen
1780 3604 2575 3659 werden in Wien um 9 Uhr Früh verschickt.
2079 3661 2908 3754 Prospecte gratis und franco.
