3436 4320
1532 271 1596 327 1
296 256 1638 355 17.4. Marionetten9 K——
763 750 1183 816 Telefon 12801.
305 849 1651 931 Alex. Weigl's Unternehmen für Zeitungs-Ausschnitte
1309 914 1499 970 Ausschnitt
1548 943 1631 1039 0
304 926 1542 1057 105 „OBSERVER“ Nr. 7
250 1060 1686 1117 I. österr. behördl. conc. Bureau für Zeitungsberichte u. Personalnachrichten
428 1137 1511 1196 Wien, IX/, Türkenstrasse 17.
632 1212 1312 1286 Filiale in Budapest: „Figyelé“ —
239 1283 1683 1359 Vertretungen in Berlin, Chicago, Genf, London, Newyork, Paris, Rom, Stockholm.
794 1333 1469 1441 Vesgische naibig heram)
235 1399 762 1468 Ausschnitt aus:
240 1525 714 1622 vom  100
1501 1837 1640 1903 Grcneher
720 1854 1376 1951 Theater und Musik.
750 1920 1347 1993 Sezessions=Bühne
685 1904 1659 2052 Gastsviel des Bunten Theaters. 62229.—
493 1988 1622 2089 Herrn v. Wolzogens „Ueberbrettl“ feierte gestern allend
468 2030 1640 2147 das Jubiläum seiner fünfzigsten Vorstellung, was seinen rührigen
477 2071 1632 2181 und liebenswürdigen Leiter zu einer kleinen Begrüßungsrede ver¬
478 2106 1634 2220 anlaßte, in der er besonders die nerddeutsche Schwerfälligkeit mit
487 2149 1641 2248 seiner leichten Truppe zu bekämpfen versprach. Das Publikum
490 2184 1641 2298 stimmte lebhaft zu, und den ganzen Abend herrschte zwischen dem
493 2217 1655 2328 Saal und der Bühne ein lebhaftes Verhältniß freundlichster
491 2262 1650 2368 Vertraulichkeit. Die Stunde ist zu weit vorgerückt, um die
1211 2298 1657 2362 besprechen, außerdem
496 2321 1151 2408 einzelnen Nummern eingehend
293 2362 367 2416 Für
489 2337 1659 2456 hat auch das Bunte Theater kein festes Programm, sondern ein
366 2405 454 2452 100
494 2370 1659 2488 bereits sehr umfängliches Repertoire, aus dem es nach eigener
359 2444 455 2492 200
505 2414 1658 2521 Laune und nach den Wünschen des Publikums schöpfen kann.
365 2488 453 2532 500
501 2453 1648 2557 1 Sehr angesehene Heroen der Literatur haben es sich nicht versagt,
496 2495 1654 2595 zum Ueberbrettl hinunter oder vielmehr hinauf zu steigen. So
359 2524 468 2583 1000
496 2530 1662 2629 gab es ein Marionettenspiel von Arthur Schnitzler, in
383 2581 465 2633 Im
506 2566 1657 2666 dem er sich in reizender Weise über sich seibst, über Hoffmanns¬
250 2615 500 2675 Abonnement
515 2611 1654 2722 thal, über andere Wiener Stimmungspoeten und über die
254 2661 498 2719 Abonnenten f
514 2646 1669 2744 Dramatiker im allgemeinen lustig macht. Zuletzt kommt
518 2692 1665 2804 Harlekin als Tod und schneidet die Schnüre ab, mit denen der
365 2743 515 2803 Der „
527 2725 1670 2839 „Held des Stückes“ bewegt wird. Dann wird er wieder in die
246 2782 519 2842 Inhaltsangal
519 2765 1676 2867 grüne Schachtel gelegt. Das war mit der feinen überlegenen
248 2829 504 2880 blätter (
520 2806 1674 2912 Heiterkeit gemacht, die immer einen Rest von Nachdenk¬
249 2863 514 2919 wodurch eine
527 2840 1679 2940 lichkeit zurückläßt. Haus Oswald hat aus seinem be¬
259 2903 520 2957 des In- und
531 2885 1673 2991 kannten Buche „Vagabunden“ einen Ausschnitt unter dem Titel
251 2943 514 3010 werden in Wie
537 2922 1679 3036 „Die Tippelschickse“, auf deutsch Stromerin, dramatisirt, der mit
537 2966 1691 3056 seiner unverfälschten Darstellung des Lebens auf der Walze das
536 3001 1679 3094 Publikum interessirte, wenn auch zartere Gemüther durch die
538 3030 1687 3147 Roheit der Vorgänge abgestoßen wurden, und wohl nicht mit
543 3078 1687 3185 Unrecht.  Eine neue Pantomime „Vierrots Fastnacht“  von
536 3112 1690 3227 jLeo Feld ist vielleicht etwas zu komplizirt für diese Gattung,
551 3155 1703 3260 die sich auf die einfachsten Aeußerungen menschlicher Leidenschaft
545 3218 1705 3301 beschränken muß. Sie hat sich durch sich selbst zu erklären,
547 3239 1702 3338 so daß sie der Vorbereitung des gesprochenen Kommentars nicht
554 3265 1702 3381 bedarf. Ganz reizend ist ein neues Duekt „Die Haselnuß“,
561 3309 1712 3417 Text pen Walter Paulus, Musik von Oskar Straus, ein
557 3353 1726 3448 würdiges Gegenstück des „Lustigen Ehemanns“, der von Fräulein
566 3388 1714 3497 Bradsky und Herrn Köppel zum nennundnennzigsten und auf all¬
554 3426 1719 3526 gemeines Verlangen zum hundertsten Male gegeben wurde. Sehr
556 3467 1715 3592 angenehme Bekanntschaften machten wir in den Herren H. H. Evers
568 3510 1712 3604 und A. Pferhofer, die ihre eigenen Dichtungen satirischer Art
575 3541 1719 3651 sehr diskret vorzutragen wußten. Als ausgezeichneter Sprecher;
567 3585 1722 3679 bewährte sich der Wiener Rezitator Herr Marcel Salzer, aber
563 3618 1724 3730 dersfeinste Interpret bleibt doch Herr v. Wolzogen selbst, der mit
580 3649 1729 3757 Stolz von sich sagen kann: Das bunte Theater bin ich! Und als
578 3702 1724 3808 besonderes Verdienst muß seiner Schöpfung angerechnet werden, daß sie
567 3741 1736 3853 uns in lebhafter Verbindung mit mehreren von unseren besten
573 3781 1730 3879 Lurikern wie Lilieneron, Morgenstern und Otto Julius
584 3814 1724 3918 Bierbaum erhält. Sie nimmt das Gute, woher sie es bekommt.
576 3854 1741 3960 Hat doch auch der alte Paul Flemming, der sonst auf einem
583 3892 1740 3998 ganz anderen Gebiete verehrt wird, ein sehr weltliches, sehr
584 3931 1748 4055 graziöses Gedicht über die Kunst des Küsseus beigesteuert. A. E.
1803 256 2317 348 box 22/10
2367 1078 2778 1141 Telefon 12801.
1902 1172 3238 1260 Alex. Weigl’s Unternehmen für Zeitungs-Ausschnitte
2898 1232 3098 1293 Ausschaltt
1926 1281 3233 1383 Pres „OBSERTEN: N. 55
1848 1384 3288 1457 I. österr. behördl. conc. Bureau für Zeitungsberichte u. Personalnachrichten
2025 1454 3115 1530 Wien, IX/j, Türkenstrasse 17.
2236 1538 2910 1620 Filiale in Budapest: „Figyelö“ —
1838 1609 3267 1664 Vertretungen in Berlin, Chicago, Genf, London, Newyork, Paris, Rom, Stockholm.
2524 1710 3024 1796 1 Presse
1852 1731 2355 1816 Ausschnitt aus:
1842 1869 2331 1977 vora 1/71. 4001
2062 2118 3161 2243 [Das Berliner „Ueberbrettl“.] Aus Berlin
1958 2196 3161 2293 Lwird uns berichtet: Im Ueberbreitl wurden heute die „Mario¬
1990 2222 3166 2329 netten“ ein Spaß von Arthr. Schnitzler, ausgeführt. Auf
1991 2276 3163 2376 einem Marionetten=Theater im Wurstelprater spielt sich in ganz
2000 2314 3166 2413 kurzer Zeit ein großes Drama ab. Die handelnden Personen sind
2001 2359 3170 2451 typische dramatische Figuren wie Liesl, das „süße Mädel“, der
2007 2393 3169 2504 düstere Kanzlist, ihr Vater, der von Stimmungen beeinflußte Held,
2009 2444 3177 2543 der Raisonneur und Andere. Alle Personen hängen an Drähten
2013 2468 3182 2593 und machen Marionetten=Bewegungen. Der geistvolle dramatische
2021 2513 3178 2629 Scherz fand vielen Beifall trotz der mangelhaften Ausführung.
2017 2569 3181 2669 Ueberhaupt machte das Ueberbrettl heute bei seiner fünfzigsten Vor¬
2016 2597 3187 2711 stellung einen recht dilettautenhaften Eindruck, von dem nur die
2018 2642 3203 2757 Vorträge Wolzogen's und die reizenden Lieder des Compo¬
1893 2676 1984 2760 Für
1962 2712 2798 2814 20 nisten Oskar Strauß auszunehmen sind.
3062 2741 3233 2800 * Pörto.
2884 2744 3037 2818 50—
2833 2747 2889 2824 „
3050 2786 3245 2838 Zahlbar
1966 2802 2067 2860 500
2844 2808 3022 2870 „ 110.—
2658 2823 2735 2868 11
2846 2820 3258 2913 „ 200.— im Voraus.
1934 2839 2073 2910 1000
1962 2895 3299 2952 Im Gegensatze zu anderen Bureaux für Zeitungsausschnitte ist das
1845 2947 3291 3011 Abonnement durch keine bestimmte Zeitdauer begrenzt; — auch steht es den
1863 2987 3143 3039 Abonnenten frei die aufgegebenen Themen zu ergänzen oder zu ändern.
1972 3069 3303 3130 Der „OBSERVER“ veranstaltet täglich einen Auszug enthaltend die
1860 3112 3293 3155 Inhaltsangabe aller wichtigen Mittheilungen der Wiener Morgen¬
1860 3154 3290 3204 blätter (Tagesjournale ausser „Neue Freie Presse“ und Wiener Zeirung“)
1858 3178 3299 3229 wodurch eine Uebersicht über das gesammte politische und wirthschaftliche Leben
1859 3228 3295 3278 des In- und Auslandes in drastischer Kürze geboten wird. Diese Mittheilungen
1854 3271 2654 3329 werden in Wien um 9 Uhr Früh verschickt.
2161 3347 2985 3425 Prospecte gratis und franco.
