3436 4320
229 265 1573 349 17.4. MarionettenZ0kIus
695 477 1328 610 Dramatische“
1126 607 1591 729 Grotesken.
845 734 1461 817 Grabbe im Kleinen Theater.
695 802 1596 860 Herr Professor Gubitz, übergab eines Tages
690 855 1599 906 Heinrich Heine das tolle Erstlingsdrama Grabbes
697 901 1596 955 „Theodor von Gothland“ der damals, im Jahre
699 938 1600 1001 1822, in Berlin studierte, mit den Worten:
697 993 1606 1045 „Lesen Sie das verrückte Zeug.“ — Und Heine
703 1026 1596 1079 erwiderte: „Lieber Gubitz, das ist kein verrücktes
700 1069 1597 1115 Zeug, das ist die Arbeit eines Genies.“ Von
704 1108 1595 1180 diesem Grabbe, einer durchaus pathologischen
693 1152 1609 1218 Natur, die ein Zeitlang von unseren Stürmern
690 1203 1597 1248 und Drängern als der Heros des kommenden
704 1240 1603 1308 Dramas ausposannt wurde, kursieren die aben¬
691 1285 1602 1354 teuerlichsten Geschichten. So soll er als Militär¬
693 1328 1594 1388 auditeur in Detmold eines Tages seinen Dienst¬
697 1377 1598 1428 befohlenen den Eid in Frack und Unterhosen
699 1423 1600 1483 abgenommen haben. In Berlin erzählt er, er
698 1460 1599 1526 beabsichtige als Lakai Dienste zu nehmen und
702 1505 1605 1576 wolle sich im Intelligenzblatte dazu mit dem
703 1550 1600 1605 Beisatze anbieten, daß er auch Tragödien an¬
701 1595 1605 1655 fertigen könne. In Düsseldorf, wo sich Immer¬
705 1641 1597 1694 mann des heruntergekommenen Genies freund¬
700 1682 1598 1734 schaftlich annimmt und ihn vom Alkoholteufel
694 1733 1600 1783 zu retten sucht, macht dessen Geliebte, die Gräfin
705 1771 1601 1813 Ahlefeldt, den wilden Menschen mit den langen
704 1812 1597 1862 Zottelhaaren und den kurzen Beinkleidern mit
697 1864 1598 1912 einer gebrechlichen alten Dame bekannt, der er
699 1899 1597 1962 auf eine Anhöhe hinaufhelfen muß. Er gebärdet
708 1941 1601 1995 sich dabei so wunderlich, daß ihm die Ahlefeldt
705 1988 1599 2047 zuruft: „Was machen Sie denn Grabbe?“ Er
704 2036 1598 2088 antwortet: „Ich schiebe Ihr Rhinozeroß hinauf.“
761 2082 1602 2163 So toll und wunderlich wie der Mensch ist
702 2142 1608 2196 trotz genialer Einzelzüge sein Werk. Und am
714 2190 1598 2248 allertollsten und wunderlichsten sein Lustspiel
700 2239 1597 2287 „Scherz=Satire, Ironie und tiefere
705 2274 1602 2326 Bedeutung.“ Es gibt schwerlich etwas
703 2330 1597 2377 Frecheres und Groteskeres in der gesamten
699 2364 1608 2430 Weltliteratur. „Findet der Leser nicht,“ so heißt
705 2408 1599 2466 es im Vorwort, „daß diesem Lustspiel eine ent¬
707 2452 1592 2504 schiedene Weltansicht zugrunde liegt, so ver¬
691 2494 1597 2553 dient es keinen Beifall. Im übrigen verspottet
697 2535 1597 2591 es sich selbst, und werden daher die literarischen
692 2585 1602 2627 Angriffe von den beteiligten Personen leicht ver¬
699 2626 1602 2680 ziehen werden. Es wird noch bemerkt, daß dieses
702 2673 1595 2719 Stück schon im Jahre 1822 geschrieben war und
692 2710 1609 2774 auch in mehreren Gesellschaften vorgelesen
707 2751 1603 2817 wurde.“ Die Handlung des Spiels ist von so
702 2797 1603 2851 drastischer Tollheit, von so bissigem Humor, daß
693 2830 1622 2904 man sie ihrem Inhalte nach unmöglich wieder¬
702 2888 1606 2936 geben kann. Da geht etwa ein Freiherr über
694 2924 1605 2981 die Bühne, der auf Wunsch des Teufels drei¬
694 2968 1613 3032 zehn Schneidergesellen erschlägt, nachdem er sich
695 3019 1611 3072 eine Sewviette vorgebunden hat, um sich seine
691 3063 1617 3128 neue Weste nicht zu beschmutzen. Da schreibt
695 3105 1605 3157 ein halbverrückter Schulmeister sich seine Ein¬
700 3147 1601 3206 fälle ins Gesicht, weil er gerade kein Papier
694 3193 1611 3251 zur Hand hat. Da wird der Dümmling Cottlieb
698 3238 1608 3290 zum Genie ausposaunt, weil er Würmer hat,
695 3277 1603 3337 und ihm der Rat erteilt, sich eine tere Katze
702 3317 1605 3388 statt der Uhr in die Westentasche zu stecken,
692 3358 1615 3422 damit man an seiner Zerstreutheit merkt, wie
704 3408 1605 3466 genial er ist. Und der Teufel selbst, der sich
695 3455 1606 3508 erfroren stellt, wird von den Naturhistorikern
702 3497 1602 3554 bald für einen Rezensenten, für eine Pastors¬
701 3540 1605 3597 tochter, für einen Blaustrumpf gehalten, bis
705 3584 1598 3631 man ihn endlich durch die Unsittlichkeit der ge¬
703 3625 1604 3675 sammelten Werke Casanovas in einen Käfig
694 3671 1597 3725 lockt, aus dem ihn dann seine Großmutter,
698 3715 1610 3774 eine blühende Frau im modischen, russischen
698 3747 1596 3815 Winteranzug, befreit. Wenn wir hinzusetzen,
701 3792 1608 3858 daß noch eine erhabene Ritterkomödie in dieses
692 3845 1601 3905 seltsame Stück eingeschachelt wird und zum
699 3884 1611 3952 Schluß nach Art der romantischen Komödien
703 3928 1601 3981 der Verfasser selbst sichtbar wird, der „ver¬
704 3968 1610 4028 maledeite Grabbe“ oder wie man ihn eigentlich
702 4018 1596 4068 nenen sollte, die „zwergigte Krabbe“, so mag
690 4063 1604 4115 man einen ungefähren Begriff bekommen von
686 4098 1605 4143 der tollen, sprühenden, sich überschlagenden Aus¬
683 4142 1601 4205 gelassenheit dieses Spiels. Grabbe macht darin
1728 256 2237 346 box 22/10
1626 479 2525 555 gepanzert sich des deutschen Parnasses an¬
1620 549 2510 596 nähme und das Gesindel in die Sümpfe zurück¬
1628 578 2512 637 triebe, aus welchen es hervorgekrochen ist!“
1619 623 2528 681 Auch der Teufel weiß erbauliche Dinge von den
1617 669 2523 713 Literaturverhältnissen in der Hölle zu erzählen.
1633 719 2512 772 Die härteste Strafe eines Verdammten besteht
1625 766 2516 823 darin, daß er die „Abendzeitung“ von Hell und
1628 802 2521 867 den „Freimütigen“ Kuhns lesen muß. Shake¬
1620 844 2524 896 speare schreibt Erläuterungen zu Franz Horn
1634 894 2523 948 (dem Düntzer dieser Zeit). Dante hat den Ernst
1630 932 2514 989 Schultze zum Fenster hinausgeschmissen, Horaz
1627 974 2520 1043 hat die Maria Stuart geheiratet und Schiller
1621 1024 2530 1079 seufzt über den Freiherrn von Auffenberg (der
1623 1066 2520 1125 damals alle historischen Ereignisse versifizierte).
1619 1112 2527 1166 Auch den Gestalten Schillers ist es schlecht genug
1629 1153 2512 1217 ergangen. So hat der Marquis Posa einen
1631 1196 2510 1269 Bierschank eröffnet mit der Aufschrift: Zur
1617 1240 1992 1303 Königin Elisabeth!
1680 1261 2516 1345 Für die bevorstehende Aufführung dieses
1610 1323 2516 1383 Stückes, das jedenfalls nicht fürs Theater ge¬
1630 1375 2516 1424 schrieben worden ist, kann man einige Befürch¬
1623 1419 2512 1473 stungen nicht unterdrücken. Es müßte in einem
1620 1456 2524 1527 rasend schnellen Tempo heruntergespielt werden
1615 1506 2516 1563 und in einem Stile, der wie ein Vorklang zum
1628 1549 2516 1603 Simplicissimus anmutet. In der Hauptsache
1615 1594 2516 1639 aber müßten ohne jede literarische Pietät die
1627 1646 2520 1700 zah'reichen Anspielungen auf die zeit¬
1627 1664 2524 1735 genössische Literatur ausgemerzt und
1620 1719 2527 1779 durch eine aktuelle, allgemeinverständliche
1625 1765 2531 1824 Satire ersetzt werden. Wir haben wahrhaftig
1619 1798 2526 1852 Schriftsteller genug, deren Similitalent den oben
1628 1848 2529 1906 erwähnten Poeten an Bedeutung nicht nachsteht.
1617 1893 2533 1960 Freilich gehört zu solcher Umarbeitung Geist und
1617 1941 1777 1995 Laune!
1676 1969 2515 2045 Mit Grabbe verglichen, sind die Marionetten¬
1627 2025 2525 2080 künste, die Schnitzler in seiner Burleske
1619 2068 2525 2135 „Zum großen Wurstel“ darbietet (Mario¬
1621 2117 2523 2172 netten, Verlag S. Fischer), zahm und maßvoll.
1620 2159 2523 2223 Daß ein Spiel durch die Zuschauer und durch
1618 2198 2520 2249 den Dichter und Direktor fortwährend unter¬
1620 2250 2523 2303 brochen wird, und daß schließlich Personen aus
1627 2292 2521 2340 einem anderen Stück auf die Bühne kommen, ist
1622 2335 2485 2378 nicht neu und von der romantischen Schule —
1621 2373 2477 2430 man denke etwa an Tiecks „Verkehrte Welt“ —
1619 2417 2525 2478 bereits weidlich ausgebeutet. Auch die Gestalt
1631 2459 2532 2511 Sudermanns, der als Räsonneur im Stücke
1615 2510 2519 2564 auftritt, ist hier ohne sonderlichen Witz verwertet.
1628 2547 2532 2594 Gleichwohl vermag man Beziehungen zwischen
1636 2594 2534 2648 Grabbes „Scherz, Satire, Ironie“ und diesem
1626 2635 2528 2692 Wurstlspiel zu entdecken. Beidemal ist es der
1624 2680 2522 2739 Genius der Literatur, der sich gegen das ge¬
1633 2724 2532 2803 schwollene Pathos der hohen Tragödie empört.
2004 2772 2522 2860 Dr. Hans Landsbers-
2540 534 2616 591 2
